1991 3006
670 159 764 192 DIST.
783 159 845 191 XL.
868 159 958 190 ART.
980 159 1003 190 1.
1028 159 1175 197 QUAEST.
1200 160 1251 192 111.

164 228 233 257 tum
249 226 386 266 gradum
399 228 501 267 posset
517 227 646 265 fugiens
659 227 801 258 revocari
814 227 852 257 ad
864 227 932 257 vin-

164 280 287 317 culum,
307 283 409 320 posset
428 281 524 311 etiam
543 280 748 311 confoederari
762 280 931 310 inimicus:

163 338 290 375 propter
315 345 410 375 quam
443 336 611 366 utilitatem
635 336 763 366 decebat
786 336 823 375 (a)
850 335 933 365 Pou-

162 389 279 419 tifieem
302 398 480 427 summum,
501 392 649 419 manente
669 389 766 429 priori
791 389 932 428 prohihi-

162 441 256 479 tione,
271 441 451 480 dispensare
465 444 512 472 :et
527 451 601 472 cum
613 443 672 472 ista
685 442 804 473 utilitas
817 442 856 472 sit
873 442 934 472 fre-

161 494 379 533 quentissima,
389 495 468 525 utile
478 495 536 525 fuit
546 498 582 525 ut
592 496 680 526 fieret
688 497 741 535 Ι1115
750 504 931 525 commune.

161 546 278 583 Quarto
297 556 373 578 vero
388 548 445 578 fuit
459 557 584 578 necesse
601 551 727 587 propter
742 548 932 587 periculum,

113 637 115 639 ι
161 600 313 640 quoniam
336 603 463 639 propter
479 601 716 631 multitudinem
736 603 934 640 consangui-

71 2530 121 2551 uase

160 662 308 691 neorum,
331 656 362 683 et
384 654 571 683 brevitatem
593 654 734 691 dierum,
757 655 813 685 vix
833 657 934 694 potest

160 707 274 746 aliquis
300 710 484 746 computare
503 708 759 747 consanguineos
776 718 877 748 usque
895 709 934 739 ad

159 760 332 800 septimum
344 761 481 799 gradum
496 772 502 789 z
521 762 604 791 etita
621 762 663 791 ibi
679 762 857 792 maximum
874 772 931 802 pe-

160 813 296 844 riculum
312 823 319 843 ε
338 816 368 844 et
382 814 635 853 frequentissime
648 816 853 854 contingebat
870 815 936 846 ho-

159 867 261 897 mmes
280 867 377 906 jungi
399 867 479 897 infra
503 868 622 906 gradus
643 868 846 907 prohibittos,
873 870 936 900 imo

158 920 214 951 vix
229 922 350 960 poterat
364 921 477 960 aliquis
492 921 638 952 evadere:
656 923 685 951 et
708 921 777 951 ideo
799 923 938 962 oportuit

159 973 246 1013 prius
267 976 421 1004 statutum
446 977 625 1004 retractare.
646 974 719 1005 Tale
747 976 934 1014 periculum,

158 1027 209 1058 vel
225 1027 293 1057 talis
307 1027 485 1065 necessitas,
502 1037 565 1057 non
581 1028 639 1057 fuit
660 1030 800 1068 tempore
830 1028 934 1060 Eccle-

159 1080 213 1110 siae
227 1080 410 1119 primitivae,
426 1082 494 1110 tum
510 1080 586 1119 quia
600 1081 745 1111 homines
759 1084 848 1112 erant
862 1082 928 1112 1011-

158 1133 257 1172 gioris
272 1134 361 1171 vitae,
386 1136 453 1164 tum
469 1134 543 1173 quia
558 1134 687 1164 minoris
702 1136 927 1173 generationis,

159 1197 245 1218 nunc
272 1189 379 1217 autem
401 1187 498 1218 crevit
526 1187 559 1217 in
584 1187 767 1217 hominihus
792 1189 933 1228 potentia

158 1241 287 1272 virtutis
303 1240 478 1276 nutritivae,
495 1243 525 1270 et
539 1242 745 1278 augmentata
760 1243 805 1271 est
823 1245 933 1282 poten—

159 1295 203 1324 tia
221 1294 350 1324 virtutis
364 1293 557 1332 generativae
576 1296 702 1333 propter
718 1294 876 1325 fervorem
896 1296 933 1326 li-

159 1347 293 1385 bidinis,
310 1347 365 1386 qui
383 1347 472 1385 viget
486 1356 570 1377 nunc
594 1347 626 1376 in
641 1347 842 1386 hominihus,
857 1350 933 1380 adeo

159 1401 244 1440 quod
261 1400 436 1431 secundum
449 1409 652 1430 communem
663 1410 790 1431 cursum
807 1405 935 1441 possent

159 1454 303 1484 homines
339 1454 380 1483 ita
409 1453 630 1492 multiplicari,
663 1454 746 1492 quod
780 1454 862 1484 ultra
897 1456 931 1494 (b)

159 1509 309 1546 quartum
323 1505 476 1544 gradum,
490 1506 608 1535 nedum
620 1515 721 1545 usque
732 1506 770 1536 ad
784 1509 933 1538 octavum

160 1562 215 1592 vix
236 1561 392 1591 inveniret
410 1560 524 1600 aliquis
545 1569 618 1589 011111
642 1569 704 1599 qua
720 1561 931 1592 contraheret.

160 1614 198 1645 Et
212 1614 289 1645 illud
308 1616 392 1653 patet
406 1614 443 1644 ad
459 1613 602 1643 oculum:
615 1613 761 1652 possibile
774 1614 859 1644 enim
874 1617 931 1649 est,

160 1667 244 1707 quod
257 1667 372 1707 aliquis
385 1668 517 1706 generet
532 1666 659 1704 viginti,
676 1668 705 1696 ot
720 1667 835 1697 iterum
848 1668 933 1707 quod

160 1720 273 1760 aliquis
293 1721 423 1759 generet
440 1721 520 1749 tres:
546 1728 631 1749 nunc
651 1728 807 1758 ponamus
820 1729 932 1751 secun-

161 1774 237 1804 dum
251 1782 456 1804 communem
472 1782 601 1803 cursum
611 1797 620 1811 ,
636 1773 721 1812 quod
734 1776 864 1812 generet
878 1775 932 1805 de-

160 1836 227 1858 cem
240 1827 286 1866 (c),
300 1829 330 1857 et
348 1827 391 1857 illi
404 1827 511 1857 decem
525 1827 602 1857 alios
615 1827 733 1864 decem,
746 1827 780 1857 in
795 1829 932 1859 secundo

160 1880 263 1919 gradu
273 1882 367 1910 erunt
379 1882 519 1917 eentum,
531 1880 564 1909 in
575 1881 666 1910 tertio
681 1880 778 1917 mille,
795 1881 828 1911 in
839 1891 932 1921 quar—

160 1936 191 1964 to
207 1934 314 1964 decem
330 1933 429 1963 millia
443 1944 449 1963 :
468 1936 498 1963 et
511 1933 552 1963 ita
567 1933 648 1963 infra
662 1936 798 1972 quatuor
814 1936 933 1973 gradus

159 1986 289 2017 haberet
311 1986 427 2025 aliquis
449 1986 705 2025 consanguineos
724 1987 757 2017 in
771 1997 835 2018 una
850 1989 932 2020 linea

160 2040 307 2070 undecim
325 2039 425 2070 millia
437 2042 563 2070 centum
575 2064 582 2077 ,
599 2042 628 2069 et
640 2040 787 2070 undecim
802 2042 931 2074 totidem

160 2093 193 2123 in
214 2092 297 2123 linea
314 2093 517 2129 ascendente,
535 2095 565 2123 et
580 2093 708 2123 totidem
724 2094 931 2127 111110115νο1-

160 2145 236 2176 sali:
259 2155 337 2185 ergo
357 2145 534 2176 secundum
561 2148 707 2176 naturam
730 2146 859 2179 haberet
874 2151 929 2180 tri-

161 2199 250 2237 ginta
271 2199 330 2229 tria
357 2199 454 2229 millia
479 2201 509 2229 et
531 2201 685 2229 trecentos
711 2200 845 2238 triginta
869 2205 931 2233 tres

161 2252 427 2290 consanguineos·
444 2252 479 2282 Et
501 2252 543 2282 sic
560 2253 593 2282 in
616 2262 680 2283 uua
698 2254 797 2292 patria
813 2264 932 2295 magna

162 2305 216 2336 vix
233 2305 389 2336 inveniret
405 2315 478 2336 cum
493 2315 556 2345 qua
580 2306 779 2337 contraheret
795 2308 877 2339 ultra
893 2310 929 2349 (b)

162 2361 311 2398 quartum
338 2359 492 2397 gradum:
512 2362 629 2398 quanto
651 2360 754 2399 magle
775 2371 874 2401 usque
892 2364 931 2394 ad

163 2411 309 2440 octavum
325 2413 330 2439 l
349 2409 386 2440 Et
401 2410 443 2439 ita
458 2412 585 2449 propter
600 2410 777 2449 periculum
792 2414 931 2452 oportuit

162 2463 304 2494 revocari
319 2463 395 2494 illud
411 2465 577 2497 statutum,
591 2465 621 2493 et
633 2463 693 2493 hoc
704 2464 820 2495 seilicet
830 2475 931 2506 usque

163 2515 201 2546 ad
229 2517 380 2555 quartum
404 2516 541 2555 gradum
562 2518 719 2547 statuere:
745 2520 775 2548 et
796 2519 854 2548 ista
873 2519 931 2549 suit

194 2597 228 2627 (a)
245 2597 306 2620 Coet.
322 2596 381 2621 edit.
400 2597 547 2621 dicebat.-—
563 2597 595 2627 (la)
613 2604 692 2628 usque
706 2598 786 2621 ξω.-
802 2600 830 2629 (r)
847 2602 929 2624 omztt.

161 2634 236 2662 repet.
253 2639 301 2656 voc.
318 2632 415 2656 decem.
428 2646 457 2650 —
470 2633 502 2662 (dn
519 2634 581 2656 Coet.
594 2633 654 2656 edit.
671 2636 794 2664 tempora.

279 2686 351 2708 1011.
376 2686 418 2708 vi.

1698 166 1756 195 417

990 227 1153 267 potissima
1175 228 1268 265 ratio,
1294 237 1392 268 quare
1413 230 1573 260 mutatum
1595 231 1657 267 est,
1678 230 1758 261 sicut
1790 238 1865 261 quarta

1774 268 1880 294 potissima

990 290 1137 320 expresse
1162 281 1277 311 d'1citur
1299 282 1331 311 in
1355 282 1501 313 decretali
1524 282 1606 313 edita
1629 283 1661 313 in
1678 282 1757 314 Con-

990 333 1061 363 cilio
1075 333 1227 371 genemli,
1240 334 1294 364 uhi
1307 334 1421 366 dicitur
1436 345 1501 366 non
1515 336 1760 376 reprehensibile

989 387 1134 425 Judicnri,
1152 387 1177 416 si
1192 387 1366 418 secundum
1383 389 1566 419 varietatem
1581 391 1761 429 temporum

991 442 1110 470 statuta
1130 450 1256 480 quoque
1272 441 1437 472 varientur
1453 442 1604 481 humana,
1627 452 1760 482 praeser-

991 494 1048 523 tim
1064 503 1136 524 cum
1151 503 1271 533 urgens
1286 495 1454 525 necessitas
1466 519 1473 532 ,
1490 496 1540 526 vel
1555 496 1683 527 evidens
1698 497 1761 527 uti-

992 546 1061 576 litas
1082 547 1141 577 11οο
1165 548 1324 586 exposcit:
1351 548 1411 578 1100
1439 550 1547 578 autem
1571 558 1635 580 non
1660 549 1762 580 solum

992 600 1157 630 necessitas
1177 601 1379 639 exposcebat,
1401 601 1454 631 sed
1476 604 1506 632 et
1522 602 1638 633 utilitas
1658 603 1763 643 requi-

992 653 1090 690 rebat,
1109 655 1139 683 et
1153 653 1259 683 aderat
1274 654 1457 692 congruitas
1472 657 1502 684 et
1518 658 1672 694 potestas:
1694 657 1763 688 ideo

988 707 1074 745 juste
1100 715 1198 745 usque
1221 706 1259 737 ad
1281 709 1431 746 quartum
1457 708 1595 746 gradum
1618 709 1763 749 impediri

993 759 1233 789 matrimonium
1254 760 1426 791 rectissime
1446 763 1476 791 et
1497 761 1760 801 irreprehensibi-

993 812 1063 842 liter
1078 813 1187 842 statuit
1201 815 1232 843 et
1246 813 1403 844 ordinavit
1417 813 1563 845 Ecclesia.

1034 868 1062 896 1.
1089 866 1137 896 Ad
1161 866 1236 896 illud
1259 866 1343 905 quod
1365 866 1513 906 objicitur
1532 868 1569 898 de
1593 868 1761 909 Gregorio,

993 919 1160 950 dicendum
1176 920 1260 959 quod
1275 920 1501 951 rationabiliter
1515 921 1593 952 illud
1609 924 1763 953 statutum

994 972 1050 1002 suit
1061 975 1201 1012 tempore
1212 982 1280 1010 5110,
1294 975 1324 1003 et
1337 982 1401 1003 non
1415 974 1521 1004 minus
1535 975 1763 1006 rationabiliter

993 1028 1175 1056 revocatum
1191 1028 1334 1065 tempore
1346 1027 1513 1066 moderno;
1530 1037 1587 1058 nec
1602 1029 1660 1059 tuit
1674 1038 1763 1060 revo-

992 1081 1097 1109 catum
1117 1079 1191 1118 quia
1211 1082 1293 1110 esset
1317 1080 1397 1110 male
1421 1083 1594 1119 statutum,
1616 1082 1670 1113 sed
1686 1083 1762 1122 quia

991 1132 1075 1171 quod
1093 1132 1291 1170 congruebat
1305 1133 1439 1172 tempori
1452 1134 1492 1173 (d)
1510 1135 1682 1173 primitivo,
1698 1145 1763 1166 non

991 1185 1188 1224 congruebat.
1213 1186 1307 1216 statui
1329 1189 1436 1217 nostro
1457 1190 1584 1227 propter
1607 1189 1762 1228 majorem

990 1238 1272 1278 imperfectionem,
1284 1248 1356 1278 quae
1368 1242 1415 1270 est
1429 1241 1463 1270 in
1478 1241 1579 1279 nohis,
1592 1243 1623 1271 et
1634 1244 1761 1282 propter

991 1293 1113 1330 majora
1132 1291 1282 1330 pericula.

1034 1346 1062 1374 02.
1082 1344 1128 1375 Ad
1150 1345 1228 1375 illud
1250 1345 1334 1384 quod
1354 1346 1513 1385 objicitur,
1532 1348 1616 1386 quod
1637 1357 1701 1379 11011
1715 1352 1761 1380 est

989 1398 1270 1436 retroeedendum,
1293 1399 1460 1429 dicendum
1480 1401 1563 1439 quod
1583 1410 1696 1432 verum
1715 1405 1760 1433 est

990 1451 1021 1480 in
1046 1451 1095 1481 1115
1122 1460 1194 1490 quae
1217 1453 1292 1481 sunt
1313 1452 1526 1491 perfectionis3
1552 1454 1606 1484 sed
1629 1464 1666 1485 ea
1689 1465 1760 1495 quae

989 1506 1063 1534 sunt
1083 1504 1213 1542 rigoris⁷
1239 1505 1409 1543 temperari
1429 1509 1560 1545 possunt
1580 1510 1611 1537 et
1632 1508 1757 1540 debent.

989 1556 1043 1588 Vel
1065 1556 1250 1594 dicendum,
1271 1559 1301 1587 et
1323 1557 1453 1595 melius,
1469 1559 1554 1598 quod
1569 1561 1759 1592 condescen-

988 1610 1061 1640 dere
1079 1612 1201 1649 oportet
1222 1610 1414 1648 inm-mitam
1438 1615 1468 1641 et
1489 1613 1545 1642 ubi
1564 1623 1628 1644 non
1646 1624 1757 1654 possu-

988 1674 1059 1695 mus
1085 1673 1142 1694 nos
1171 1665 1316 1704 erigere,
1343 1667 1518 1698 necessario
1552 1672 1674 1709 oportet
1701 1679 1759 1701 nos

988 1718 1156 1748 humiliare
1186 1720 1216 1748 et
1247 1717 1422 1757 inclinare3
1454 1723 1484 1750 et
1512 1721 1599 1759 ideo,
1631 1726 1759 1764 propter

986 1771 1257 1811 imperfectionem
1282 1771 1471 1810 hominum,
1500 1776 1655 1806 statutum
1679 1777 1758 1808 illud

986 1825 1127 1864 oportuit
1140 1827 1337 1864 temperare:
1359 1826 1442 1856 unde
1461 1836 1574 1858 verum
1593 1831 1650 1867 est,
1673 1831 1757 1870 quod

987 1888 1050 1909 11011
1079 1880 1125 1908 est
1158 1878 1442 1917 retrocedendum,
1475 1881 1529 1911 sed
1556 1884 1663 1913 tamen
1696 1884 1755 1914 im-

987 1932 1209 1971 perfectionem
1240 1931 1408 1962 hominum
1437 1933 1570 1965 tolerare
1602 1939 1753 1976 opportu—

986 1996 1076 2017 1111111.

1027 2043 1055 2071 3.
1075 2039 1118 2070 Ad
1140 2039 1217 2070 illud
1240 2040 1325 2079 quod
1343 2040 1492 2079 objicitur
1512 2041 1549 2072 de
1575 2042 1756 2076 dilatatione

986 2094 1161 2131 charitatis,
1183 2092 1352 2123 dicendum
1374 2093 1458 2132 quod
1482 2093 1535 2124 illa
1555 2097 1634 2127 ratio
1652 2099 1756 2137 potius

985 2150 1033 2177 est
1057 2147 1096 2177 ad
1121 2145 1317 2186 oppositum,
1347 2156 1444 2186 quam
1467 2148 1505 2178 ad
1530 2151 1752 2189 propositum:

986 2202 1062 2241 quia
1074 2201 1158 2232 enim
1176 2200 1312 2230 charitas
1330 2201 1435 2231 minus
1457 2210 1489 2231 se
1508 2203 1661 2243 extendit⁷
1685 2205 1754 2236 ideo

986 2255 1078 2285 eitius
1101 2254 1238 2293 oportuit
1263 2254 1290 2284 ei
1315 2254 1456 2284 succurri
1483 2257 1512 2285 et
1535 2256 1699 2296 adjuvari,
1726 2262 1755 2289 et

986 2306 1150 2346 proximus
1171 2306 1210 2336 ab
1231 2315 1338 2336 amore
1358 2307 1449 2337 citius
1463 2307 1560 2347 sugit,
1581 2311 1611 2339 et
1626 2309 1695 2341 ideo
1710 2312 1752 2341 01-

986 2361 1048 2390 tius
1063 2362 1109 2390 est
1123 2360 1329 2390 revocandus.

1025 2415 1054 2443 4.
1074 2412 1119 2442 Ad
1135 2412 1212 2442 illud
1226 2413 1309 2451 quod
1325 2413 1480 2452 objicitur,
1498 2416 1583 2454 quod
1599 2419 1752 2456 inaj0re1n

987 2467 1103 2497 habent
1118 2466 1224 2496 fideles
1244 2466 1382 2505 copiam,
1404 2467 1572 2499 dicendum
1593 2471 1676 2510 quod
1698 2481 1752 2502 ve-

985 2528 1058 2549 rum
1082 2520 1145 2557 est,
1169 2519 1194 2549 si
1216 2519 1505 2559 multiplicarentur
1528 2532 1688 2562 personae,
1712 2525 1755 2555 ita

986 2572 1069 2612 quod
1095 2582 1155 2602 uon
1183 2572 1469 2612 multiplicarentur
1497 2577 1750 2615 consanguinei:

987 2627 1045 2656 1100
1057 2629 1161 2656 autem
1176 2636 1239 2656 11011
1252 2629 1298 2657 est
1310 2636 1439 2666 verum;
1455 2631 1485 2658 et
1497 2629 1566 2659 ideo
1578 2630 1658 2660 sicut
1669 2639 1751 2661 cres-

1598 2687 1634 2714 :27
