1991 3006
578 226 673 257 DIST.
697 224 802 256 XXIII.
827 222 915 254 AnT.
940 222 963 252 Ι.
988 221 1134 259 QUAEST.
1160 221 1210 251 IV.

99 293 228 323 nitatem
244 293 315 323 facit
327 300 346 323 ¹.
369 292 429 324 Sed
443 293 502 323 hoc
517 294 750 323 sacramentum
765 290 866 330 Spiri-

100 347 151 375 tus
165 347 293 375 sanctus
308 346 444 376 instituit
458 354 513 385 per
528 345 693 384 Apostolos
704 368 712 381 ,
730 343 785 383 qui
800 351 865 372 non

100 400 243 437 poterant
264 398 457 428 sanctificare
480 397 541 427 nisi
566 406 622 436 per
644 397 766 427 Deum:
797 395 866 426 ideo

100 450 232 480 materia
256 453 301 480 est
326 459 390 480 non
416 450 549 489 simplex
576 450 787 484 elementum,
815 447 866 477 sed

101 503 205 533 oleum
226 512 281 542 per
300 503 433 533 verbum
456 505 485 533 et
509 503 739 533 invocationem
763 501 866 531 Sancti

101 555 236 595 Spiritus
244 558 475 585 consecratum:
485 558 515 585 et
526 555 585 586 hoc
596 556 796 594 perverbum
804 554 866 592 epi-

100 617 277 647 scoporum,
288 608 343 647 qui
354 610 427 638 sunt
439 617 632 638 successores
641 608 866 647 apostolorum,

101 663 136 690 ut
150 660 229 690 sicut
245 660 380 699 Spiritus
396 663 520 691 sanctus
535 661 670 691 instituit
683 670 738 700 per
748 663 868 700 aposto-

100 713 157 748 los,
170 713 213 743 sic
225 713 319 743 etiam
328 722 413 743 nunc
424 714 615 744 consecratio
626 715 681 744 fiat
693 715 730 753 (a)
741 722 797 753 per
807 714 869 752 epi-

100 774 220 805 scopos
233 766 258 795 A
271 768 359 805 parte
374 766 445 796 finis
459 767 596 797 sumitur
606 767 696 804 ratio,
714 766 867 806 quoniam

100 818 150 848 hic
179 819 270 849 datur
299 819 402 858 gratia
430 829 545 849 sanans
574 819 744 859 languores
775 819 866 858 spiri-

101 871 208 908 tuales,
227 874 257 902 et
269 871 362 902 datur
374 872 476 910 gratia
490 872 638 903 ordinans
651 873 688 903 ad
702 873 867 902 sanitatem

100 924 287 963 perfectam,
314 934 385 964 quae
411 925 539 964 quidem
564 927 610 955 est
634 925 769 963 gloriae:
799 924 868 954 ideo

101 977 191 1007 debet
201 978 319 1016 signari
335 987 390 1017 per
400 978 516 1015 oleum7
531 978 617 1017 quod
631 980 676 1007 est
688 978 867 1008 curativum

101 1030 222 1060 ratione
241 1031 432 1068 curationis3
450 1033 480 1061 et
502 1040 557 1070 per
578 1032 683 1061 oleum
704 1040 868 1061 consecra—

102 1084 182 1119 tum,
193 1083 314 1113 ratione
323 1083 528 1114 ordinationis
538 1084 575 1114 ad
582 1085 868 1123 supereminentem

101 1136 296 1166 curationem
311 1146 317 1170 3
348 1138 378 1165 et
404 1145 459 1175 per
488 1136 594 1166 oleum
622 1137 756 1175 simplex
767 1160 776 1174 ,
805 1146 869 1167 non

100 1189 294 1228 permixtum
305 1213 312 1225 ,
338 1190 412 1228 quia
427 1189 464 1219 ad
482 1190 662 1227 ingressum
678 1190 710 1219 in
732 1190 867 1228 gloriam

98 1242 273 1282 requiritur
294 1244 324 1272 et
349 1242 463 1272 sufficit
490 1243 572 1272 hona
597 1242 797 1273 conscientia.
814 1242 869 1272 His

99 1295 185 1332 visis
201 1296 288 1326 facile
303 1299 348 1326 est
362 1295 485 1326 solvere
501 1295 539 1325 ad
555 1296 687 1334 objecta.

144 1351 169 1377 1.
193 1348 241 1378 Ad
260 1348 338 1379 illud
359 1349 443 1379 enim
464 1349 548 1387 quod
568 1348 713 1387 objicitur
729 1348 766 1378 de
782 1358 867 1378 coni-

100 1399 253 1431 munItate
275 1401 457 1439 medicinae⁷
483 1401 650 1432 dicendum
675 1402 758 1440 quod
787 1402 867 1432 istud

99 1463 162 1483 non
183 1456 228 1484 est
249 1456 480 1484 sacramentum
498 1454 707 1491 necessitatis,
731 1457 761 1484 et
778 1464 870 1494 prop-

98 1510 182 1537 terea
194 1507 355 1537 modicum
370 1507 408 1537 de
423 1507 588 1543 elemento,
605 1507 720 1537 scilicet
735 1507 772 1537 de
787 1507 867 1544 oleo,

98 1561 211 1591 sufficit
229 1571 235 1590 z
253 1563 283 1591 et
305 1561 364 1591 hoc
389 1562 490 1599 potest
512 1560 630 1599 ubique
651 1560 795 1590 locorum
812 1560 866 1590 ha-

98 1613 183 1651 beri,
209 1616 239 1644 et
260 1613 329 1643 ideo
352 1622 415 1643 non
446 1615 493 1643 est
521 1613 698 1652 periculum
728 1614 866 1653 aliquod.

99 1666 254 1697 Praeterea
276 1666 402 1696 evitatio
428 1666 556 1705 periculi
580 1675 645 1696 non
669 1666 759 1696 debet
784 1676 869 1706 prae-

96 1719 236 1757 judicare
252 1719 401 1757 dignitati
418 1721 447 1748 et
460 1719 651 1757 congruitati
668 1721 867 1750 sacramenti.

138 1775 167 1802 ⁶2.
200 1773 247 1803 Ad
269 1773 345 1802 illud
375 1781 454 1811 ergo
482 1773 567 1812 quod
589 1773 758 1812 objicitur7
782 1774 869 1812 quod

98 1826 224 1856 deberet
240 1826 363 1856 misceri
378 1835 449 1856 cum
472 1826 629 1863 balsamo,
653 1827 733 1857 sicut
748 1827 779 1856 in
798 1836 869 1857 con-

98 1879 296 1917 firmatione;
317 1879 485 1909 dicendum
503 1879 586 1918 quod
603 1888 667 1908 non
686 1881 732 1909 est
748 1880 866 1915 simile,

99 1932 173 1970 quia
187 1932 218 1961 in
240 1932 478 1962 confirmatione
497 1932 590 1961 datur
610 1932 711 1970 gratia
732 1932 770 1962 ad
791 1942 871 1971 pug-

99 1985 240 2015 nandum
255 1985 288 2014 in
304 1985 379 2022 vita,
395 1994 450 2024 per
464 1994 560 2024 quam
571 1987 693 2024 oportet
705 1986 870 2016 ambulare

99 2046 163 2068 non
178 2037 280 2068 solum
295 2037 468 2068 secundum
488 2037 675 2077 placentiam
693 2038 731 2067 ad
750 2037 867 2076 Deum,

100 2100 212 2122 verum
225 2091 318 2122 etiam
332 2091 371 2121 ad
388 2091 581 2130 proximum.
597 2091 657 2121 Sed
674 2091 706 2121 in
720 2093 870 2123 unctione

99 2145 191 2175 datur
218 2144 322 2183 gratia
349 2145 387 2174 ad
416 2145 627 2175 resistendum
656 2145 779 2176 diabolo
792 2170 800 2183 ,
830 2156 869 2177 ne

99 2197 197 2237 possit
212 2197 363 2234 detinere,
380 2199 410 2227 et
425 2198 463 2227 ad
479 2198 538 2227 hoc
553 2207 616 2227 non
633 2201 677 2228 est
695 2200 869 2229 necessaria

100 2250 197 2287 fama,
224 2250 277 2280 sed
299 2250 381 2280 bona
403 2250 593 2280 conscientia
614 2261 619 2280 :
651 2254 681 2281 et
707 2252 782 2290 quia
807 2253 870 2282 bal-

100 2311 224 2333 samum
251 2303 459 2333 aromatizans
486 2302 646 2341 significat
675 2304 790 2334 honam
823 2306 867 2335 sa-

100 2365 201 2394 mam,
217 2359 248 2387 et
261 2357 366 2387 oleum
382 2356 484 2387 nitens
500 2356 615 2386 bonam
631 2357 865 2390 conscientiam.

98 2409 186 2447 ideo,
202 2412 261 2440 etc.

138 2465 166 2492 3.
190 2462 238 2493 Ad
258 2462 335 2492 illud
355 2462 440 2502 quod
461 2462 625 2501 objicitur,
647 2463 730 2501 quod
747 2463 868 2494 Eucha-

97 2515 185 2545 ristia
204 2524 267 2546 non
282 2515 403 2553 indiget
421 2515 482 2545 alia
496 2515 728 2545 consecratione
739 2539 747 2553 ‚
765 2517 868 2547 dicen—

129 2578 134 2590 “
153 2577 232 2607 Hujus
253 2577 311 2600 dicti
333 2577 472 2600 doctrinam
492 2576 578 2600 videre
599 2578 636 2599 est
658 2577 682 2600 tu
701 2577 794 2601 Concz'l.
814 2579 866 2602 sive

97 2612 214 2636 Concoml.
225 2625 254 2628 —
269 2612 277 2627 ²
289 2612 328 2641 Cs.
345 2613 370 2634 S.
385 2612 491 2639 Tironi„
509 2612 533 2634 in
548 2611 635 2642 Sulipl.
652 2619 676 2642 p.
694 2613 723 2635 ΙΙΙ
734 2631 740 2641 ,
755 2620 779 2643 q.
795 2620 866 2645 xxix,

96 2650 143 2671 art.
160 2649 185 2677 Ἲς
199 2649 221 2670 et
238 2647 267 2669 iv
285 2647 362 2675 sont,
376 2646 432 2670 dist.
448 2653 522 2675 xxm,
541 2655 566 2677 q.
584 2653 599 2670 i.
613 2649 658 2670 art.
677 2649 701 2676 43
717 2648 866 2680 Hiuhardm,

98 2683 128 2707 [V
149 2684 227 2713 Sunt„
242 2683 298 2706 drst.
316 2688 392 2711 uni,
410 2689 434 2713 q.
451 2688 492 2712 ivg
509 2683 596 2713 steph.
619 2683 723 2713 Brulet„
740 2684 770 2707 lv
787 2687 866 2716 sent„

1632 220 1688 250 ¹39

920 288 997 319 dum
1024 288 1108 328 quod
1129 296 1193 317 non
1219 289 1265 317 est
1288 287 1403 324 simile,
1436 288 1505 317 tum
1535 295 1574 316 ex
1602 287 1689 325 parte

921 342 1121 378 instituentis,
1138 343 1208 370 tum
1222 349 1262 370 ex
1274 342 1360 378 parte
1372 340 1455 375 finis,
1468 341 1503 369 ut
1514 339 1619 369 visum
1631 341 1687 368 est.

960 398 990 425 Ji.
1015 395 1060 425 Ad
1085 393 1160 424 illud
1175 392 1258 432 quod
1283 392 1448 431 objicitur,
1465 392 1549 432 quod
1570 391 1602 421 in
1622 391 1690 421 oleo

922 457 985 478 non
1011 449 1209 481 consecrato,
1233 445 1329 475 sitiat
1353 445 1475 482 unctio,
1501 448 1546 474 est
1572 444 1692 483 signifi-

922 502 1002 532 catio
1017 503 1047 531 et
1062 500 1275 536 sanctificatio,
1297 498 1464 528 dicendum
1479 497 1562 537 quod
1576 497 1690 527 salsum

922 557 978 584 est.
997 554 1102 584 Primo
1113 553 1199 583 enim
1213 551 1316 582 deficit
1326 550 1526 589 significatio,
1539 559 1610 589 quae
1625 559 1691 580 non

923 610 1047 638 tantum
1064 606 1165 645 exigit
1181 603 1493 644 repraesentationem
1505 627 1513 640 ,
1530 603 1583 632 sed
1598 603 1692 632 etiam

923 660 1152 691 institutionem
1168 669 1174 688 z
1188 658 1231 688 sio
1242 660 1347 687 autem
1361 656 1541 686 institutum
1555 657 1601 685 est
1611 656 1690 685 fieri.

924 713 1068 744 Secundo
1084 711 1186 742 deficit
1202 709 1416 745 sanctificatio,
1433 708 1507 747 quia
1522 717 1584 737 non
1598 707 1694 737 habet

924 766 1057 797 verbum
1074 763 1261 800 efficaciam,
1287 762 1346 791 nisi
1372 761 1489 791 habeat
1513 762 1693 799 competens

924 818 1128 848 elementum.

964 872 992 900 5.
1016 870 1064 900 Ad
1086 869 1162 900 illud
1186 868 1268 908 qnod
1293 867 1455 906 objicitur,
1480 865 1564 905 quod
1588 865 1693 895 oleum

924 924 1142 953 consecratum
1167 923 1213 952 est
1241 921 1496 956 sacramentum,
1527 918 1694 948 dicendum

924 976 1009 1016 quod
1033 975 1159 1015 proprie
1179 974 1339 1013 loquendo
1362 982 1426 1002 non
1450 974 1495 1002 est
1521 980 1696 1001 sacramen-

926 1032 1014 1067 tum,
1042 1029 1093 1058 sed
1122 1028 1161 1058 ad
1184 1029 1418 1057 sacramentum
1442 1025 1632 1055 ordinatum.
1660 1024 1696 1054 Et

924 1082 1003 1112 ratio
1019 1082 1117 1121 hujus
1132 1083 1196 1117 est,
1219 1080 1293 1119 quia
1308 1088 1372 1109 non
1396 1078 1489 1108 habet
1506 1087 1563 1107 nec
1582 1077 1697 1116 perfec-

924 1138 988 1165 tam
1013 1135 1298 1174 significationem,
1322 1142 1378 1162 nec
1398 1131 1693 1166 sanctificationem,

925 1197 1091 1228 quousque
1106 1187 1282 1226 applicetur
1292 1186 1433 1221 infirmo,
1450 1187 1479 1214 et
1491 1183 1697 1223 superveniat

926 1241 1127 1271 sacerdotalis
1151 1239 1250 1269 oratio
1268 1249 1274 1269 ε
1292 1241 1367 1269 tunc
1389 1238 1476 1267 enim
1497 1237 1697 1275 significatur

927 1294 1029 1333 gratia
1046 1294 1131 1323 intus
1146 1293 1317 1331 inungeuS,
1335 1293 1365 1321 et
1382 1293 1456 1320 tunc
1472 1292 1518 1320 est
1532 1290 1635 1329 primo
1651 1299 1697 1319 sa-

925 1349 1141 1383 cramentnm,
1160 1349 1188 1376 et
1213 1354 1277 1375 non
1300 1346 1392 1374 ante:
1419 1345 1450 1374 et
1473 1343 1542 1373 ideo
1565 1352 1628 1373 non
1652 1345 1698 1373 est

926 1400 1027 1430 simile
1037 1400 1075 1430 de
1089 1407 1219 1439 corpore
1234 1398 1369 1435 Domini,
1384 1397 1438 1427 uhi
1451 1397 1482 1426 in
1494 1396 1595 1436 prima
1612 1406 1698 1426 sanc-

927 1454 1094 1484 tificatione
1111 1453 1146 1483 fit
1162 1451 1344 1487 conversim
1362 1452 1392 1480 et
1408 1452 1475 1490 post
1493 1458 1556 1479 non
1572 1449 1698 1479 additur

927 1507 1053 1537 uberior
1078 1505 1208 1536 interior
1234 1503 1456 1539 sanctificatio,
1488 1511 1559 1541 quae
1580 1511 1695 1532 novam

926 1559 1102 1589 introducat
1118 1559 1283 1588 virtutem.

966 1612 1014 1643 Ad
1029 1612 1105 1642 illud
1120 1611 1206 1650 quod
1228 1610 1376 1649 objicitur
1394 1609 1477 1648 quod
1497 1608 1577 1638 sicut
1598 1617 1697 1638 sacer-

926 1666 1012 1696 dotes
1034 1666 1165 1705 possunt
1185 1673 1300 1702 corpus
1325 1662 1443 1693 Domini
1463 1662 1633 1697 conticere,
1657 1661 1697 1691 ita

926 1721 956 1748 et
978 1718 1085 1749 oleum
1110 1726 1311 1754 consecrare,
1337 1716 1503 1747 dicendum
1528 1715 1610 1754 (pind
1636 1723 1697 1744 non

927 1772 1020 1809 valet⁷
1037 1772 1111 1811 quia
1123 1773 1210 1801 tanta
1225 1773 1271 1800 est.
1286 1772 1421 1809 potestas
1432 1769 1465 1798 in
1481 1768 1633 1798 ministris
1646 1767 1699 1797 Ec-

926 1826 1049 1861 clesiae.
1068 1826 1220 1863 quantam
1246 1823 1403 1853 distribuit
1426 1822 1576 1852 Dominus
1600 1829 1698 1850 niem-

929 1878 1014 1908 bris:
1042 1886 1099 1907 nec
1122 1877 1261 1916 oportuit
1284 1877 1467 1915 potestatem
1496 1874 1698 1904 consecrandi

927 1931 1032 1961 oleum
1053 1931 1096 1961 ita
1114 1930 1344 1960 communicari
1369 1928 1600 1964 sacerdotihuS‚
1619 1927 1699 1957 sicut

927 1984 1109 2014 conficiendi
1134 1992 1248 2022 corpus
1271 1982 1382 2013 Christi
1401 1993 1407 2011 ;
1433 1981 1507 2020 qnia
1526 1989 1609 2010 unns
1628 1979 1698 2019 epi-

927 2047 1040 2078 scopus
1054 2038 1184 2067 faciliter
1200 2037 1255 2067 toti
1271 2035 1445 2075 provinciae
1464 2036 1566 2073 potest
1580 2033 1699 2063 unctio-

928 2094 975 2123 nis
990 2093 1095 2123 oleum
1117 2101 1319 2129 consecrare;
1341 2091 1394 2121 sed
1418 2099 1481 2120 non
1503 2091 1603 2129 potest
1617 2097 1697 2128 quo—

928 2146 1002 2176 tidie
1020 2146 1053 2176 in
1074 2146 1210 2185 singulis
1234 2145 1388 2185 parochiis
1403 2145 1533 2174 missam
1549 2144 1675 2173 cantare
1688 2165 1695 2177 ‚

927 2199 1008 2229 sicut
1022 2199 1118 2235 decet7
1137 2207 1209 2228 cum
1222 2198 1274 2227 illc
1290 2198 1328 2227 sit
1343 2197 1431 2236 panis
1447 2196 1652 2236 quotidianus
1667 2196 1697 2224 et

927 2251 1105 2282 communis
1120 2250 1285 2281 omnihus:
1304 2252 1334 2280 et
1348 2250 1392 2279 sic
1406 2251 1490 2289 patet
1507 2249 1601 2279 istud.

1186 2356 1363 2394 QUAESTIO
1387 2355 1435 2386 IV.

963 2439 1007 2464 An
1026 2440 1114 2470 forma
1133 2437 1208 2464 verbi
1225 2437 1261 2463 sit
1281 2437 1311 2463 de
1330 2437 1445 2463 essentia
1464 2436 1624 2462 sacramenti
1639 2439 1658 2458 2*

1715 1623 1777 1649 Resp.
1791 1624 1816 1642 ad

1714 1653 1751 1672 ult.
1777 1660 1816 1679 pro

1714 1684 1808 1703 fundam.

967 2518 1008 2548 De
1027 2518 1127 2548 forma
1147 2517 1244 2556 liujus
1267 2516 1471 2553 sacramenti3
1489 2518 1519 2546 et
1541 2515 1695 2554 quaeritnr
1711 2525 1814 2544 funda-u.

926 2602 982 2625 dist..
1006 2608 1078 2631 xxm,
1099 2609 1122 2631 q,
1141 2607 1176 2630 iv3
1196 2601 1282 2624 Pon-us
1302 2600 1332 2623 de
1352 2601 1463 2630 'ran-ant„
1480 2600 1509 2623 IV
1533 2600 1611 2627 Senl„
1635 2598 1694 2621 dist,

926 2644 1004 2667 xxiii,
1028 2646 1052 2668 ‘I—
1071 2643 1104 2661 vi.

966 2687 988 2715 a)
1002 2688 1060 2711 eret.
1072 2686 1131 2711 edit.
1143 2688 1298 2710 consecrata.
