<?xml version="1.0" encoding="UTF-8"?>
<!DOCTYPE html PUBLIC "-//W3C//DTD XHTML 1.0 Transitional//EN"
    "http://www.w3.org/TR/xhtml1/DTD/xhtml1-transitional.dtd">
<html xmlns="http://www.w3.org/1999/xhtml" xml:lang="en" lang="en">
 <head>
  <title>
</title>
<meta http-equiv="Content-Type" content="text/html;charset=utf-8" />
  <meta name='ocr-system' content='tesseract 3.04.00' />
  <meta name='ocr-capabilities' content='ocr_page ocr_carea ocr_par ocr_line ocrx_word'/>
</head>
<body>
  <div class='ocr_page' id='page_1' title='image "./operaomniasixtiv06bonauoft/operaomniasixtiv06bonauoft_0081.png"; bbox 0 0 1991 3006; ppageno 0'>
   <div class='ocr_carea' id='block_1_1' title="bbox 18 1590 125 1618">
    <p class='ocr_par' dir='ltr' id='par_1_1' title="bbox 18 1590 125 1618">
     <span class='ocr_line' id='line_1_1' title="bbox 18 1590 125 1618; baseline 0.019 -7"><span class='ocrx_word' id='word_1_1' title='bbox 18 1590 52 1611; x_wconf 74' lang='lat' dir='ltr'>Ad</span> <span class='ocrx_word' id='word_1_2' title='bbox 73 1597 125 1618; x_wconf 83' lang='lat' dir='ltr'>opp.</span> 
     </span>
    </p>
   </div>
   <div class='ocr_carea' id='block_1_2' title="bbox 562 182 1319 220">
    <p class='ocr_par' dir='ltr' id='par_1_2' title="bbox 562 182 1319 220">
     <span class='ocr_line' id='line_1_2' title="bbox 562 182 1319 220; baseline 0.003 -7"><span class='ocrx_word' id='word_1_3' title='bbox 562 182 655 213; x_wconf 69' lang='lat' dir='ltr'>DIST.</span> <span class='ocrx_word' id='word_1_4' title='bbox 679 182 741 213; x_wconf 87' lang='lat' dir='ltr'>XX.</span> <span class='ocrx_word' id='word_1_5' title='bbox 768 182 879 212; x_wconf 64' lang='lat' dir='ltr'>PAR‘I&#39;.</span> <span class='ocrx_word' id='word_1_6' title='bbox 904 183 928 214; x_wconf 89' lang='grc' dir='ltr'>Ι.</span> <span class='ocrx_word' id='word_1_7' title='bbox 950 182 1040 213; x_wconf 75' lang='lat' dir='ltr'><strong>ART.</strong></span> <span class='ocrx_word' id='word_1_8' title='bbox 1067 183 1088 213; x_wconf 86' lang='lat' dir='ltr'>I.</span> <span class='ocrx_word' id='word_1_9' title='bbox 1113 183 1260 220; x_wconf 78' lang='lat' dir='ltr'><strong>QUAEST.</strong></span> <span class='ocrx_word' id='word_1_10' title='bbox 1285 185 1319 215; x_wconf 90' lang='lat' dir='ltr'>V.</span> 
     </span>
    </p>
   </div>
   <div class='ocr_carea' id='block_1_3' title="bbox 129 249 906 1296">
    <p class='ocr_par' dir='ltr' id='par_1_3' title="bbox 129 249 900 651">
     <span class='ocr_line' id='line_1_3' title="bbox 130 249 898 289; baseline -0.001 -9"><span class='ocrx_word' id='word_1_11' title='bbox 130 249 216 289; x_wconf 91' lang='lat' dir='ltr'>quod</span> <span class='ocrx_word' id='word_1_12' title='bbox 235 249 294 280; x_wconf 89' lang='lat' dir='ltr'>hoc</span> <span class='ocrx_word' id='word_1_13' title='bbox 318 259 429 280; x_wconf 88' lang='lat' dir='ltr'>verum</span> <span class='ocrx_word' id='word_1_14' title='bbox 454 251 500 279; x_wconf 90' lang='lat' dir='ltr'>est</span> <span class='ocrx_word' id='word_1_15' title='bbox 521 250 641 279; x_wconf 59' lang='lat' dir='ltr'>crateris</span> <span class='ocrx_word' id='word_1_16' title='bbox 666 249 795 288; x_wconf 74' lang='lat' dir='ltr'>paribus</span> <span class='ocrx_word' id='word_1_17' title='bbox 814 258 822 279; x_wconf 74' lang='grc' dir='ltr'>ε</span> <span class='ocrx_word' id='word_1_18' title='bbox 846 249 898 279; x_wconf 90' lang='lat' dir='ltr'>sed</span> 
     </span>
     <span class='ocr_line' id='line_1_4' title="bbox 130 302 900 342; baseline -0.003 -8"><span class='ocrx_word' id='word_1_19' title='bbox 130 303 282 342; x_wconf 89' lang='lat' dir='ltr'>quoniam</span> <span class='ocrx_word' id='word_1_20' title='bbox 296 303 350 333; x_wconf 89' lang='lat' dir='ltr'>illa</span> <span class='ocrx_word' id='word_1_21' title='bbox 364 302 515 333; x_wconf 84' lang='lat' dir='ltr'>certitudo</span> <span class='ocrx_word' id='word_1_22' title='bbox 534 303 581 332; x_wconf 88' lang='lat' dir='ltr'>est</span> <span class='ocrx_word' id='word_1_23' title='bbox 599 311 671 332; x_wconf 91' lang='lat' dir='ltr'>cum</span> <span class='ocrx_word' id='word_1_24' title='bbox 687 302 855 332; x_wconf 81' lang='lat' dir='ltr'>afflictione</span> <span class='ocrx_word' id='word_1_25' title='bbox 870 304 900 332; x_wconf 88' lang='lat' dir='ltr'>et</span> 
     </span>
     <span class='ocr_line' id='line_1_5' title="bbox 130 355 899 395; baseline 0 -9"><span class='ocrx_word' id='word_1_26' title='bbox 130 357 354 395; x_wconf 72' lang='lat' dir='ltr'>expectationis</span> <span class='ocrx_word' id='word_1_27' title='bbox 370 355 534 389; x_wconf 77' lang='lat' dir='ltr'>dilatione3</span> <span class='ocrx_word' id='word_1_28' title='bbox 558 355 626 385; x_wconf 89' lang='lat' dir='ltr'>ideo</span> <span class='ocrx_word' id='word_1_29' title='bbox 647 357 791 385; x_wconf 88' lang='lat' dir='ltr'>nontam</span> <span class='ocrx_word' id='word_1_30' title='bbox 809 356 899 395; x_wconf 76' lang='lat' dir='ltr'>viget</span> 
     </span>
     <span class='ocr_line' id='line_1_6' title="bbox 130 407 899 447; baseline 0 -9"><span class='ocrx_word' id='word_1_31' title='bbox 130 408 173 438; x_wconf 93' lang='lat' dir='ltr'>ibi</span> <span class='ocrx_word' id='word_1_32' title='bbox 189 408 356 439; x_wconf 84' lang='lat' dir='ltr'>consolatio</span> <span class='ocrx_word' id='word_1_33' title='bbox 371 417 467 447; x_wconf 87' lang='lat' dir='ltr'>quam</span> <span class='ocrx_word' id='word_1_34' title='bbox 483 407 629 438; x_wconf 84' lang='lat' dir='ltr'>afflictio:</span> <span class='ocrx_word' id='word_1_35' title='bbox 642 410 781 438; x_wconf 88' lang='lat' dir='ltr'>attamen</span> <span class='ocrx_word' id='word_1_36' title='bbox 795 417 852 438; x_wconf 88' lang='lat' dir='ltr'>nec</span> <span class='ocrx_word' id='word_1_37' title='bbox 866 409 899 438; x_wconf 88' lang='lat' dir='ltr'>in</span> 
     </span>
     <span class='ocr_line' id='line_1_7' title="bbox 129 460 897 498; baseline -0.001 -6"><span class='ocrx_word' id='word_1_38' title='bbox 129 461 176 492; x_wconf 87' lang='lat' dir='ltr'>ira</span> <span class='ocrx_word' id='word_1_39' title='bbox 186 471 243 492; x_wconf 89' lang='lat' dir='ltr'>sua</span> <span class='ocrx_word' id='word_1_40' title='bbox 253 461 390 491; x_wconf 87' lang='lat' dir='ltr'>continet</span> <span class='ocrx_word' id='word_1_41' title='bbox 400 460 631 491; x_wconf 75' lang='lat' dir='ltr'>misericordias</span> <span class='ocrx_word' id='word_1_42' title='bbox 645 470 718 491; x_wconf 88' lang='lat' dir='ltr'>suas</span> <span class='ocrx_word' id='word_1_43' title='bbox 729 461 897 498; x_wconf 77' lang='lat' dir='ltr'>Dominus3</span> 
     </span>
     <span class='ocr_line' id='line_1_8' title="bbox 129 513 897 551; baseline -0.001 -6"><span class='ocrx_word' id='word_1_44' title='bbox 129 514 184 545; x_wconf 87' lang='lat' dir='ltr'>sed</span> <span class='ocrx_word' id='word_1_45' title='bbox 203 523 276 544; x_wconf 88' lang='lat' dir='ltr'>cum</span> <span class='ocrx_word' id='word_1_46' title='bbox 290 513 389 544; x_wconf 87' lang='lat' dir='ltr'>iratus</span> <span class='ocrx_word' id='word_1_47' title='bbox 404 516 460 551; x_wconf 89' lang='lat' dir='ltr'>est,</span> <span class='ocrx_word' id='word_1_48' title='bbox 477 514 700 544; x_wconf 84' lang='lat' dir='ltr'>misericordiae</span> <span class='ocrx_word' id='word_1_49' title='bbox 714 523 781 545; x_wconf 86' lang='lat' dir='ltr'>suae</span> <span class='ocrx_word' id='word_1_50' title='bbox 796 523 897 544; x_wconf 85' lang='lat' dir='ltr'>reme-</span> 
     </span>
     <span class='ocr_line' id='line_1_9' title="bbox 129 566 900 607; baseline 0.001 -11"><span class='ocrx_word' id='word_1_51' title='bbox 129 568 282 604; x_wconf 84' lang='lat' dir='ltr'><strong>moratur,</strong></span> <span class='ocrx_word' id='word_1_52' title='bbox 301 568 332 596; x_wconf 89' lang='lat' dir='ltr'>et</span> <span class='ocrx_word' id='word_1_53' title='bbox 346 566 550 597; x_wconf 88' lang='lat' dir='ltr'>vehementer</span> <span class='ocrx_word' id='word_1_54' title='bbox 567 567 697 597; x_wconf 86' lang='lat' dir='ltr'>afflictos</span> <span class='ocrx_word' id='word_1_55' title='bbox 712 567 818 606; x_wconf 82' lang='lat' dir='ltr'>aliqua</span> <span class='ocrx_word' id='word_1_56' title='bbox 833 568 900 607; x_wconf 85' lang='lat' dir='ltr'>spei</span> 
     </span>
     <span class='ocr_line' id='line_1_10' title="bbox 129 619 492 651; baseline -0.003 0"><span class='ocrx_word' id='word_1_57' title='bbox 129 619 316 651; x_wconf 80' lang='lat' dir='ltr'>certitudine</span> <span class='ocrx_word' id='word_1_58' title='bbox 330 619 492 650; x_wconf 79' lang='lat' dir='ltr'>refocillat.</span> 
     </span>
    </p>

    <p class='ocr_par' dir='ltr' id='par_1_4' title="bbox 129 672 906 1296">
     <span class='ocr_line' id='line_1_11' title="bbox 168 672 903 713; baseline 0 -10"><span class='ocrx_word' id='word_1_59' title='bbox 168 676 199 703; x_wconf 76' lang='lat'>4.</span> <span class='ocrx_word' id='word_1_60' title='bbox 214 673 261 703; x_wconf 91' lang='lat' dir='ltr'>Ad</span> <span class='ocrx_word' id='word_1_61' title='bbox 277 672 354 703; x_wconf 91' lang='lat' dir='ltr'>illud</span> <span class='ocrx_word' id='word_1_62' title='bbox 373 673 456 712; x_wconf 90' lang='lat' dir='ltr'>quod</span> <span class='ocrx_word' id='word_1_63' title='bbox 479 673 638 713; x_wconf 80' lang='lat' dir='ltr'>objicitur,</span> <span class='ocrx_word' id='word_1_64' title='bbox 659 673 743 713; x_wconf 87' lang='lat' dir='ltr'>quod</span> <span class='ocrx_word' id='word_1_65' title='bbox 761 673 903 704; x_wconf 88' lang='lat' dir='ltr'>ambulat</span> 
     </span>
     <span class='ocr_line' id='line_1_12' title="bbox 129 725 902 765; baseline 0 -10"><span class='ocrx_word' id='word_1_66' title='bbox 129 733 184 765; x_wconf 87' lang='lat' dir='ltr'>per</span> <span class='ocrx_word' id='word_1_67' title='bbox 205 725 317 762; x_wconf 80' lang='lat' dir='ltr'>fidem,</span> <span class='ocrx_word' id='word_1_68' title='bbox 342 734 430 764; x_wconf 76' lang='lat' dir='ltr'>ergo,</span> <span class='ocrx_word' id='word_1_69' title='bbox 453 728 525 764; x_wconf 85' lang='lat' dir='ltr'>etc.;</span> <span class='ocrx_word' id='word_1_70' title='bbox 548 726 717 757; x_wconf 86' lang='lat' dir='ltr'>dicendum</span> <span class='ocrx_word' id='word_1_71' title='bbox 737 726 820 765; x_wconf 90' lang='lat' dir='ltr'>quod</span> <span class='ocrx_word' id='word_1_72' title='bbox 844 726 902 756; x_wconf 88' lang='lat' dir='ltr'>etsi</span> 
     </span>
     <span class='ocr_line' id='line_1_13' title="bbox 129 777 904 818; baseline 0 -10"><span class='ocrx_word' id='word_1_73' title='bbox 129 787 186 817; x_wconf 91' lang='lat' dir='ltr'>per</span> <span class='ocrx_word' id='word_1_74' title='bbox 197 777 293 808; x_wconf 80' lang='lat' dir='ltr'>tidem</span> <span class='ocrx_word' id='word_1_75' title='bbox 308 777 447 808; x_wconf 82' lang='lat' dir='ltr'>ambulet</span> <span class='ocrx_word' id='word_1_76' title='bbox 461 781 618 817; x_wconf 89' lang='lat' dir='ltr'>quantum</span> <span class='ocrx_word' id='word_1_77' title='bbox 635 778 674 808; x_wconf 87' lang='lat' dir='ltr'>ad</span> <span class='ocrx_word' id='word_1_78' title='bbox 689 787 725 808; x_wconf 85' lang='lat' dir='ltr'>ea</span> <span class='ocrx_word' id='word_1_79' title='bbox 738 787 810 818; x_wconf 83' lang='lat' dir='ltr'>quae</span> <span class='ocrx_word' id='word_1_80' title='bbox 826 778 904 808; x_wconf 87' lang='lat' dir='ltr'>divi—</span> 
     </span>
     <span class='ocr_line' id='line_1_14' title="bbox 130 830 902 871; baseline 0 -11"><span class='ocrx_word' id='word_1_81' title='bbox 130 830 237 861; x_wconf 87' lang='lat' dir='ltr'>nitatis</span> <span class='ocrx_word' id='word_1_82' title='bbox 251 833 343 867; x_wconf 84' lang='lat' dir='ltr'>sunt,</span> <span class='ocrx_word' id='word_1_83' title='bbox 367 840 438 869; x_wconf 84' lang='lat' dir='ltr'>quae</span> <span class='ocrx_word' id='word_1_84' title='bbox 458 831 601 862; x_wconf 91' lang='lat' dir='ltr'>nondum</span> <span class='ocrx_word' id='word_1_85' title='bbox 624 840 680 871; x_wconf 87' lang='lat' dir='ltr'>per</span> <span class='ocrx_word' id='word_1_86' title='bbox 699 831 835 870; x_wconf 84' lang='lat' dir='ltr'>speciem</span> <span class='ocrx_word' id='word_1_87' title='bbox 850 831 902 861; x_wconf 89' lang='lat' dir='ltr'>in-</span> 
     </span>
     <span class='ocr_line' id='line_1_15' title="bbox 130 884 904 924; baseline 0 -10"><span class='ocrx_word' id='word_1_88' title='bbox 130 886 248 921; x_wconf 85' lang='lat' dir='ltr'>tuetur,</span> <span class='ocrx_word' id='word_1_89' title='bbox 264 884 473 914; x_wconf 89' lang='lat' dir='ltr'>nihilominus</span> <span class='ocrx_word' id='word_1_90' title='bbox 488 887 593 914; x_wconf 86' lang='lat' dir='ltr'>tamen</span> <span class='ocrx_word' id='word_1_91' title='bbox 606 884 712 924; x_wconf 87' lang='lat' dir='ltr'>aliqua</span> <span class='ocrx_word' id='word_1_92' title='bbox 726 887 799 914; x_wconf 88' lang='lat' dir='ltr'>sunt</span> <span class='ocrx_word' id='word_1_93' title='bbox 813 884 904 914; x_wconf 87' lang='lat' dir='ltr'>nobis</span> 
     </span>
     <span class='ocr_line' id='line_1_16' title="bbox 132 937 904 976; baseline 0 -10"><span class='ocrx_word' id='word_1_94' title='bbox 132 937 245 971; x_wconf 80' lang='lat' dir='ltr'>invisa,</span> <span class='ocrx_word' id='word_1_95' title='bbox 259 945 332 976; x_wconf 85' lang='lat' dir='ltr'>quae</span> <span class='ocrx_word' id='word_1_96' title='bbox 346 937 452 967; x_wconf 89' lang='lat' dir='ltr'>anima</span> <span class='ocrx_word' id='word_1_97' title='bbox 464 939 560 967; x_wconf 79' lang='lat' dir='ltr'>exuta</span> <span class='ocrx_word' id='word_1_98' title='bbox 572 937 661 966; x_wconf 84' lang='lat' dir='ltr'>novit</span> <span class='ocrx_word' id='word_1_99' title='bbox 676 939 827 976; x_wconf 86' lang='lat' dir='ltr'>tanquam</span> <span class='ocrx_word' id='word_1_100' title='bbox 841 946 904 967; x_wconf 85' lang='lat' dir='ltr'>cer-</span> 
     </span>
     <span class='ocr_line' id='line_1_17' title="bbox 133 990 904 1028; baseline 0 -8"><span class='ocrx_word' id='word_1_101' title='bbox 133 990 319 1026; x_wconf 66' lang='lat' dir='ltr'>tstudinalia,</span> <span class='ocrx_word' id='word_1_102' title='bbox 338 992 444 1028; x_wconf 81' lang='lat' dir='ltr'>utpote</span> <span class='ocrx_word' id='word_1_103' title='bbox 459 990 599 1020; x_wconf 86' lang='lat' dir='ltr'>divinam</span> <span class='ocrx_word' id='word_1_104' title='bbox 618 990 805 1020; x_wconf 86' lang='lat' dir='ltr'>senteutiam</span> <span class='ocrx_word' id='word_1_105' title='bbox 820 990 857 1019; x_wconf 83' lang='lat' dir='ltr'>de</span> <span class='ocrx_word' id='word_1_106' title='bbox 873 1000 904 1020; x_wconf 94' lang='lat' dir='ltr'>se</span> 
     </span>
     <span class='ocr_line' id='line_1_18' title="bbox 132 1042 902 1082; baseline 0.001 -10"><span class='ocrx_word' id='word_1_107' title='bbox 132 1042 244 1079; x_wconf 79' lang='lat' dir='ltr'>latam,</span> <span class='ocrx_word' id='word_1_108' title='bbox 264 1052 335 1082; x_wconf 82' lang='lat' dir='ltr'>quae</span> <span class='ocrx_word' id='word_1_109' title='bbox 354 1043 392 1073; x_wconf 88' lang='lat' dir='ltr'>de</span> <span class='ocrx_word' id='word_1_110' title='bbox 408 1051 601 1082; x_wconf 85' lang='lat' dir='ltr'>unoquoque</span> <span class='ocrx_word' id='word_1_111' title='bbox 617 1043 748 1073; x_wconf 88' lang='lat' dir='ltr'>homine</span> <span class='ocrx_word' id='word_1_112' title='bbox 764 1044 902 1082; x_wconf 88' lang='lat' dir='ltr'>particu-</span> 
     </span>
     <span class='ocr_line' id='line_1_19' title="bbox 132 1095 904 1135; baseline 0.001 -9"><span class='ocrx_word' id='word_1_113' title='bbox 132 1095 240 1126; x_wconf 88' lang='lat' dir='ltr'>lariter</span> <span class='ocrx_word' id='word_1_114' title='bbox 255 1097 354 1127; x_wconf 84' lang='lat' dir='ltr'>fertur</span> <span class='ocrx_word' id='word_1_115' title='bbox 366 1097 399 1126; x_wconf 91' lang='lat' dir='ltr'>in</span> <span class='ocrx_word' id='word_1_116' title='bbox 410 1097 479 1135; x_wconf 84' lang='lat' dir='ltr'>ejus</span> <span class='ocrx_word' id='word_1_117' title='bbox 490 1097 577 1127; x_wconf 75' lang='lat' dir='ltr'>exitu</span> <span class='ocrx_word' id='word_1_118' title='bbox 591 1108 597 1127; x_wconf 77' lang='lat' dir='ltr'><em>z</em></span> <span class='ocrx_word' id='word_1_119' title='bbox 611 1097 678 1127; x_wconf 84' lang='lat' dir='ltr'>haec</span> <span class='ocrx_word' id='word_1_120' title='bbox 690 1099 797 1127; x_wconf 87' lang='lat' dir='ltr'>autem</span> <span class='ocrx_word' id='word_1_121' title='bbox 810 1097 904 1127; x_wconf 82' lang='lat' dir='ltr'>fidem</span> 
     </span>
     <span class='ocr_line' id='line_1_20' title="bbox 133 1150 906 1190; baseline 0.003 -11"><span class='ocrx_word' id='word_1_122' title='bbox 133 1158 198 1179; x_wconf 91' lang='lat' dir='ltr'>non</span> <span class='ocrx_word' id='word_1_123' title='bbox 212 1152 353 1187; x_wconf 80' lang='lat' dir='ltr'>evacuat,</span> <span class='ocrx_word' id='word_1_124' title='bbox 371 1150 446 1189; x_wconf 85' lang='lat' dir='ltr'>quia</span> <span class='ocrx_word' id='word_1_125' title='bbox 461 1150 558 1180; x_wconf 88' lang='lat' dir='ltr'>credit</span> <span class='ocrx_word' id='word_1_126' title='bbox 574 1159 639 1181; x_wconf 90' lang='lat' dir='ltr'>non</span> <span class='ocrx_word' id='word_1_127' title='bbox 654 1151 837 1190; x_wconf 82' lang='lat' dir='ltr'>apparentia</span> <span class='ocrx_word' id='word_1_128' title='bbox 851 1161 856 1180; x_wconf 93' lang='lat'>:</span> <span class='ocrx_word' id='word_1_129' title='bbox 876 1153 906 1181; x_wconf 85' lang='lat' dir='ltr'>et</span> 
     </span>
     <span class='ocr_line' id='line_1_21' title="bbox 134 1202 906 1244; baseline 0.004 -12"><span class='ocrx_word' id='word_1_130' title='bbox 134 1202 172 1232; x_wconf 88' lang='lat' dir='ltr'>ad</span> <span class='ocrx_word' id='word_1_131' title='bbox 188 1202 248 1233; x_wconf 89' lang='lat' dir='ltr'>hoc</span> <span class='ocrx_word' id='word_1_132' title='bbox 269 1203 389 1242; x_wconf 81' lang='lat' dir='ltr'>indiget</span> <span class='ocrx_word' id='word_1_133' title='bbox 411 1203 586 1234; x_wconf 85' lang='lat' dir='ltr'>substantia</span> <span class='ocrx_word' id='word_1_134' title='bbox 607 1213 716 1235; x_wconf 87' lang='lat' dir='ltr'>rerum</span> <span class='ocrx_word' id='word_1_135' title='bbox 734 1205 906 1244; x_wconf 85' lang='lat' dir='ltr'>speranda-</span> 
     </span>
     <span class='ocr_line' id='line_1_22' title="bbox 134 1258 723 1296; baseline 0.005 -10"><span class='ocrx_word' id='word_1_136' title='bbox 134 1265 223 1294; x_wconf 85' lang='lat' dir='ltr'>rum,</span> <span class='ocrx_word' id='word_1_137' title='bbox 239 1259 270 1286; x_wconf 92' lang='lat' dir='ltr'>et</span> <span class='ocrx_word' id='word_1_138' title='bbox 285 1259 476 1296; x_wconf 88' lang='lat' dir='ltr'>argumento</span> <span class='ocrx_word' id='word_1_139' title='bbox 492 1267 555 1288; x_wconf 93' lang='lat' dir='ltr'>non</span> <span class='ocrx_word' id='word_1_140' title='bbox 570 1258 723 1289; x_wconf 89' lang='lat' dir='ltr'>visarum.</span> 
     </span>
    </p>
   </div>
   <div class='ocr_carea' id='block_1_4' title="bbox 401 1389 640 1427">
    <p class='ocr_par' dir='ltr' id='par_1_5' title="bbox 401 1389 640 1427">
     <span class='ocr_line' id='line_1_23' title="bbox 401 1389 640 1427; baseline -0.004 -6"><span class='ocrx_word' id='word_1_141' title='bbox 401 1389 582 1427; x_wconf 80' lang='lat' dir='ltr'><strong>QUAESTIO</strong></span> <span class='ocrx_word' id='word_1_142' title='bbox 606 1390 640 1420; x_wconf 91' lang='lat' dir='ltr'>V.</span> 
     </span>
    </p>
   </div>
   <div class='ocr_carea' id='block_1_5' title="bbox 162 1485 884 1519">
    <p class='ocr_par' dir='ltr' id='par_1_6' title="bbox 162 1485 884 1519">
     <span class='ocr_line' id='line_1_24' title="bbox 162 1485 884 1519; baseline -0.003 -8"><span class='ocrx_word' id='word_1_143' title='bbox 162 1485 208 1511; x_wconf 81' lang='lat' dir='ltr'>An</span> <span class='ocrx_word' id='word_1_144' title='bbox 223 1493 304 1519; x_wconf 72' lang='lat' dir='ltr'>poma</span> <span class='ocrx_word' id='word_1_145' title='bbox 324 1486 476 1519; x_wconf 69' lang='lat' dir='ltr'>purqatoriz‘</span> <span class='ocrx_word' id='word_1_146' title='bbox 495 1493 511 1511; x_wconf 86' lang='lat' dir='ltr'>a</span> <span class='ocrx_word' id='word_1_147' title='bbox 531 1485 687 1511; x_wconf 51' lang='lat' dir='ltr'>daemonibus</span> <span class='ocrx_word' id='word_1_148' title='bbox 708 1485 852 1518; x_wconf 67' lang='lat' dir='ltr'>instigatur</span> <span class='ocrx_word' id='word_1_149' title='bbox 867 1486 884 1509; x_wconf 32' lang='lat'>¹⁴</span> 
     </span>
    </p>
   </div>
   <div class='ocr_carea' id='block_1_6' title="bbox 139 1577 916 2463">
    <p class='ocr_par' dir='ltr' id='par_1_7' title="bbox 139 1577 911 1935">
     <span class='ocr_line' id='line_1_25' title="bbox 179 1577 907 1617; baseline 0 -9"><span class='ocrx_word' id='word_1_150' title='bbox 179 1578 321 1615; x_wconf 84' lang='lat' dir='ltr'>Quorum</span> <span class='ocrx_word' id='word_1_151' title='bbox 343 1577 518 1607; x_wconf 84' lang='lat' dir='ltr'>mInisterio</span> <span class='ocrx_word' id='word_1_152' title='bbox 539 1587 632 1617; x_wconf 83' lang='lat' dir='ltr'>poena</span> <span class='ocrx_word' id='word_1_153' title='bbox 652 1578 705 1608; x_wconf 86' lang='lat' dir='ltr'>illa</span> <span class='ocrx_word' id='word_1_154' title='bbox 724 1578 907 1616; x_wconf 85' lang='lat' dir='ltr'>infligatur;</span> 
     </span>
     <span class='ocr_line' id='line_1_26' title="bbox 139 1631 911 1671; baseline -0.001 -9"><span class='ocrx_word' id='word_1_155' title='bbox 139 1634 170 1662; x_wconf 91' lang='lat' dir='ltr'>et</span> <span class='ocrx_word' id='word_1_156' title='bbox 182 1631 266 1671; x_wconf 90' lang='lat' dir='ltr'>quod</span> <span class='ocrx_word' id='word_1_157' title='bbox 283 1631 456 1661; x_wconf 88' lang='lat' dir='ltr'>ministerio</span> <span class='ocrx_word' id='word_1_158' title='bbox 471 1631 666 1669; x_wconf 76' lang='lat' dir='ltr'>daemonum,</span> <span class='ocrx_word' id='word_1_159' title='bbox 680 1631 817 1669; x_wconf 78' lang='lat' dir='ltr'>videtur,</span> <span class='ocrx_word' id='word_1_160' title='bbox 832 1631 911 1661; x_wconf 85' lang='lat' dir='ltr'>sicut</span> 
     </span>
     <span class='ocr_line' id='line_1_27' title="bbox 140 1684 909 1722; baseline 0 -8"><span class='ocrx_word' id='word_1_161' title='bbox 140 1684 214 1715; x_wconf 89' lang='lat' dir='ltr'>dicit</span> <span class='ocrx_word' id='word_1_162' title='bbox 227 1684 407 1721; x_wconf 84' lang='lat' dir='ltr'>auctoritas,</span> <span class='ocrx_word' id='word_1_163' title='bbox 425 1685 455 1713; x_wconf 87' lang='lat' dir='ltr'>et</span> <span class='ocrx_word' id='word_1_164' title='bbox 467 1684 602 1714; x_wconf 86' lang='lat' dir='ltr'>habetur</span> <span class='ocrx_word' id='word_1_165' title='bbox 616 1684 707 1722; x_wconf 78' lang='lat' dir='ltr'>infra,</span> <span class='ocrx_word' id='word_1_166' title='bbox 724 1684 794 1714; x_wconf 79' lang='lat' dir='ltr'>dist.</span> <span class='ocrx_word' id='word_1_167' title='bbox 812 1693 909 1722; x_wconf 73' lang='lat' dir='ltr'>XLvu,</span> 
     </span>
     <span class='ocr_line' id='line_1_28' title="bbox 140 1736 909 1778; baseline 0.003 -12"><span class='ocrx_word' id='word_1_168' title='bbox 140 1737 173 1767; x_wconf 91' lang='lat' dir='ltr'>in</span> <span class='ocrx_word' id='word_1_169' title='bbox 194 1738 257 1767; x_wconf 88' lang='lat' dir='ltr'>fine</span> <span class='ocrx_word' id='word_1_170' title='bbox 274 1747 280 1767; x_wconf 83' lang='lat' dir='ltr'><strong><em>z</em></strong></span> <span class='ocrx_word' id='word_1_171' title='bbox 299 1736 398 1767; x_wconf 88' lang='lat' dir='ltr'>«Illos</span> <span class='ocrx_word' id='word_1_172' title='bbox 420 1737 582 1768; x_wconf 87' lang='lat' dir='ltr'>habebunt</span> <span class='ocrx_word' id='word_1_173' title='bbox 603 1740 736 1768; x_wconf 84' lang='lat' dir='ltr'>tortores</span> <span class='ocrx_word' id='word_1_174' title='bbox 757 1738 789 1768; x_wconf 91' lang='lat' dir='ltr'>in</span> <span class='ocrx_word' id='word_1_175' title='bbox 806 1747 909 1778; x_wconf 86' lang='lat' dir='ltr'>poena,</span> 
     </span>
     <span class='ocr_line' id='line_1_29' title="bbox 140 1790 911 1831; baseline 0.004 -12"><span class='ocrx_word' id='word_1_176' title='bbox 140 1799 220 1829; x_wconf 90' lang='lat' dir='ltr'>quos</span> <span class='ocrx_word' id='word_1_177' title='bbox 240 1790 420 1820; x_wconf 84' lang='lat' dir='ltr'>habuerunt</span> <span class='ocrx_word' id='word_1_178' title='bbox 442 1790 617 1821; x_wconf 80' lang='lat' dir='ltr'>incentores</span> <span class='ocrx_word' id='word_1_179' title='bbox 639 1791 672 1821; x_wconf 91' lang='lat' dir='ltr'>in</span> <span class='ocrx_word' id='word_1_180' title='bbox 694 1791 785 1831; x_wconf 85' lang='lat' dir='ltr'>culpa</span> <span class='ocrx_word' id='word_1_181' title='bbox 803 1802 809 1822; x_wconf 72' lang='grc' dir='ltr'>ε</span> <span class='ocrx_word' id='word_1_182' title='bbox 826 1804 840 1819; x_wconf 84' lang='grc'>»</span> <span class='ocrx_word' id='word_1_183' title='bbox 860 1791 911 1822; x_wconf 83' lang='lat' dir='ltr'>sed</span> 
     </span>
     <span class='ocr_line' id='line_1_30' title="bbox 141 1843 911 1883; baseline 0.001 -10"><span class='ocrx_word' id='word_1_184' title='bbox 141 1844 261 1873; x_wconf 86' lang='lat' dir='ltr'>constat</span> <span class='ocrx_word' id='word_1_185' title='bbox 276 1843 360 1882; x_wconf 87' lang='lat' dir='ltr'>quod</span> <span class='ocrx_word' id='word_1_186' title='bbox 375 1843 453 1881; x_wconf 70' lang='lat' dir='ltr'>¹justi</span> <span class='ocrx_word' id='word_1_187' title='bbox 468 1846 650 1882; x_wconf 88' lang='lat' dir='ltr'>purgantur</span> <span class='ocrx_word' id='word_1_188' title='bbox 670 1853 727 1883; x_wconf 91' lang='lat' dir='ltr'>pro</span> <span class='ocrx_word' id='word_1_189' title='bbox 741 1845 785 1874; x_wconf 88' lang='lat' dir='ltr'>eis</span> <span class='ocrx_word' id='word_1_190' title='bbox 800 1844 911 1883; x_wconf 79' lang='lat' dir='ltr'>culpis,</span> 
     </span>
     <span class='ocr_line' id='line_1_31' title="bbox 142 1895 822 1935; baseline 0.001 -9"><span class='ocrx_word' id='word_1_191' title='bbox 142 1905 221 1935; x_wconf 89' lang='lat' dir='ltr'>quas</span> <span class='ocrx_word' id='word_1_192' title='bbox 235 1896 395 1926; x_wconf 85' lang='lat' dir='ltr'>daemones</span> <span class='ocrx_word' id='word_1_193' title='bbox 410 1895 617 1925; x_wconf 85' lang='lat' dir='ltr'>incenderunt</span> <span class='ocrx_word' id='word_1_194' title='bbox 633 1905 641 1926; x_wconf 76' lang='grc' dir='ltr'><strong><em>ε</em></strong></span> <span class='ocrx_word' id='word_1_195' title='bbox 658 1905 748 1935; x_wconf 80' lang='lat' dir='ltr'>ergo,</span> <span class='ocrx_word' id='word_1_196' title='bbox 764 1899 822 1927; x_wconf 88' lang='lat' dir='ltr'>etc.</span> 
     </span>
    </p>

    <p class='ocr_par' dir='ltr' id='par_1_8' title="bbox 143 1947 915 2304">
     <span class='ocr_line' id='line_1_32' title="bbox 183 1947 911 1987; baseline 0.003 -9"><span class='ocrx_word' id='word_1_197' title='bbox 183 1951 213 1979; x_wconf 74' lang='lat'>2.</span> <span class='ocrx_word' id='word_1_198' title='bbox 234 1948 312 1978; x_wconf 86' lang='lat' dir='ltr'>Item</span> <span class='ocrx_word' id='word_1_199' title='bbox 332 1948 364 1977; x_wconf 92' lang='lat' dir='ltr'>in</span> <span class='ocrx_word' id='word_1_200' title='bbox 385 1947 519 1986; x_wconf 81' lang='lat' dir='ltr'>legenda</span> <span class='ocrx_word' id='word_1_201' title='bbox 541 1948 623 1979; x_wconf 87' lang='lat' dir='ltr'>beati</span> <span class='ocrx_word' id='word_1_202' title='bbox 640 1948 763 1979; x_wconf 87' lang='lat' dir='ltr'>Martini</span> <span class='ocrx_word' id='word_1_203' title='bbox 786 1950 911 1987; x_wconf 86' lang='lat' dir='ltr'>dicitur,</span> 
     </span>
     <span class='ocr_line' id='line_1_33' title="bbox 145 2000 914 2041; baseline 0.003 -9"><span class='ocrx_word' id='word_1_204' title='bbox 145 2001 229 2041; x_wconf 87' lang='lat' dir='ltr'>quod</span> <span class='ocrx_word' id='word_1_205' title='bbox 243 2000 388 2031; x_wconf 88' lang='lat' dir='ltr'>diabolus</span> <span class='ocrx_word' id='word_1_206' title='bbox 402 2001 524 2031; x_wconf 83' lang='lat' dir='ltr'>astabat</span> <span class='ocrx_word' id='word_1_207' title='bbox 539 2001 576 2031; x_wconf 79' lang='lat' dir='ltr'>ad</span> <span class='ocrx_word' id='word_1_208' title='bbox 596 2003 665 2040; x_wconf 78' lang='lat' dir='ltr'>eJus</span> <span class='ocrx_word' id='word_1_209' title='bbox 680 2002 800 2033; x_wconf 83' lang='lat' dir='ltr'>obitum</span> <span class='ocrx_word' id='word_1_210' title='bbox 810 2027 817 2041; x_wconf 92' lang='lat'>,</span> <span class='ocrx_word' id='word_1_211' title='bbox 835 2003 914 2034; x_wconf 84' lang='lat' dir='ltr'>sicut</span> 
     </span>
     <span class='ocr_line' id='line_1_34' title="bbox 144 2053 910 2092; baseline 0.005 -10"><span class='ocrx_word' id='word_1_212' title='bbox 144 2053 187 2083; x_wconf 92' lang='lat' dir='ltr'>ibi</span> <span class='ocrx_word' id='word_1_213' title='bbox 211 2053 336 2090; x_wconf 79' lang='lat' dir='ltr'>dicitur,</span> <span class='ocrx_word' id='word_1_214' title='bbox 362 2053 445 2092; x_wconf 90' lang='lat' dir='ltr'>quod</span> <span class='ocrx_word' id='word_1_215' title='bbox 470 2053 549 2083; x_wconf 86' lang='lat' dir='ltr'>dixit</span> <span class='ocrx_word' id='word_1_216' title='bbox 571 2065 577 2083; x_wconf 89' lang='lat'>:</span> <span class='ocrx_word' id='word_1_217' title='bbox 599 2065 614 2083; x_wconf 73' lang='grc' dir='ltr'>ε(</span> <span class='ocrx_word' id='word_1_218' title='bbox 635 2054 715 2091; x_wconf 81' lang='lat' dir='ltr'>Quid</span> <span class='ocrx_word' id='word_1_219' title='bbox 739 2057 820 2086; x_wconf 84' lang='lat' dir='ltr'>astas</span> <span class='ocrx_word' id='word_1_220' title='bbox 843 2056 910 2091; x_wconf 80' lang='lat' dir='ltr'>hic,</span> 
     </span>
     <span class='ocr_line' id='line_1_35' title="bbox 143 2105 915 2148; baseline 0.005 -12"><span class='ocrx_word' id='word_1_221' title='bbox 143 2108 272 2136; x_wconf 87' lang='lat' dir='ltr'>cruenta</span> <span class='ocrx_word' id='word_1_222' title='bbox 298 2105 421 2136; x_wconf 84' lang='lat' dir='ltr'>bellua?</span> <span class='ocrx_word' id='word_1_223' title='bbox 445 2116 459 2134; x_wconf 71' lang='grc' dir='ltr'><strong>υ</strong></span> <span class='ocrx_word' id='word_1_224' title='bbox 485 2105 544 2136; x_wconf 89' lang='lat' dir='ltr'>Sed</span> <span class='ocrx_word' id='word_1_225' title='bbox 569 2109 715 2137; x_wconf 75' lang='lat' dir='ltr'>constans</span> <span class='ocrx_word' id='word_1_226' title='bbox 738 2110 803 2146; x_wconf 84' lang='lat' dir='ltr'>est,</span> <span class='ocrx_word' id='word_1_227' title='bbox 830 2109 915 2148; x_wconf 86' lang='lat' dir='ltr'>quod</span> 
     </span>
     <span class='ocr_line' id='line_1_36' title="bbox 143 2159 911 2197; baseline 0.003 -8"><span class='ocrx_word' id='word_1_228' title='bbox 143 2159 259 2189; x_wconf 85' lang='lat' dir='ltr'>sciebat</span> <span class='ocrx_word' id='word_1_229' title='bbox 277 2168 309 2189; x_wconf 85' lang='lat' dir='ltr'>se</span> <span class='ocrx_word' id='word_1_230' title='bbox 323 2167 387 2189; x_wconf 90' lang='lat' dir='ltr'>non</span> <span class='ocrx_word' id='word_1_231' title='bbox 409 2167 499 2197; x_wconf 86' lang='lat' dir='ltr'>posse</span> <span class='ocrx_word' id='word_1_232' title='bbox 514 2168 589 2190; x_wconf 89' lang='lat' dir='ltr'>eum</span> <span class='ocrx_word' id='word_1_233' title='bbox 612 2160 740 2191; x_wconf 86' lang='lat' dir='ltr'>trabere</span> <span class='ocrx_word' id='word_1_234' title='bbox 760 2161 798 2191; x_wconf 92' lang='lat' dir='ltr'>ad</span> <span class='ocrx_word' id='word_1_235' title='bbox 816 2161 911 2192; x_wconf 84' lang='lat' dir='ltr'>infer-</span> 
     </span>
     <span class='ocr_line' id='line_1_37' title="bbox 143 2211 915 2253; baseline 0.005 -12"><span class='ocrx_word' id='word_1_236' title='bbox 143 2221 238 2249; x_wconf 90' lang='lat' dir='ltr'>num,</span> <span class='ocrx_word' id='word_1_237' title='bbox 260 2221 332 2241; x_wconf 90' lang='lat' dir='ltr'>cum</span> <span class='ocrx_word' id='word_1_238' title='bbox 347 2211 439 2242; x_wconf 87' lang='lat' dir='ltr'>sciret</span> <span class='ocrx_word' id='word_1_239' title='bbox 455 2212 563 2242; x_wconf 91' lang='lat' dir='ltr'>virum</span> <span class='ocrx_word' id='word_1_240' title='bbox 578 2215 721 2243; x_wconf 86' lang='lat' dir='ltr'>sanctum</span> <span class='ocrx_word' id='word_1_241' title='bbox 737 2225 743 2244; x_wconf 88' lang='grc'>;</span> <span class='ocrx_word' id='word_1_242' title='bbox 760 2222 838 2253; x_wconf 87' lang='lat' dir='ltr'>ergo</span> <span class='ocrx_word' id='word_1_243' title='bbox 853 2214 915 2245; x_wconf 89' lang='lat' dir='ltr'>sal-</span> 
     </span>
     <span class='ocr_line' id='line_1_38' title="bbox 145 2264 773 2304; baseline 0.005 -10"><span class='ocrx_word' id='word_1_244' title='bbox 145 2267 208 2295; x_wconf 89' lang='lat' dir='ltr'>tem</span> <span class='ocrx_word' id='word_1_245' title='bbox 224 2264 350 2295; x_wconf 86' lang='lat' dir='ltr'>volebat</span> <span class='ocrx_word' id='word_1_246' title='bbox 363 2264 477 2295; x_wconf 89' lang='lat' dir='ltr'>ducere</span> <span class='ocrx_word' id='word_1_247' title='bbox 492 2265 524 2295; x_wconf 87' lang='lat' dir='ltr'>in</span> <span class='ocrx_word' id='word_1_248' title='bbox 538 2266 773 2304; x_wconf 83' lang='lat' dir='ltr'>purgatorium.</span> 
     </span>
    </p>

    <p class='ocr_par' dir='ltr' id='par_1_9' title="bbox 145 2317 916 2463">
     <span class='ocr_line' id='line_1_39' title="bbox 185 2317 916 2358; baseline 0.003 -10"><span class='ocrx_word' id='word_1_249' title='bbox 185 2320 213 2348; x_wconf 86' lang='lat'>3.</span> <span class='ocrx_word' id='word_1_250' title='bbox 233 2317 309 2348; x_wconf 87' lang='lat' dir='ltr'>Item</span> <span class='ocrx_word' id='word_1_251' title='bbox 322 2317 443 2347; x_wconf 85' lang='lat' dir='ltr'>ratione</span> <span class='ocrx_word' id='word_1_252' title='bbox 457 2317 593 2355; x_wconf 78' lang='lat' dir='ltr'>videtur,</span> <span class='ocrx_word' id='word_1_253' title='bbox 609 2318 684 2358; x_wconf 86' lang='lat' dir='ltr'>quia</span> <span class='ocrx_word' id='word_1_254' title='bbox 698 2319 857 2350; x_wconf 84' lang='lat' dir='ltr'>crudelius</span> <span class='ocrx_word' id='word_1_255' title='bbox 870 2322 916 2351; x_wconf 90' lang='lat' dir='ltr'>est</span> 
     </span>
     <span class='ocr_line' id='line_1_40' title="bbox 145 2371 915 2410; baseline 0.004 -9"><span class='ocrx_word' id='word_1_256' title='bbox 145 2380 261 2401; x_wconf 79' lang='lat' dir='ltr'>vexare</span> <span class='ocrx_word' id='word_1_257' title='bbox 282 2371 398 2409; x_wconf 80' lang='lat' dir='ltr'>b0n05‚</span> <span class='ocrx_word' id='word_1_258' title='bbox 422 2379 517 2410; x_wconf 85' lang='lat' dir='ltr'>quam</span> <span class='ocrx_word' id='word_1_259' title='bbox 540 2371 684 2410; x_wconf 81' lang='lat' dir='ltr'>affligere</span> <span class='ocrx_word' id='word_1_260' title='bbox 708 2373 807 2403; x_wconf 78' lang='lat' dir='ltr'>malos</span> <span class='ocrx_word' id='word_1_261' title='bbox 830 2385 836 2403; x_wconf 90' lang='lat'>:</span> <span class='ocrx_word' id='word_1_262' title='bbox 862 2373 915 2404; x_wconf 88' lang='lat' dir='ltr'>sed</span> 
     </span>
     <span class='ocr_line' id='line_1_41' title="bbox 147 2423 916 2463; baseline 0.005 -10"><span class='ocrx_word' id='word_1_263' title='bbox 147 2424 230 2463; x_wconf 90' lang='lat' dir='ltr'>quod</span> <span class='ocrx_word' id='word_1_264' title='bbox 245 2423 402 2454; x_wconf 86' lang='lat' dir='ltr'>crudelius</span> <span class='ocrx_word' id='word_1_265' title='bbox 417 2426 479 2461; x_wconf 74' lang='lat' dir='ltr'>est,</span> <span class='ocrx_word' id='word_1_266' title='bbox 503 2424 669 2455; x_wconf 86' lang='lat' dir='ltr'>crudeliori</span> <span class='ocrx_word' id='word_1_267' title='bbox 694 2426 803 2456; x_wconf 87' lang='lat' dir='ltr'>tortori</span> <span class='ocrx_word' id='word_1_268' title='bbox 826 2426 916 2457; x_wconf 81' lang='lat' dir='ltr'>debet</span> 
     </span>
    </p>
   </div>
   <div class='ocr_carea' id='block_1_7' title="bbox 150 2504 916 2573">
    <p class='ocr_par' dir='ltr' id='par_1_10' title="bbox 150 2504 916 2573">
     <span class='ocr_line' id='line_1_42' title="bbox 181 2504 915 2537; baseline 0.001 -10"><span class='ocrx_word' id='word_1_269' title='bbox 181 2504 238 2533; x_wconf 79' lang='lat' dir='ltr'><strong>¹Cf.</strong></span> <span class='ocrx_word' id='word_1_270' title='bbox 250 2505 275 2529; x_wconf 88' lang='lat' dir='ltr'>S.</span> <span class='ocrx_word' id='word_1_271' title='bbox 288 2505 389 2534; x_wconf 81' lang='lat' dir='ltr'>Thom.,</span> <span class='ocrx_word' id='word_1_272' title='bbox 404 2505 435 2528; x_wconf 80' lang='lat' dir='ltr'>tv</span> <span class='ocrx_word' id='word_1_273' title='bbox 446 2505 524 2534; x_wconf 66' lang='lat' dir='ltr'>Seni„</span> <span class='ocrx_word' id='word_1_274' title='bbox 536 2504 593 2528; x_wconf 72' lang='lat' dir='ltr'>dist.</span> <span class='ocrx_word' id='word_1_275' title='bbox 606 2511 661 2535; x_wconf 76' lang='lat' dir='ltr'>xxi,</span> <span class='ocrx_word' id='word_1_276' title='bbox 673 2513 696 2537; x_wconf 91' lang='lat' dir='ltr'>q.</span> <span class='ocrx_word' id='word_1_277' title='bbox 710 2513 728 2536; x_wconf 74' lang='grc' dir='ltr'>ι,</span> <span class='ocrx_word' id='word_1_278' title='bbox 744 2509 791 2530; x_wconf 86' lang='lat' dir='ltr'>art.</span> <span class='ocrx_word' id='word_1_279' title='bbox 809 2509 829 2537; x_wconf 87' lang='grc'>1,</span> <span class='ocrx_word' id='word_1_280' title='bbox 846 2515 870 2537; x_wconf 80' lang='lat' dir='ltr'>q.</span> <span class='ocrx_word' id='word_1_281' title='bbox 888 2514 915 2535; x_wconf 75' lang='lat' dir='ltr'>x·;</span> 
     </span>
     <span class='ocr_line' id='line_1_43' title="bbox 150 2539 916 2573; baseline 0.005 -11"><span class='ocrx_word' id='word_1_282' title='bbox 150 2539 275 2570; x_wconf 77' lang='lat' dir='ltr'>Richard.,</span> <span class='ocrx_word' id='word_1_283' title='bbox 297 2541 327 2563; x_wconf 90' lang='lat' dir='ltr'>IV</span> <span class='ocrx_word' id='word_1_284' title='bbox 349 2541 428 2570; x_wconf 82' lang='lat' dir='ltr'>Sent.‚</span> <span class='ocrx_word' id='word_1_285' title='bbox 447 2540 503 2563; x_wconf 78' lang='lat' dir='ltr'>dist.</span> <span class='ocrx_word' id='word_1_286' title='bbox 528 2546 572 2570; x_wconf 75' lang='lat' dir='ltr'>xx,</span> <span class='ocrx_word' id='word_1_287' title='bbox 592 2543 637 2565; x_wconf 78' lang='lat' dir='ltr'>art.</span> <span class='ocrx_word' id='word_1_288' title='bbox 663 2543 686 2571; x_wconf 80' lang='grc'>2,</span> <span class='ocrx_word' id='word_1_289' title='bbox 711 2549 735 2572; x_wconf 88' lang='lat' dir='ltr'>q.</span> <span class='ocrx_word' id='word_1_290' title='bbox 764 2548 805 2572; x_wconf 72' lang='grc' dir='ltr'>ιιι,</span> <span class='ocrx_word' id='word_1_291' title='bbox 829 2543 916 2573; x_wconf 82' lang='lat' dir='ltr'>Steph.</span> 
     </span>
    </p>
   </div>
   <div class='ocr_carea' id='block_1_8' title="bbox 271 2701 411 2724">
    <p class='ocr_par' dir='ltr' id='par_1_11' title="bbox 271 2701 411 2724">
     <span class='ocr_line' id='line_1_44' title="bbox 271 2701 411 2724; baseline 0.007 -2"><span class='ocrx_word' id='word_1_292' title='bbox 271 2701 345 2724; x_wconf 69' lang='lat' dir='ltr'>Tou.</span> <span class='ocrx_word' id='word_1_293' title='bbox 368 2702 411 2724; x_wconf 87' lang='lat' dir='ltr'>Vl.</span> 
     </span>
    </p>
   </div>
   <div class='ocr_carea' id='block_1_9' title="bbox 1684 187 1723 215">
    <p class='ocr_par' dir='ltr' id='par_1_12' title="bbox 1684 187 1723 215">
     <span class='ocr_line' id='line_1_45' title="bbox 1684 187 1723 215; baseline 0 0"><span class='ocrx_word' id='word_1_294' title='bbox 1684 187 1723 215; x_wconf 79' lang='lat'>65</span> 
     </span>
    </p>
   </div>
   <div class='ocr_carea' id='block_1_10' title="bbox 955 250 1742 2362">
    <p class='ocr_par' dir='ltr' id='par_1_13' title="bbox 955 250 1725 446">
     <span class='ocr_line' id='line_1_46' title="bbox 955 250 1723 288; baseline 0.003 -9"><span class='ocrx_word' id='word_1_295' title='bbox 955 250 1107 280; x_wconf 84' lang='lat' dir='ltr'>committi</span> <span class='ocrx_word' id='word_1_296' title='bbox 1126 261 1132 280; x_wconf 77' lang='lat' dir='ltr'><strong><em>z</em></strong></span> <span class='ocrx_word' id='word_1_297' title='bbox 1149 259 1228 288; x_wconf 89' lang='lat' dir='ltr'>ergo</span> <span class='ocrx_word' id='word_1_298' title='bbox 1247 259 1320 281; x_wconf 86' lang='lat' dir='ltr'>cum</span> <span class='ocrx_word' id='word_1_299' title='bbox 1337 250 1479 281; x_wconf 85' lang='lat' dir='ltr'>diabolus</span> <span class='ocrx_word' id='word_1_300' title='bbox 1493 259 1566 281; x_wconf 90' lang='lat' dir='ltr'>cum</span> <span class='ocrx_word' id='word_1_301' title='bbox 1585 251 1650 281; x_wconf 81' lang='lat' dir='ltr'>suis</span> <span class='ocrx_word' id='word_1_302' title='bbox 1665 260 1723 281; x_wconf 86' lang='lat' dir='ltr'>an-</span> 
     </span>
     <span class='ocr_line' id='line_1_47' title="bbox 956 303 1725 344; baseline 0.004 -12"><span class='ocrx_word' id='word_1_303' title='bbox 956 303 1036 341; x_wconf 84' lang='lat' dir='ltr'>gelis</span> <span class='ocrx_word' id='word_1_304' title='bbox 1051 303 1090 332; x_wconf 88' lang='lat' dir='ltr'>sit</span> <span class='ocrx_word' id='word_1_305' title='bbox 1109 303 1357 342; x_wconf 75' lang='lat' dir='ltr'>crudelissimus,</span> <span class='ocrx_word' id='word_1_306' title='bbox 1374 303 1499 335; x_wconf 87' lang='lat' dir='ltr'>videtur</span> <span class='ocrx_word' id='word_1_307' title='bbox 1513 304 1598 344; x_wconf 91' lang='lat' dir='ltr'>quod</span> <span class='ocrx_word' id='word_1_308' title='bbox 1612 305 1681 344; x_wconf 85' lang='lat' dir='ltr'>ejus</span> <span class='ocrx_word' id='word_1_309' title='bbox 1695 308 1725 335; x_wconf 88' lang='lat' dir='ltr'>et</span> 
     </span>
     <span class='ocr_line' id='line_1_48' title="bbox 955 355 1723 396; baseline 0.003 -11"><span class='ocrx_word' id='word_1_310' title='bbox 955 364 1087 386; x_wconf 88' lang='lat' dir='ltr'>suorum</span> <span class='ocrx_word' id='word_1_311' title='bbox 1103 355 1143 384; x_wconf 85' lang='lat' dir='ltr'>sit</span> <span class='ocrx_word' id='word_1_312' title='bbox 1158 355 1243 385; x_wconf 85' lang='lat' dir='ltr'>viros</span> <span class='ocrx_word' id='word_1_313' title='bbox 1261 357 1365 394; x_wconf 80' lang='lat' dir='ltr'>justos</span> <span class='ocrx_word' id='word_1_314' title='bbox 1386 357 1418 387; x_wconf 89' lang='lat' dir='ltr'>in</span> <span class='ocrx_word' id='word_1_315' title='bbox 1439 357 1623 396; x_wconf 89' lang='lat' dir='ltr'>purgatorio</span> <span class='ocrx_word' id='word_1_316' title='bbox 1644 357 1723 388; x_wconf 86' lang='lat' dir='ltr'>affli—</span> 
     </span>
     <span class='ocr_line' id='line_1_49' title="bbox 956 417 1044 446; baseline 0.011 -8"><span class='ocrx_word' id='word_1_317' title='bbox 956 417 1044 446; x_wconf 76' lang='lat' dir='ltr'>gere.</span> 
     </span>
    </p>

    <p class='ocr_par' dir='ltr' id='par_1_14' title="bbox 957 461 1730 820">
     <span class='ocr_line' id='line_1_50' title="bbox 996 461 1726 503; baseline 0.005 -12"><span class='ocrx_word' id='word_1_318' title='bbox 996 464 1024 491; x_wconf 80' lang='lat'>4.</span> <span class='ocrx_word' id='word_1_319' title='bbox 1043 461 1119 491; x_wconf 82' lang='lat' dir='ltr'>Item</span> <span class='ocrx_word' id='word_1_320' title='bbox 1134 461 1195 491; x_wconf 88' lang='lat' dir='ltr'>viri</span> <span class='ocrx_word' id='word_1_321' title='bbox 1210 462 1289 499; x_wconf 50' lang='lat' dir='ltr'>„iusti</span> <span class='ocrx_word' id='word_1_322' title='bbox 1312 462 1501 501; x_wconf 82' lang='lat' dir='ltr'>affliguntur</span> <span class='ocrx_word' id='word_1_323' title='bbox 1520 463 1553 494; x_wconf 92' lang='lat' dir='ltr'>in</span> <span class='ocrx_word' id='word_1_324' title='bbox 1568 466 1726 503; x_wconf 87' lang='lat' dir='ltr'>purgato-</span> 
     </span>
     <span class='ocr_line' id='line_1_51' title="bbox 957 514 1727 556; baseline 0.006 -13"><span class='ocrx_word' id='word_1_325' title='bbox 957 514 1005 544; x_wconf 90' lang='lat' dir='ltr'>rio</span> <span class='ocrx_word' id='word_1_326' title='bbox 1025 524 1032 544; x_wconf 74' lang='grc' dir='ltr'>ε</span> <span class='ocrx_word' id='word_1_327' title='bbox 1054 515 1174 544; x_wconf 85' lang='lat' dir='ltr'>constat</span> <span class='ocrx_word' id='word_1_328' title='bbox 1197 514 1281 553; x_wconf 88' lang='lat' dir='ltr'>quod</span> <span class='ocrx_word' id='word_1_329' title='bbox 1306 523 1369 544; x_wconf 90' lang='lat' dir='ltr'>non</span> <span class='ocrx_word' id='word_1_330' title='bbox 1392 515 1513 546; x_wconf 81' lang='lat' dir='ltr'>ratione</span> <span class='ocrx_word' id='word_1_331' title='bbox 1533 518 1619 556; x_wconf 63' lang='lat' dir='ltr'>eius»,</span> <span class='ocrx_word' id='word_1_332' title='bbox 1643 517 1727 556; x_wconf 91' lang='lat' dir='ltr'>quod</span> 
     </span>
     <span class='ocr_line' id='line_1_52' title="bbox 957 566 1728 610; baseline 0.006 -14"><span class='ocrx_word' id='word_1_333' title='bbox 957 567 1139 597; x_wconf 74' lang='lat' dir='ltr'>habuerunt</span> <span class='ocrx_word' id='word_1_334' title='bbox 1153 566 1253 597; x_wconf 89' lang='lat' dir='ltr'>simile</span> <span class='ocrx_word' id='word_1_335' title='bbox 1268 566 1340 605; x_wconf 81' lang='lat' dir='ltr'>Deo,</span> <span class='ocrx_word' id='word_1_336' title='bbox 1359 567 1413 598; x_wconf 80' lang='lat' dir='ltr'>sed</span> <span class='ocrx_word' id='word_1_337' title='bbox 1426 569 1547 599; x_wconf 89' lang='lat' dir='ltr'>ratione</span> <span class='ocrx_word' id='word_1_338' title='bbox 1561 571 1630 609; x_wconf 72' lang='lat' dir='ltr'>eJus</span> <span class='ocrx_word' id='word_1_339' title='bbox 1644 570 1728 610; x_wconf 91' lang='lat' dir='ltr'>quod</span> 
     </span>
     <span class='ocr_line' id='line_1_53' title="bbox 957 620 1729 662; baseline 0.004 -11"><span class='ocrx_word' id='word_1_340' title='bbox 957 620 1140 651; x_wconf 84' lang='lat' dir='ltr'>habuerunt</span> <span class='ocrx_word' id='word_1_341' title='bbox 1153 620 1256 651; x_wconf 86' lang='lat' dir='ltr'>simile</span> <span class='ocrx_word' id='word_1_342' title='bbox 1270 621 1395 651; x_wconf 84' lang='lat' dir='ltr'>diabolo</span> <span class='ocrx_word' id='word_1_343' title='bbox 1411 632 1418 652; x_wconf 88' lang='lat'><strong>:</strong></span> <span class='ocrx_word' id='word_1_344' title='bbox 1436 630 1515 661; x_wconf 84' lang='lat' dir='ltr'>ergo</span> <span class='ocrx_word' id='word_1_345' title='bbox 1530 623 1671 662; x_wconf 86' lang='lat' dir='ltr'>quandiu</span> <span class='ocrx_word' id='word_1_346' title='bbox 1683 626 1729 654; x_wconf 84' lang='lat' dir='ltr'>est</span> 
     </span>
     <span class='ocr_line' id='line_1_54' title="bbox 958 673 1729 716; baseline 0.005 -13"><span class='ocrx_word' id='word_1_347' title='bbox 958 674 991 704; x_wconf 91' lang='lat' dir='ltr'>in</span> <span class='ocrx_word' id='word_1_348' title='bbox 1007 673 1067 704; x_wconf 87' lang='lat' dir='ltr'>illis</span> <span class='ocrx_word' id='word_1_349' title='bbox 1088 674 1145 704; x_wconf 86' lang='lat' dir='ltr'>iste</span> <span class='ocrx_word' id='word_1_350' title='bbox 1168 675 1290 711; x_wconf 79' lang='lat' dir='ltr'>reatus,</span> <span class='ocrx_word' id='word_1_351' title='bbox 1313 683 1377 704; x_wconf 90' lang='lat' dir='ltr'>non</span> <span class='ocrx_word' id='word_1_352' title='bbox 1394 677 1468 705; x_wconf 87' lang='lat' dir='ltr'>sunt</span> <span class='ocrx_word' id='word_1_353' title='bbox 1486 676 1617 706; x_wconf 89' lang='lat' dir='ltr'>omnino</span> <span class='ocrx_word' id='word_1_354' title='bbox 1630 677 1729 716; x_wconf 88' lang='lat' dir='ltr'>erepti</span> 
     </span>
     <span class='ocr_line' id='line_1_55' title="bbox 959 727 1730 768; baseline 0.004 -11"><span class='ocrx_word' id='word_1_355' title='bbox 959 727 998 757; x_wconf 90' lang='lat' dir='ltr'>ab</span> <span class='ocrx_word' id='word_1_356' title='bbox 1017 728 1086 766; x_wconf 72' lang='lat' dir='ltr'>eJ‘us</span> <span class='ocrx_word' id='word_1_357' title='bbox 1103 728 1253 766; x_wconf 87' lang='lat' dir='ltr'>potestate</span> <span class='ocrx_word' id='word_1_358' title='bbox 1269 738 1276 757; x_wconf 88' lang='lat'>:</span> <span class='ocrx_word' id='word_1_359' title='bbox 1293 735 1371 766; x_wconf 87' lang='lat' dir='ltr'>ergo</span> <span class='ocrx_word' id='word_1_360' title='bbox 1386 727 1511 758; x_wconf 84' lang='lat' dir='ltr'>videtur</span> <span class='ocrx_word' id='word_1_361' title='bbox 1527 729 1613 768; x_wconf 92' lang='lat' dir='ltr'>quod</span> <span class='ocrx_word' id='word_1_362' title='bbox 1632 729 1672 759; x_wconf 91' lang='lat' dir='ltr'>ah</span> <span class='ocrx_word' id='word_1_363' title='bbox 1685 729 1730 760; x_wconf 88' lang='lat' dir='ltr'>eis</span> 
     </span>
     <span class='ocr_line' id='line_1_56' title="bbox 959 781 1155 820; baseline 0.005 -10"><span class='ocrx_word' id='word_1_364' title='bbox 959 781 1155 820; x_wconf 82' lang='lat' dir='ltr'>affligantur.</span> 
     </span>
    </p>

    <p class='ocr_par' dir='ltr' id='par_1_15' title="bbox 960 834 1733 1130">
     <span class='ocr_line' id='line_1_57' title="bbox 1000 834 1730 873; baseline 0.004 -9"><span class='ocrx_word' id='word_1_365' title='bbox 1000 834 1114 864; x_wconf 84' lang='lat' dir='ltr'>Contra</span> <span class='ocrx_word' id='word_1_366' title='bbox 1129 845 1135 864; x_wconf 91' lang='lat'><strong>:</strong></span> <span class='ocrx_word' id='word_1_367' title='bbox 1153 834 1336 873; x_wconf 81' lang='lat' dir='ltr'>Gregorius,</span> <span class='ocrx_word' id='word_1_368' title='bbox 1353 834 1387 864; x_wconf 90' lang='lat' dir='ltr'>in</span> <span class='ocrx_word' id='word_1_369' title='bbox 1401 836 1515 873; x_wconf 86' lang='lat' dir='ltr'>quarto</span> <span class='ocrx_word' id='word_1_370' title='bbox 1529 834 1609 865; x_wconf 90' lang='lat' dir='ltr'>libro</span> <span class='ocrx_word' id='word_1_371' title='bbox 1624 835 1730 867; x_wconf 83' lang='lat' dir='ltr'>Dialo-</span> 
     </span>
     <span class='ocr_line' id='line_1_58' title="bbox 960 887 1732 929; baseline 0.005 -11"><span class='ocrx_word' id='word_1_372' title='bbox 960 895 1085 926; x_wconf 74' lang='lat' dir='ltr'>qorum,</span> <span class='ocrx_word' id='word_1_373' title='bbox 1108 887 1181 917; x_wconf 83' lang='lat' dir='ltr'>dicit</span> <span class='ocrx_word' id='word_1_374' title='bbox 1203 887 1288 927; x_wconf 84' lang='lat' dir='ltr'>quod</span> <span class='ocrx_word' id='word_1_375' title='bbox 1307 888 1422 919; x_wconf 73' lang='lat' dir='ltr'>animae</span> <span class='ocrx_word' id='word_1_376' title='bbox 1443 889 1651 928; x_wconf 89' lang='lat' dir='ltr'>reproborum</span> <span class='ocrx_word' id='word_1_377' title='bbox 1676 899 1732 929; x_wconf 87' lang='lat' dir='ltr'>per</span> 
     </span>
     <span class='ocr_line' id='line_1_59' title="bbox 960 940 1731 982; baseline 0.004 -12"><span class='ocrx_word' id='word_1_378' title='bbox 960 940 1079 979; x_wconf 81' lang='lat' dir='ltr'>seipsas</span> <span class='ocrx_word' id='word_1_379' title='bbox 1100 940 1292 971; x_wconf 83' lang='lat' dir='ltr'>descendunt</span> <span class='ocrx_word' id='word_1_380' title='bbox 1312 941 1351 971; x_wconf 86' lang='lat' dir='ltr'>ad</span> <span class='ocrx_word' id='word_1_381' title='bbox 1372 941 1557 972; x_wconf 82' lang='lat' dir='ltr'>infernum:</span> <span class='ocrx_word' id='word_1_382' title='bbox 1573 951 1650 981; x_wconf 85' lang='lat' dir='ltr'>ergo</span> <span class='ocrx_word' id='word_1_383' title='bbox 1664 943 1731 982; x_wconf 89' lang='lat' dir='ltr'>pari</span> 
     </span>
     <span class='ocr_line' id='line_1_60' title="bbox 960 993 1733 1034; baseline 0.005 -12"><span class='ocrx_word' id='word_1_384' title='bbox 960 993 1100 1031; x_wconf 80' lang='lat' dir='ltr'>ratione7</span> <span class='ocrx_word' id='word_1_385' title='bbox 1124 993 1188 1023; x_wconf 93' lang='lat' dir='ltr'>imo</span> <span class='ocrx_word' id='word_1_386' title='bbox 1203 993 1305 1024; x_wconf 86' lang='lat' dir='ltr'>multo</span> <span class='ocrx_word' id='word_1_387' title='bbox 1325 994 1445 1024; x_wconf 86' lang='lat' dir='ltr'>fortiori</span> <span class='ocrx_word' id='word_1_388' title='bbox 1460 1003 1516 1034; x_wconf 90' lang='lat' dir='ltr'>per</span> <span class='ocrx_word' id='word_1_389' title='bbox 1531 995 1648 1034; x_wconf 81' lang='lat' dir='ltr'>seipsas</span> <span class='ocrx_word' id='word_1_390' title='bbox 1666 996 1733 1026; x_wconf 88' lang='lat' dir='ltr'>sine</span> 
     </span>
     <span class='ocr_line' id='line_1_61' title="bbox 961 1046 1733 1088; baseline 0.003 -11"><span class='ocrx_word' id='word_1_391' title='bbox 961 1046 1143 1077; x_wconf 68' lang='lat' dir='ltr'>daemonum</span> <span class='ocrx_word' id='word_1_392' title='bbox 1163 1047 1338 1077; x_wconf 78' lang='lat' dir='ltr'>ministerio</span> <span class='ocrx_word' id='word_1_393' title='bbox 1353 1047 1545 1078; x_wconf 88' lang='lat' dir='ltr'>descendunt</span> <span class='ocrx_word' id='word_1_394' title='bbox 1562 1048 1594 1078; x_wconf 80' lang='lat' dir='ltr'>In</span> <span class='ocrx_word' id='word_1_395' title='bbox 1613 1057 1733 1088; x_wconf 87' lang='lat' dir='ltr'>purga-</span> 
     </span>
     <span class='ocr_line' id='line_1_62' title="bbox 961 1100 1090 1130; baseline 0.008 -1"><span class='ocrx_word' id='word_1_396' title='bbox 961 1100 1090 1130; x_wconf 84' lang='lat' dir='ltr'>torium.</span> 
     </span>
    </p>

    <p class='ocr_par' dir='ltr' id='par_1_16' title="bbox 962 1152 1737 1456">
     <span class='ocr_line' id='line_1_63' title="bbox 1003 1152 1734 1194; baseline 0.003 -11"><span class='ocrx_word' id='word_1_397' title='bbox 1003 1152 1081 1183; x_wconf 91' lang='lat' dir='ltr'>Item</span> <span class='ocrx_word' id='word_1_398' title='bbox 1100 1153 1217 1184; x_wconf 77' lang='lat' dir='ltr'>animae</span> <span class='ocrx_word' id='word_1_399' title='bbox 1239 1154 1417 1193; x_wconf 85' lang='lat' dir='ltr'>puniuntur</span> <span class='ocrx_word' id='word_1_400' title='bbox 1435 1154 1469 1184; x_wconf 88' lang='lat' dir='ltr'>in</span> <span class='ocrx_word' id='word_1_401' title='bbox 1489 1155 1676 1194; x_wconf 66' lang='lat' dir='ltr'>purgatoflo</span> <span class='ocrx_word' id='word_1_402' title='bbox 1696 1155 1734 1185; x_wconf 88' lang='lat' dir='ltr'>ad</span> 
     </span>
     <span class='ocr_line' id='line_1_64' title="bbox 962 1207 1736 1246; baseline 0.003 -10"><span class='ocrx_word' id='word_1_403' title='bbox 962 1207 1032 1244; x_wconf 80' lang='lat' dir='ltr'>hoc,</span> <span class='ocrx_word' id='word_1_404' title='bbox 1050 1208 1086 1236; x_wconf 87' lang='lat' dir='ltr'>ut</span> <span class='ocrx_word' id='word_1_405' title='bbox 1101 1209 1294 1246; x_wconf 79' lang='lat' dir='ltr'>purgentur,</span> <span class='ocrx_word' id='word_1_406' title='bbox 1311 1210 1340 1237; x_wconf 90' lang='lat' dir='ltr'>et</span> <span class='ocrx_word' id='word_1_407' title='bbox 1358 1207 1389 1236; x_wconf 91' lang='lat' dir='ltr'>in</span> <span class='ocrx_word' id='word_1_408' title='bbox 1406 1207 1522 1238; x_wconf 84' lang='lat' dir='ltr'>coelum</span> <span class='ocrx_word' id='word_1_409' title='bbox 1536 1208 1736 1238; x_wconf 87' lang='lat' dir='ltr'>introducan-</span> 
     </span>
     <span class='ocr_line' id='line_1_65' title="bbox 962 1259 1737 1301; baseline 0.004 -12"><span class='ocrx_word' id='word_1_410' title='bbox 962 1262 1016 1290; x_wconf 85' lang='lat' dir='ltr'>tur</span> <span class='ocrx_word' id='word_1_411' title='bbox 1029 1270 1036 1289; x_wconf 89' lang='lat'>:</span> <span class='ocrx_word' id='word_1_412' title='bbox 1049 1260 1101 1290; x_wconf 86' lang='lat' dir='ltr'>sed</span> <span class='ocrx_word' id='word_1_413' title='bbox 1114 1259 1274 1291; x_wconf 81' lang='lat' dir='ltr'>daemones</span> <span class='ocrx_word' id='word_1_414' title='bbox 1285 1260 1457 1291; x_wconf 85' lang='lat' dir='ltr'>abhorrent</span> <span class='ocrx_word' id='word_1_415' title='bbox 1469 1261 1650 1292; x_wconf 88' lang='lat' dir='ltr'>animarum</span> <span class='ocrx_word' id='word_1_416' title='bbox 1664 1270 1737 1301; x_wconf 87' lang='lat' dir='ltr'>pur-</span> 
     </span>
     <span class='ocr_line' id='line_1_66' title="bbox 964 1312 1735 1354; baseline 0.005 -13"><span class='ocrx_word' id='word_1_417' title='bbox 964 1312 1124 1350; x_wconf 83' lang='lat' dir='ltr'>gationem</span> <span class='ocrx_word' id='word_1_418' title='bbox 1145 1315 1174 1342; x_wconf 89' lang='lat' dir='ltr'>et</span> <span class='ocrx_word' id='word_1_419' title='bbox 1194 1312 1412 1344; x_wconf 78' lang='lat' dir='ltr'>liberationem</span> <span class='ocrx_word' id='word_1_420' title='bbox 1429 1322 1438 1344; x_wconf 77' lang='lat' dir='ltr'><strong><em>z</em></strong></span> <span class='ocrx_word' id='word_1_421' title='bbox 1454 1323 1534 1352; x_wconf 86' lang='lat' dir='ltr'>ergo</span> <span class='ocrx_word' id='word_1_422' title='bbox 1548 1314 1644 1344; x_wconf 86' lang='lat' dir='ltr'>talem</span> <span class='ocrx_word' id='word_1_423' title='bbox 1659 1323 1735 1354; x_wconf 89' lang='lat' dir='ltr'>pur-</span> 
     </span>
     <span class='ocr_line' id='line_1_67' title="bbox 965 1365 1735 1405; baseline 0.004 -11"><span class='ocrx_word' id='word_1_424' title='bbox 965 1365 1138 1404; x_wconf 77' lang='lat' dir='ltr'>gationem,</span> <span class='ocrx_word' id='word_1_425' title='bbox 1148 1366 1214 1396; x_wconf 90' lang='lat' dir='ltr'>sive</span> <span class='ocrx_word' id='word_1_426' title='bbox 1223 1366 1420 1405; x_wconf 84' lang='lat' dir='ltr'>punitionem</span> <span class='ocrx_word' id='word_1_427' title='bbox 1430 1376 1492 1397; x_wconf 87' lang='lat' dir='ltr'>non</span> <span class='ocrx_word' id='word_1_428' title='bbox 1502 1366 1735 1404; x_wconf 85' lang='lat' dir='ltr'>administrant,</span> 
     </span>
     <span class='ocr_line' id='line_1_68' title="bbox 965 1418 1172 1456; baseline 0.005 -9"><span class='ocrx_word' id='word_1_429' title='bbox 965 1418 1018 1447; x_wconf 85' lang='lat' dir='ltr'>sed</span> <span class='ocrx_word' id='word_1_430' title='bbox 1033 1418 1172 1456; x_wconf 78' lang='lat' dir='ltr'>tugiunt.</span> 
     </span>
    </p>

    <p class='ocr_par' dir='ltr' id='par_1_17' title="bbox 966 1470 1740 1830">
     <span class='ocr_line' id='line_1_69' title="bbox 1007 1470 1738 1510; baseline 0.003 -10"><span class='ocrx_word' id='word_1_431' title='bbox 1007 1470 1094 1509; x_wconf 68' lang='lat' dir='ltr'>Item,</span> <span class='ocrx_word' id='word_1_432' title='bbox 1112 1471 1192 1501; x_wconf 84' lang='lat' dir='ltr'>sicut</span> <span class='ocrx_word' id='word_1_433' title='bbox 1208 1471 1284 1501; x_wconf 87' lang='lat' dir='ltr'>dicit</span> <span class='ocrx_word' id='word_1_434' title='bbox 1301 1472 1503 1510; x_wconf 86' lang='lat' dir='ltr'>Augustinus</span> <span class='ocrx_word' id='word_1_435' title='bbox 1513 1476 1534 1510; x_wconf 85' lang='lat'>¹,</span> <span class='ocrx_word' id='word_1_436' title='bbox 1551 1473 1577 1503; x_wconf 88' lang='lat' dir='ltr'>si</span> <span class='ocrx_word' id='word_1_437' title='bbox 1596 1473 1738 1504; x_wconf 86' lang='lat' dir='ltr'>diabolus</span> 
     </span>
     <span class='ocr_line' id='line_1_70' title="bbox 966 1524 1740 1565; baseline 0.004 -11"><span class='ocrx_word' id='word_1_438' title='bbox 966 1524 1167 1563; x_wconf 79' lang='lat' dir='ltr'>cognovisset</span> <span class='ocrx_word' id='word_1_439' title='bbox 1196 1524 1381 1563; x_wconf 85' lang='lat' dir='ltr'>patientiam</span> <span class='ocrx_word' id='word_1_440' title='bbox 1404 1525 1477 1563; x_wconf 81' lang='lat' dir='ltr'>Job⁷</span> <span class='ocrx_word' id='word_1_441' title='bbox 1503 1527 1534 1556; x_wconf 88' lang='lat' dir='ltr'>et</span> <span class='ocrx_word' id='word_1_442' title='bbox 1559 1526 1645 1565; x_wconf 90' lang='lat' dir='ltr'>quod</span> <span class='ocrx_word' id='word_1_443' title='bbox 1671 1527 1740 1565; x_wconf 78' lang='lat' dir='ltr'>eJ&#39;us</span> 
     </span>
     <span class='ocr_line' id='line_1_71' title="bbox 966 1577 1739 1619; baseline 0.003 -12"><span class='ocrx_word' id='word_1_444' title='bbox 966 1577 1138 1607; x_wconf 87' lang='lat' dir='ltr'>tentatione</span> <span class='ocrx_word' id='word_1_445' title='bbox 1154 1577 1281 1608; x_wconf 85' lang='lat' dir='ltr'>deberet</span> <span class='ocrx_word' id='word_1_446' title='bbox 1297 1578 1460 1617; x_wconf 85' lang='lat' dir='ltr'>proficere,</span> <span class='ocrx_word' id='word_1_447' title='bbox 1476 1587 1680 1618; x_wconf 84' lang='lat' dir='ltr'>nequaquam</span> <span class='ocrx_word' id='word_1_448' title='bbox 1695 1579 1739 1619; x_wconf 72' lang='lat' dir='ltr'>ip-</span> 
     </span>
     <span class='ocr_line' id='line_1_72' title="bbox 967 1630 1740 1670; baseline 0.003 -10"><span class='ocrx_word' id='word_1_449' title='bbox 967 1640 1039 1661; x_wconf 78' lang='lat' dir='ltr'>sum</span> <span class='ocrx_word' id='word_1_450' title='bbox 1051 1630 1189 1670; x_wconf 86' lang='lat' dir='ltr'>amplius</span> <span class='ocrx_word' id='word_1_451' title='bbox 1202 1633 1365 1661; x_wconf 80' lang='lat' dir='ltr'>vexasset:</span> <span class='ocrx_word' id='word_1_452' title='bbox 1381 1640 1459 1669; x_wconf 84' lang='lat' dir='ltr'>ergo</span> <span class='ocrx_word' id='word_1_453' title='bbox 1473 1641 1546 1662; x_wconf 88' lang='lat' dir='ltr'>cum</span> <span class='ocrx_word' id='word_1_454' title='bbox 1559 1632 1634 1662; x_wconf 82' lang='lat' dir='ltr'>sciat</span> <span class='ocrx_word' id='word_1_455' title='bbox 1648 1633 1740 1662; x_wconf 88' lang='lat' dir='ltr'>certis</span> 
     </span>
     <span class='ocr_line' id='line_1_73' title="bbox 967 1684 1737 1724; baseline 0.004 -11"><span class='ocrx_word' id='word_1_456' title='bbox 967 1684 1079 1722; x_wconf 76' lang='lat' dir='ltr'>signis,</span> <span class='ocrx_word' id='word_1_457' title='bbox 1093 1684 1176 1723; x_wconf 91' lang='lat' dir='ltr'>quod</span> <span class='ocrx_word' id='word_1_458' title='bbox 1188 1684 1250 1714; x_wconf 85' lang='lat' dir='ltr'>illae</span> <span class='ocrx_word' id='word_1_459' title='bbox 1262 1685 1377 1715; x_wconf 82' lang='lat' dir='ltr'>animae</span> <span class='ocrx_word' id='word_1_460' title='bbox 1388 1686 1482 1724; x_wconf 71' lang='lat' dir='ltr'>justae</span> <span class='ocrx_word' id='word_1_461' title='bbox 1497 1694 1564 1716; x_wconf 81' lang='lat' dir='ltr'>suae</span> <span class='ocrx_word' id='word_1_462' title='bbox 1574 1694 1638 1716; x_wconf 88' lang='lat' dir='ltr'>non</span> <span class='ocrx_word' id='word_1_463' title='bbox 1653 1688 1737 1722; x_wconf 83' lang='lat' dir='ltr'>sunt,</span> 
     </span>
     <span class='ocr_line' id='line_1_74' title="bbox 967 1736 1740 1777; baseline 0.003 -10"><span class='ocrx_word' id='word_1_464' title='bbox 967 1740 997 1767; x_wconf 84' lang='lat' dir='ltr'>et</span> <span class='ocrx_word' id='word_1_465' title='bbox 1019 1736 1102 1776; x_wconf 82' lang='lat' dir='ltr'>quod</span> <span class='ocrx_word' id='word_1_466' title='bbox 1124 1746 1163 1767; x_wconf 75' lang='lat' dir='ltr'>ex</span> <span class='ocrx_word' id='word_1_467' title='bbox 1178 1746 1272 1777; x_wconf 84' lang='lat' dir='ltr'>pcena</span> <span class='ocrx_word' id='word_1_468' title='bbox 1287 1740 1361 1768; x_wconf 83' lang='lat' dir='ltr'>sunt</span> <span class='ocrx_word' id='word_1_469' title='bbox 1375 1738 1594 1777; x_wconf 83' lang='lat' dir='ltr'>meliorandae‚</span> <span class='ocrx_word' id='word_1_470' title='bbox 1615 1738 1740 1769; x_wconf 88' lang='lat' dir='ltr'>videtur</span> 
     </span>
     <span class='ocr_line' id='line_1_75' title="bbox 967 1790 1584 1830; baseline 0.005 -11"><span class='ocrx_word' id='word_1_471' title='bbox 967 1790 1051 1829; x_wconf 86' lang='lat' dir='ltr'>quod</span> <span class='ocrx_word' id='word_1_472' title='bbox 1067 1799 1118 1820; x_wconf 80' lang='lat' dir='ltr'>eas</span> <span class='ocrx_word' id='word_1_473' title='bbox 1132 1790 1269 1830; x_wconf 82' lang='lat' dir='ltr'>amplius</span> <span class='ocrx_word' id='word_1_474' title='bbox 1283 1790 1465 1821; x_wconf 85' lang='lat' dir='ltr'>nullatenus</span> <span class='ocrx_word' id='word_1_475' title='bbox 1480 1794 1584 1822; x_wconf 79' lang='lat' dir='ltr'>vexet.</span> 
     </span>
    </p>

    <p class='ocr_par' dir='ltr' id='par_1_18' title="bbox 969 1843 1741 2149">
     <span class='ocr_line' id='line_1_76' title="bbox 1010 1843 1739 1884; baseline 0.001 -11"><span class='ocrx_word' id='word_1_476' title='bbox 1010 1843 1088 1873; x_wconf 89' lang='lat' dir='ltr'>Item</span> <span class='ocrx_word' id='word_1_477' title='bbox 1103 1843 1184 1873; x_wconf 88' lang='lat' dir='ltr'>alius</span> <span class='ocrx_word' id='word_1_478' title='bbox 1199 1845 1245 1873; x_wconf 86' lang='lat' dir='ltr'>est</span> <span class='ocrx_word' id='word_1_479' title='bbox 1262 1843 1316 1882; x_wconf 87' lang='lat' dir='ltr'>qui</span> <span class='ocrx_word' id='word_1_480' title='bbox 1335 1844 1427 1883; x_wconf 89' lang='lat' dir='ltr'>punit</span> <span class='ocrx_word' id='word_1_481' title='bbox 1446 1843 1564 1882; x_wconf 81' lang='lat' dir='ltr'>filium,</span> <span class='ocrx_word' id='word_1_482' title='bbox 1588 1844 1667 1874; x_wconf 88' lang='lat' dir='ltr'>alius</span> <span class='ocrx_word' id='word_1_483' title='bbox 1685 1845 1739 1884; x_wconf 85' lang='lat' dir='ltr'>qui</span> 
     </span>
     <span class='ocr_line' id='line_1_77' title="bbox 969 1895 1739 1936; baseline 0.001 -10"><span class='ocrx_word' id='word_1_484' title='bbox 969 1895 1060 1934; x_wconf 87' lang='lat' dir='ltr'>punit</span> <span class='ocrx_word' id='word_1_485' title='bbox 1079 1895 1313 1933; x_wconf 80' lang='lat' dir='ltr'>latrunculum3</span> <span class='ocrx_word' id='word_1_486' title='bbox 1341 1896 1443 1927; x_wconf 83' lang='lat' dir='ltr'>filium</span> <span class='ocrx_word' id='word_1_487' title='bbox 1464 1898 1549 1927; x_wconf 88' lang='lat' dir='ltr'>enim</span> <span class='ocrx_word' id='word_1_488' title='bbox 1570 1897 1663 1936; x_wconf 88' lang='lat' dir='ltr'>punit</span> <span class='ocrx_word' id='word_1_489' title='bbox 1683 1897 1739 1928; x_wconf 91' lang='lat' dir='ltr'>do-</span> 
     </span>
     <span class='ocr_line' id='line_1_78' title="bbox 970 1948 1740 1989; baseline 0.004 -11"><span class='ocrx_word' id='word_1_490' title='bbox 970 1948 1086 1986; x_wconf 88' lang='lat' dir='ltr'>minus,</span> <span class='ocrx_word' id='word_1_491' title='bbox 1104 1948 1153 1979; x_wconf 89' lang='lat' dir='ltr'>vel</span> <span class='ocrx_word' id='word_1_492' title='bbox 1166 1948 1290 1986; x_wconf 83' lang='lat' dir='ltr'>doctor3</span> <span class='ocrx_word' id='word_1_493' title='bbox 1307 1948 1361 1979; x_wconf 80' lang='lat' dir='ltr'>sed</span> <span class='ocrx_word' id='word_1_494' title='bbox 1375 1949 1530 1980; x_wconf 84' lang='lat' dir='ltr'>latronem</span> <span class='ocrx_word' id='word_1_495' title='bbox 1545 1951 1636 1989; x_wconf 88' lang='lat' dir='ltr'>punit</span> <span class='ocrx_word' id='word_1_496' title='bbox 1649 1951 1740 1981; x_wconf 84' lang='lat' dir='ltr'>emis-</span> 
     </span>
     <span class='ocr_line' id='line_1_79' title="bbox 969 2002 1738 2041; baseline 0.005 -11"><span class='ocrx_word' id='word_1_497' title='bbox 969 2002 1082 2038; x_wconf 68' lang='lat' dir='ltr'>sarius,</span> <span class='ocrx_word' id='word_1_498' title='bbox 1095 2002 1145 2032; x_wconf 81' lang='lat' dir='ltr'>vel</span> <span class='ocrx_word' id='word_1_499' title='bbox 1154 2003 1253 2032; x_wconf 89' lang='lat' dir='ltr'>tortor</span> <span class='ocrx_word' id='word_1_500' title='bbox 1262 2014 1268 2032; x_wconf 88' lang='lat'><strong>:</strong></span> <span class='ocrx_word' id='word_1_501' title='bbox 1278 2002 1332 2033; x_wconf 89' lang='lat' dir='ltr'>sed</span> <span class='ocrx_word' id='word_1_502' title='bbox 1342 2002 1502 2033; x_wconf 69' lang='lat' dir='ltr'>daemones</span> <span class='ocrx_word' id='word_1_503' title='bbox 1512 2005 1738 2041; x_wconf 83' lang='lat' dir='ltr'>sunttortores,</span> 
     </span>
     <span class='ocr_line' id='line_1_80' title="bbox 969 2054 1741 2097; baseline 0.006 -14"><span class='ocrx_word' id='word_1_504' title='bbox 969 2056 999 2084; x_wconf 90' lang='lat' dir='ltr'>et</span> <span class='ocrx_word' id='word_1_505' title='bbox 1021 2054 1098 2093; x_wconf 81' lang='lat' dir='ltr'>justi</span> <span class='ocrx_word' id='word_1_506' title='bbox 1124 2056 1198 2084; x_wconf 84' lang='lat' dir='ltr'>sunt</span> <span class='ocrx_word' id='word_1_507' title='bbox 1223 2055 1303 2085; x_wconf 85' lang='lat' dir='ltr'>sicut</span> <span class='ocrx_word' id='word_1_508' title='bbox 1326 2055 1382 2085; x_wconf 84' lang='lat' dir='ltr'>filii</span> <span class='ocrx_word' id='word_1_509' title='bbox 1408 2067 1414 2086; x_wconf 79' lang='lat' dir='ltr'><em>z</em></span> <span class='ocrx_word' id='word_1_510' title='bbox 1441 2065 1517 2095; x_wconf 85' lang='lat' dir='ltr'>ergo</span> <span class='ocrx_word' id='word_1_511' title='bbox 1540 2065 1741 2097; x_wconf 85' lang='lat' dir='ltr'>nequaquam</span> 
     </span>
     <span class='ocr_line' id='line_1_81' title="bbox 970 2107 1568 2149; baseline 0.003 -12"><span class='ocrx_word' id='word_1_512' title='bbox 970 2107 1161 2138; x_wconf 86' lang='lat' dir='ltr'>conveniens</span> <span class='ocrx_word' id='word_1_513' title='bbox 1175 2110 1222 2138; x_wconf 87' lang='lat' dir='ltr'>est</span> <span class='ocrx_word' id='word_1_514' title='bbox 1237 2107 1306 2138; x_wconf 89' lang='lat' dir='ltr'>illos</span> <span class='ocrx_word' id='word_1_515' title='bbox 1321 2109 1360 2139; x_wconf 88' lang='lat' dir='ltr'>ab</span> <span class='ocrx_word' id='word_1_516' title='bbox 1376 2108 1437 2139; x_wconf 86' lang='lat' dir='ltr'>illis</span> <span class='ocrx_word' id='word_1_517' title='bbox 1452 2109 1568 2149; x_wconf 87' lang='lat' dir='ltr'>puniri.</span> 
     </span>
    </p>

    <p class='ocr_par' dir='ltr' id='par_1_19' title="bbox 970 2160 1742 2362">
     <span class='ocr_line' id='line_1_82' title="bbox 1011 2160 1740 2201; baseline 0.007 -12"><span class='ocrx_word' id='word_1_518' title='bbox 1011 2160 1088 2190; x_wconf 91' lang='lat' dir='ltr'>Item</span> <span class='ocrx_word' id='word_1_519' title='bbox 1104 2160 1262 2199; x_wconf 84' lang='lat' dir='ltr'>injustum</span> <span class='ocrx_word' id='word_1_520' title='bbox 1277 2162 1322 2191; x_wconf 82' lang='lat' dir='ltr'>est</span> <span class='ocrx_word' id='word_1_521' title='bbox 1341 2163 1377 2192; x_wconf 88' lang='lat' dir='ltr'>ut</span> <span class='ocrx_word' id='word_1_522' title='bbox 1391 2162 1446 2201; x_wconf 88' lang='lat' dir='ltr'>qui</span> <span class='ocrx_word' id='word_1_523' title='bbox 1460 2162 1499 2192; x_wconf 89' lang='lat' dir='ltr'>de</span> <span class='ocrx_word' id='word_1_524' title='bbox 1513 2162 1611 2193; x_wconf 89' lang='lat' dir='ltr'>altero</span> <span class='ocrx_word' id='word_1_525' title='bbox 1626 2163 1740 2194; x_wconf 88' lang='lat' dir='ltr'>trium-</span> 
     </span>
     <span class='ocr_line' id='line_1_83' title="bbox 970 2213 1739 2256; baseline 0.007 -13"><span class='ocrx_word' id='word_1_526' title='bbox 970 2213 1098 2252; x_wconf 83' lang='lat' dir='ltr'>phavit,</span> <span class='ocrx_word' id='word_1_527' title='bbox 1115 2213 1217 2244; x_wconf 86' lang='lat' dir='ltr'>eidem</span> <span class='ocrx_word' id='word_1_528' title='bbox 1232 2214 1419 2253; x_wconf 85' lang='lat' dir='ltr'>subjiciatur</span> <span class='ocrx_word' id='word_1_529' title='bbox 1433 2218 1502 2254; x_wconf 90' lang='lat' dir='ltr'>post</span> <span class='ocrx_word' id='word_1_530' title='bbox 1516 2216 1715 2256; x_wconf 88' lang='lat' dir='ltr'>triumphum</span> <span class='ocrx_word' id='word_1_531' title='bbox 1733 2228 1739 2248; x_wconf 79' lang='lat' dir='ltr'><em>z</em></span> 
     </span>
     <span class='ocr_line' id='line_1_84' title="bbox 971 2267 1740 2307; baseline 0.007 -11"><span class='ocrx_word' id='word_1_532' title='bbox 971 2267 1024 2297; x_wconf 72' lang='lat' dir='ltr'>sed</span> <span class='ocrx_word' id='word_1_533' title='bbox 1045 2267 1152 2297; x_wconf 87' lang='lat' dir='ltr'>anima</span> <span class='ocrx_word' id='word_1_534' title='bbox 1171 2268 1232 2298; x_wconf 88' lang='lat' dir='ltr'>viri</span> <span class='ocrx_word' id='word_1_535' title='bbox 1250 2269 1328 2307; x_wconf 86' lang='lat' dir='ltr'>justi</span> <span class='ocrx_word' id='word_1_536' title='bbox 1350 2269 1387 2299; x_wconf 86' lang='lat' dir='ltr'>de</span> <span class='ocrx_word' id='word_1_537' title='bbox 1409 2268 1607 2301; x_wconf 82' lang='lat' dir='ltr'>daemonibus</span> <span class='ocrx_word' id='word_1_538' title='bbox 1627 2271 1740 2301; x_wconf 87' lang='lat' dir='ltr'>trium-</span> 
     </span>
     <span class='ocr_line' id='line_1_85' title="bbox 971 2320 1742 2362; baseline 0.004 -13"><span class='ocrx_word' id='word_1_539' title='bbox 971 2320 1081 2359; x_wconf 87' lang='lat' dir='ltr'>phavit</span> <span class='ocrx_word' id='word_1_540' title='bbox 1102 2321 1135 2350; x_wconf 93' lang='lat' dir='ltr'>in</span> <span class='ocrx_word' id='word_1_541' title='bbox 1156 2321 1216 2350; x_wconf 87' lang='lat' dir='ltr'>hac</span> <span class='ocrx_word' id='word_1_542' title='bbox 1240 2321 1305 2352; x_wconf 87' lang='lat' dir='ltr'>vita</span> <span class='ocrx_word' id='word_1_543' title='bbox 1322 2332 1328 2351; x_wconf 74' lang='grc' dir='ltr'>ε</span> <span class='ocrx_word' id='word_1_544' title='bbox 1347 2330 1424 2360; x_wconf 83' lang='lat' dir='ltr'>ergo</span> <span class='ocrx_word' id='word_1_545' title='bbox 1447 2322 1601 2362; x_wconf 77' lang='lat' dir='ltr'>inJustum</span> <span class='ocrx_word' id='word_1_546' title='bbox 1622 2326 1683 2361; x_wconf 74' lang='lat' dir='ltr'>est,</span> <span class='ocrx_word' id='word_1_547' title='bbox 1710 2325 1742 2353; x_wconf 78' lang='lat' dir='ltr'>ut</span> 
     </span>
    </p>
   </div>
   <div class='ocr_carea' id='block_1_11' title="bbox 971 2373 1742 2457">
    <p class='ocr_par' dir='ltr' id='par_1_20' title="bbox 971 2373 1742 2457">
     <span class='ocr_line' id='line_1_86' title="bbox 971 2373 1742 2416; baseline 0.001 -12"><span class='ocrx_word' id='word_1_548' title='bbox 971 2373 1114 2404; x_wconf 85' lang='lat' dir='ltr'>diabolus</span> <span class='ocrx_word' id='word_1_549' title='bbox 1128 2382 1225 2413; x_wconf 86' lang='lat' dir='ltr'>super</span> <span class='ocrx_word' id='word_1_550' title='bbox 1243 2383 1313 2405; x_wconf 90' lang='lat' dir='ltr'>eam</span> <span class='ocrx_word' id='word_1_551' title='bbox 1336 2384 1425 2414; x_wconf 85' lang='lat' dir='ltr'>posse</span> <span class='ocrx_word' id='word_1_552' title='bbox 1440 2376 1554 2407; x_wconf 88' lang='lat' dir='ltr'>habeat</span> <span class='ocrx_word' id='word_1_553' title='bbox 1573 2379 1642 2416; x_wconf 82' lang='lat' dir='ltr'>post</span> <span class='ocrx_word' id='word_1_554' title='bbox 1661 2377 1742 2406; x_wconf 85' lang='lat' dir='ltr'>hanc</span> 
     </span>
     <span class='ocr_line' id='line_1_87' title="bbox 971 2427 1081 2457; baseline 0.009 -1"><span class='ocrx_word' id='word_1_555' title='bbox 971 2427 1081 2457; x_wconf 85' lang='lat' dir='ltr'>vitam.</span> 
     </span>
    </p>
   </div>
   <div class='ocr_carea' id='block_1_12' title="bbox 973 2506 1738 2574">
    <p class='ocr_par' dir='ltr' id='par_1_21' title="bbox 973 2506 1738 2574">
     <span class='ocr_line' id='line_1_88' title="bbox 974 2506 1738 2539; baseline 0.004 -10"><span class='ocrx_word' id='word_1_556' title='bbox 974 2506 1077 2534; x_wconf 80' lang='lat' dir='ltr'>Brnles.,</span> <span class='ocrx_word' id='word_1_557' title='bbox 1095 2507 1124 2530; x_wconf 76' lang='lat' dir='ltr'>IV</span> <span class='ocrx_word' id='word_1_558' title='bbox 1142 2507 1221 2537; x_wconf 59' lang='lat' dir='ltr'>stent„</span> <span class='ocrx_word' id='word_1_559' title='bbox 1238 2507 1296 2530; x_wconf 76' lang='lat' dir='ltr'>dist.</span> <span class='ocrx_word' id='word_1_560' title='bbox 1315 2513 1357 2537; x_wconf 84' lang='lat' dir='ltr'>xx,</span> <span class='ocrx_word' id='word_1_561' title='bbox 1374 2515 1398 2538; x_wconf 83' lang='lat' dir='ltr'>q.</span> <span class='ocrx_word' id='word_1_562' title='bbox 1418 2514 1441 2530; x_wconf 84' lang='lat' dir='ltr'>v.</span> <span class='ocrx_word' id='word_1_563' title='bbox 1454 2522 1481 2525; x_wconf 96' lang='lat'><strong>—</strong></span> <span class='ocrx_word' id='word_1_564' title='bbox 1499 2509 1506 2522; x_wconf 89' lang='lat'>²</span> <span class='ocrx_word' id='word_1_565' title='bbox 1521 2510 1594 2539; x_wconf 67' lang='lat' dir='ltr'>Aug.y</span> <span class='ocrx_word' id='word_1_566' title='bbox 1610 2509 1639 2532; x_wconf 74' lang='lat' dir='ltr'>(le</span> <span class='ocrx_word' id='word_1_567' title='bbox 1654 2509 1738 2532; x_wconf 60' lang='lat' dir='ltr'>Genesi</span> 
     </span>
     <span class='ocr_line' id='line_1_89' title="bbox 973 2541 1648 2574; baseline 0.004 -10"><span class='ocrx_word' id='word_1_568' title='bbox 973 2541 1006 2564; x_wconf 74' lang='lat' dir='ltr'>ml</span> <span class='ocrx_word' id='word_1_569' title='bbox 1017 2541 1080 2571; x_wconf 58' lang='lat' dir='ltr'>litt„</span> <span class='ocrx_word' id='word_1_570' title='bbox 1095 2542 1138 2566; x_wconf 86' lang='lat' dir='ltr'>lib.</span> <span class='ocrx_word' id='word_1_571' title='bbox 1156 2543 1208 2572; x_wconf 76' lang='grc' dir='ltr'>ΧΙΙ,</span> <span class='ocrx_word' id='word_1_572' title='bbox 1226 2550 1247 2566; x_wconf 86' lang='lat' dir='ltr'>c.</span> <span class='ocrx_word' id='word_1_573' title='bbox 1264 2549 1326 2573; x_wconf 75' lang='lat' dir='ltr'>xvu,</span> <span class='ocrx_word' id='word_1_574' title='bbox 1340 2550 1366 2567; x_wconf 89' lang='lat' dir='ltr'>n.</span> <span class='ocrx_word' id='word_1_575' title='bbox 1382 2544 1420 2573; x_wconf 64' lang='lat'>34,</span> <span class='ocrx_word' id='word_1_576' title='bbox 1436 2544 1519 2574; x_wconf 79' lang='lat' dir='ltr'>quoad</span> <span class='ocrx_word' id='word_1_577' title='bbox 1536 2551 1648 2568; x_wconf 80' lang='lat' dir='ltr'>sensum.</span> 
     </span>
    </p>
   </div>
   <div class='ocr_carea' id='block_1_13' title="bbox 1746 846 1840 867">
    <p class='ocr_par' dir='ltr' id='par_1_22' title="bbox 1746 846 1840 867">
     <span class='ocr_line' id='line_1_90' title="bbox 1746 846 1840 867; baseline -0.011 0"><span class='ocrx_word' id='word_1_578' title='bbox 1746 846 1840 867; x_wconf 70' lang='lat' dir='ltr'>Fundam</span> 
     </span>
    </p>
   </div>
  </div>
 </body>
</html>
