1960 3006
538 209 588 268 S.
642 208 704 269 R.
759 209 817 268 E.
873 208 1321 271 CARDINALIS

206 343 629 443 SANCTI
700 342 1659 444 BONAVENTURAE

482 506 630 533 EPISCOPI
650 507 875 537 ALBANENSIS,
898 507 1000 533 EXIMH
1022 507 1191 534 ECCLESIAE
1212 508 1378 534 DOCTORIS

353 617 409 657 IN
449 618 671 658 LIBRUM
712 618 996 666 QUARTUM
1039 619 1506 660 SENTENTIARUM

650 892 1014 937 DISTINCTIO
1056 894 1219 938 XVIII

174 1001 208 1020 DE
224 999 424 1021 CONFESSIONE
440 999 665 1021 SACRAMENTALI
682 1001 711 1020 IN
729 1002 775 1027 SE,
794 1001 937 1025 QFANTUM
953 1002 992 1022 Ar·
1008 1001 1201 1022 POTESTATEM
1219 1002 1405 1023 ABSOLVENDI
1422 1002 1550 1024 VIRTUTE
1566 1003 1697 1024 CLAVIUM

742 1054 771 1074 IN
791 1054 868 1074 FORO
889 1054 1121 1076 POENITENTIALI.

860 1161 969 1196 PARS
994 1162 1015 1196 Ι.

442 1250 478 1270 DE
501 1249 677 1270 REMISSIONE
700 1250 894 1275 sACEthOTls,
919 1250 1063 1276 QFOMODO
1085 1251 1241 1272 VIDELICET
1263 1252 1428 1273 ABSvaAT.

193 1329 251 1360 Hic
265 1329 367 1372 quaeri
385 1330 482 1369 solet,
499 1330 525 1361 si
540 1333 705 1373 peccatum
721 1329 856 1361 omnino
871 1329 1041 1362 dimissum
1063 1334 1110 1362 est
1124 1342 1142 1363 a
1156 1330 1222 1363 Deo
1237 1342 1294 1374 per
1309 1331 1412 1363 cordis
1427 1332 1652 1365 contritionem
1666 1359 1673 1373 ‚
1692 1344 1731 1365 ex

154 1398 219 1429 quo
239 1387 397 1429 pcenitens
421 1391 533 1419 votum
558 1386 673 1418 hahuit
694 1386 869 1418 confitendi
883 1411 891 1426 ‚
909 1387 987 1429 quid
1010 1391 1118 1430 postea
1139 1387 1323 1419 dimittatur
1342 1388 1371 1419 ei
1394 1399 1413 1420 a
1431 1389 1604 1423 sacerdote.
1630 1390 1731 1422 Video

149 1443 235 1475 enim
252 1454 317 1486 quo
337 1443 467 1475 vinculo
492 1454 566 1475 euni
586 1443 665 1485 ligat
680 1468 687 1482 ,
711 1443 831 1474 scilicet
856 1443 1042 1486 temporalis
1063 1454 1185 1487 poenae3
1203 1444 1257 1475 sed
1274 1455 1339 1476 non
1354 1456 1373 1476 a
1392 1456 1457 1488 quo
1477 1457 1552 1477 eum
1572 1447 1729 1479 absolvat.

149 1500 187 1531 Et
203 1500 274 1532 ideo
288 1511 398 1543 quaero
412 1513 418 1532 :
433 1502 515 1533 Ante
530 1500 767 1544 poenitudinem
785 1500 905 1544 quippe
920 1500 1025 1532 cordis
1039 1501 1149 1532 anima
1165 1501 1212 1533 rei
1228 1501 1389 1533 maculam
1405 1501 1502 1534 habet
1515 1527 1523 1543 ,
1541 1506 1571 1534 et
1586 1503 1732 1536 foetorem

148 1557 270 1600 peccati
284 1583 291 1597 ‚
310 1561 406 1601 atque
427 1562 553 1590 aeternae
575 1557 709 1589 ultionis
735 1557 866 1589 vinculo
892 1557 990 1599 ligata
1012 1558 1141 1597 existit;
1164 1558 1190 1589 si
1212 1569 1289 1590 vero
1311 1562 1384 1590 ante
1407 1559 1661 1600 (onfessioneui,
1677 1572 1734 1604 per

149 1613 254 1646 cordis
274 1615 503 1646 contritionem
532 1614 615 1646 Deus
640 1625 696 1657 per
719 1614 860 1657 seipsum
882 1614 951 1646 sine
975 1615 1152 1646 ministerio
1175 1614 1367 1655 sacerdotis,
1388 1620 1419 1647 et
1438 1615 1584 1648 debitum
1600 1618 1734 1650 omnino

150 1670 291 1710 relaxat,
308 1675 339 1702 et
353 1671 497 1703 animam
513 1671 650 1703 interius
672 1675 791 1714 purgat
805 1683 823 1703 a
838 1671 1029 1713 contagione
1045 1676 1075 1703 ct
1089 1672 1203 1704 foetore
1218 1672 1338 1715 peccati
1349 1699 1357 1713 ,
1379 1673 1459 1716 quid
1475 1684 1551 1715 ergo
1572 1674 1733 1706 mundat?

150 1727 229 1771 quid
246 1728 379 1760 dimittit
394 1728 564 1761 sacerdos?
581 1728 636 1761 ubi
651 1732 728 1760 sunt
742 1728 848 1761 claves
862 1728 925 1760 illae
941 1754 947 1767 ‚
963 1740 1044 1771 quas
1060 1729 1218 1761 Dominus
1233 1729 1367 1761 tradidit
1380 1729 1477 1762 Petro
1496 1734 1527 1762 et
1546 1731 1736 1763 successori-

151 1784 211 1816 bus
239 1784 328 1828 ejus,
352 1785 498 1817 dicens¹:
530 1785 598 1818 Tibi
626 1785 710 1817 (labo
738 1786 842 1817 clares
866 1786 959 1829 requi
987 1786 1140 1817 coelorum
1158 1812 1166 1824 ‚
1184 1792 1215 1817 et
1244 1797 1452 1830 quaecumque
1478 1787 1631 1830 liqaverz‘s
1641 1799 1736 1831 super

152 1848 274 1874 terram
286 1869 294 1881 ,
312 1849 406 1874 erunt
427 1843 533 1886 liqata
549 1849 578 1875 et
593 1843 627 1874 z‘n
647 1843 724 1875 coelo
738 1868 745 1882 ,
761 1849 791 1874 et
808 1853 1015 1885 qzcoecwnque
1038 1843 1168 1874 solveris
1192 1854 1286 1887 super
1307 1849 1429 1875 terram
1441 1870 1450 1883 ,
1469 1851 1564 1876 erant
1585 1845 1691 1877 solnta
1707 1851 1737 1876 et

152 1900 187 1930 in
202 1899 299 1931 coelo?
315 1899 357 1930 Ut
371 1903 479 1931 autem
495 1899 661 1942 praemissa
676 1899 810 1942 quaestio
825 1900 954 1942 plenius
978 1900 1131 1943 explicari
1148 1900 1270 1939 valeat,
1288 1900 1382 1943 quasi
1404 1901 1504 1933 altius
1527 1901 1624 1934 ducto
1648 1906 1714 1933 rete
1727 1928 1735 1942 ‚

153 1955 192 1987 de
207 1955 256 1987 his
270 1955 416 1988 clavibus
430 1959 461 1987 et
477 1967 538 1988 usu
554 1966 667 1988 earum
682 1956 888 1988 disseramus.

198 2012 312 2045 Claves
327 2012 392 2045 istae
416 2023 482 2044 non
503 2016 579 2044 sunt
592 2013 774 2056 corporales
788 2039 795 2054 ‚
813 2013 867 2045 sed
883 2013 1067 2057 spirituales
1081 2039 1088 2053 ,
1106 2013 1225 2045 scilicet
1242 2013 1445 2046 discernendi
1461 2014 1595 2047 scientia
1608 2041 1616 2055 ,
1633 2020 1664 2048 et
1680 2027 1736 2059 po-

156 2069 254 2101 tentia
272 2069 458 2112 judicandi,
476 2069 508 2101 id
524 2073 587 2109 est,
609 2069 734 2112 ligandi
758 2074 789 2102 et
813 2070 978 2109 solvendi⁷
1005 2082 1070 2114 qua
1093 2070 1208 2112 dignos
1232 2070 1391 2114 recipere,
1413 2075 1444 2102 et
1466 2071 1617 2114 indignos
1641 2072 1735 2104 debet

154 2125 324 2158 excludere
339 2137 358 2158 a
372 2137 472 2168 regno
487 2126 718 2158 ecclesiasticus
738 2126 840 2169 judex
853 2153 860 2167 ,
877 2127 935 2170 qui
958 2127 1040 2159 sicut
1065 2127 1162 2159 habet
1179 2127 1234 2170 jus
1254 2127 1396 2169 ligandi,
1412 2127 1458 2160 ita
1478 2132 1509 2160 et
1531 2128 1732 2161 absolvendi.

156 2182 248 2214 Unde
262 2183 454 2215 Ambrosius
467 2185 476 2199 ²
490 2194 496 2214 ε
519 2195 535 2214 «
550 2183 710 2215 Dominus
725 2195 782 2227 par
793 2183 847 2226 jus
860 2187 891 2216 et
904 2184 1051 2216 solvendi
1066 2195 1132 2216 esse
1148 2184 1269 2223 voluit,
1287 2188 1317 2215 et
1330 2184 1471 2226 ligandi,
1486 2186 1543 2229 qui
1557 2190 1735 2230 utrumque

156 2239 225 2283 pari
251 2240 435 2272 conditione
459 2240 618 2284 promisit.
649 2240 733 2282 Ergo
758 2241 815 2283 qui
841 2241 987 2273 solvendi
1006 2240 1061 2284 jus
1084 2252 1150 2273 non
1169 2240 1282 2280 habet,
1306 2252 1364 2272 nec
1390 2241 1513 2283 ligandi
1537 2242 1678 2275 habet.»
1696 2243 1736 2275 Et

156 2296 241 2328 infra
258 2310 264 2329 :
284 2310 300 2327 «
317 2297 449 2329 Certum
470 2302 516 2330 est
543 2297 631 2341 quod
657 2298 804 2330 Ecclesiae
822 2303 1000 2341 utrumque
1022 2298 1111 2337 licet,
1130 2298 1258 2330 haeresis
1273 2301 1452 2341 utrumque
1473 2309 1537 2330 non
1554 2298 1659 2331 habet.
1675 2300 1735 2332 Jus

157 2356 243 2387 enim
258 2355 317 2388 hoc
331 2356 407 2388 solis
422 2356 616 2400 permissum
631 2360 677 2388 est
700 2357 930 2389 sacerdotibus.
954 2357 1050 2389 Recte
1065 2368 1141 2399 ergo
1158 2356 1298 2388 Ecclesia
1321 2356 1381 2389 hoc
1398 2357 1459 2388 sibi
1478 2357 1621 2390 vindicat
1635 2384 1642 2399 ,
1663 2370 1734 2403 qua}

157 2423 249 2444 veros
277 2412 454 2445 sacerdotes
482 2413 577 2445 habet
606 2426 611 2444 :
642 2413 770 2446 haeresis
800 2414 964 2446 vindicare
994 2425 1059 2446 non
1088 2417 1190 2456 potest
1204 2439 1211 2453 ,
1241 2424 1313 2457 quae
1343 2424 1436 2446 veros
1463 2415 1642 2448 sacerdotes
1668 2427 1734 2448 non

158 2468 264 2501 hahet.
282 2481 298 2499 i)

200 2525 285 2558 Usus
299 2536 376 2558 vero
390 2525 508 2558 harum
522 2527 664 2559 clavium
685 2527 859 2570 multiplex
874 2532 936 2567 est,
953 2528 1135 2560 discernere
1158 2527 1278 2559 scilicet
1302 2527 1468 2571 ligandos,
1486 2533 1517 2561 et
1541 2530 1712 2563 solvendos
1727 2556 1734 2571 ,

191 2628 193 2637 ¹
209 2626 306 2657 illaIlle,
325 2633 381 2655 xvi,
398 2629 432 2651 19.
446 2641 473 2644 —-
488 2629 498 2644 ²
511 2629 607 2658 Ainbr„
620 2629 648 2652 (le
664 2630 760 2659 Poemr„
777 2630 818 2652 lib.
838 2631 858 2659 Ι,
875 2640 896 2652 c.
915 2636 942 2659 11,
958 2637 982 2653 u.
998 2631 1020 2659 7,
1038 2632 1058 2653 υἱ
1077 2629 1191 2659 hahetur,
1207 2630 1236 2652 de
1253 2630 1350 2659 Poenis„
1367 2630 1422 2653 ctist.
1440 2637 1461 2660 i,
1480 2639 1501 2653 ι’.
1524 2631 1623 2653 Ver-hum
1642 2632 1693 2653 Dm.

257 2679 330 2700 Tou.
354 2679 398 2701 vi.
1624 2677 1636 2703 1

1750 1517 1852 1538 Ratiodu-

1749 1549 1839 1569 biwndi.

1754 2033 1783 2053 De
1793 2032 1857 2053 cluvi-

1754 2066 1799 2085 hus·

1778 2537 1808 2558 De
1818 2543 1857 2557 usu

1753 2568 1851 2588 clavium.
