1991 3006
63 2490 140 2517 Opinio

49 2521 146 2542 aliorum,

182 225 240 255 574

180 292 248 321 tum
263 294 309 322 est
324 292 432 323 vivere
447 293 478 322 in
496 292 568 331 Deo,
585 294 615 324 et
630 293 691 324 Deo
706 304 712 324 :
729 294 781 324 sed
800 295 887 333 prius
900 304 953 325 na-

181 344 324 375 turaliter
339 345 418 375 vivit
433 347 554 383 anima,
573 355 669 386 quam
684 348 832 387 potentiae
850 360 855 378 :
875 358 952 387 ergo

180 397 269 436 prius
283 398 462 429 vivificatur
476 408 495 429 a
510 399 582 430 Deo.

219 452 248 480 2.
268 450 343 480 Item
364 452 525 482 beatitudo
545 453 575 483 in
597 453 704 484 anima
728 457 774 485 est
794 464 872 490 una,
897 456 950 486 sed

179 503 325 541 potentias
345 507 419 534 snut
435 505 542 544 plures
559 517 564 535 ς
583 507 636 537 sed
654 507 860 547 multiplicato
875 508 952 539 sub-

174 556 258 594 jecto
274 556 393 595 primo,
412 566 537 588 necesse
552 562 598 589 est
613 560 814 599 multiplicari
833 562 949 600 perfee-

178 608 295 638 tionem
314 620 320 639 :
338 618 428 649 ergo,
444 613 502 642 etc.

219 664 247 692 3.
267 662 342 692 ltem
358 663 439 694 Deus
453 667 499 694 est
512 665 642 696 intimus
654 667 712 706 ipsi
725 668 840 698 anima}
854 677 950 707 :ergo

179 724 251 745 cum
272 716 436 747 beatitudo
451 718 538 748 sitin
556 719 661 750 anima
677 729 730 759 per
751 721 948 751 inssnentIam

177 777 195 797 a
211 768 282 806 Deo,
301 769 353 799 illa
366 770 530 801 influentia
546 773 683 811 procedit
697 774 736 803 ab
752 774 863 804 intimo
877 785 883 804 z
896 775 949 805 scd

177 821 349 852 substantia
360 823 404 853 rei
417 827 528 855 creatae
541 825 682 863 interior7
699 829 745 856 cst
755 828 842 866 prior
853 837 949 867 quam

176 875 334 912 potentia:
347 884 425 914 ergo
441 877 599 908 beatitudo
615 879 702 918 prius
714 880 818 910 inlluit
833 881 865 911 in
879 882 950 911 sub-

176 927 336 958 stantiam.

216 980 328 1011 Contra
347 993 352 1012 :
370 982 534 1013 Beatitudo
546 984 627 1015 inest
641 986 758 1017 animae
775 988 948 1018 secundum

175 1034 258 1072 quod
273 1043 371 1074 capax
386 1038 432 1066 est
447 1036 511 1075 Dei⁷
529 1040 558 1067 et
572 1038 726 1079 particeps
742 1049 808 1070 essc
824 1043 923 1080 potest
940 1053 946 1071 :

174 1086 227 1117 sed
239 1096 339 1127 capax
352 1092 398 1119 est
414 1091 588 1121 secundum
604 1092 786 1131 imagInem,
800 1097 829 1124 et
842 1094 949 1133 imago

173 1141 347 1172 secundum
370 1147 525 1182 mentem7
551 1148 579 1175 ct
604 1155 694 1176 mens
717 1150 763 1177 est
784 1148 895 1178 oculus
919 1151 949 1178 ct

174 1195 312 1233 potentia
328 1197 443 1228 animae
458 1209 463 1228 :
480 1207 557 1237 ergo
573 1199 732 1230 beatitudo
748 1201 829 1230 inest
847 1201 949 1240 primo

173 1248 289 1279 animae
305 1252 477 1282 secundum
496 1253 678 1292 potentiam.

214 1301 290 1332 ltem
324 1303 484 1335 beatitudo
514 1306 595 1336 inest
623 1307 740 1338 anima}
773 1309 947 1340 secundum

173 1355 303 1385 modum
331 1358 496 1396 specialem
524 1359 651 1389 unionis
678 1360 730 1390 Dei
755 1363 785 1391 et
810 1362 944 1400 animan

173 1408 224 1438 sed
241 1409 354 1439 modus
377 1411 518 1449 specialis
533 1421 598 1443 non
612 1416 658 1443 est
676 1414 734 1443 nisi
756 1423 812 1454 per
833 1416 945 1454 cogni—

174 1461 289 1491 tionem
315 1464 500 1501 perfectam,
525 1467 553 1495 et
577 1475 735 1502 amorem,
761 1470 791 1497 et
813 1468 881 1498 haec
902 1472 948 1499 est

171 1523 228 1553 per
242 1516 394 1554 potentias
412 1528 417 1547 ε
436 1526 525 1556 ergo,
541 1520 598 1549 etc.

213 1567 290 1598 Item
315 1568 476 1601 beatitudo
496 1574 542 1602 est
565 1572 694 1603 habitus
720 1576 890 1612 secundus,
916 1579 943 1606 el

172 1621 318 1659 perfectio
336 1624 475 1654 secunda
494 1636 498 1654 z
517 1625 570 1655 sed
592 1627 696 1656 omnis
712 1628 869 1658 sccundus
886 1630 946 1659 lia-

171 1674 271 1711 bitus,
293 1678 322 1705 et
344 1677 490 1715 perfectio
514 1680 650 1709 secunda
670 1680 749 1711 inest
769 1682 943 1712 secundum

171 1726 265 1758 aliam
290 1730 461 1767 potentiam
488 1732 675 1771 recipiendi,
701 1743 773 1773 quae
800 1735 903 1765 differt
927 1746 944 1766 a

170 1780 345 1812 substantia
359 1794 365 1812 :
383 1792 462 1822 ergo
477 1785 637 1816 beatitudo
652 1796 716 1817 non
732 1787 811 1818 inest
828 1789 943 1819 animae

170 1842 225 1871 per
240 1835 448 1866 substantiam
464 1837 657 1869 immediate.

211 1886 304 1925 Item,
323 1888 347 1918 si
363 1889 542 1921 immediate
559 1894 589 1921 et
607 1892 708 1931 primo
724 1903 779 1932 per
794 1895 941 1926 substan-

170 1939 261 1977 tiam,
285 1950 378 1980 ergo,
399 1942 565 1974 abstractis
586 1945 742 1983 potentiis,
760 1948 874 1986 poterit
890 1948 942 1979 in-

170 1992 269 2032 telligi
290 1995 395 2025 anima
419 1996 556 2034 gloriosa
574 2008 579 2027 ;
597 2007 675 2037 ergo
699 1999 869 2038 abstracto,
894 2002 943 2032 vel

169 2047 235 2075 esto
249 2047 332 2085 quod
346 2047 445 2078 Deum
460 2058 524 2079 non
541 2050 661 2087 videat,
684 2061 741 2081 nec
763 2057 862 2091 amet,
885 2055 941 2085 erit

169 2098 307 2136 gloriosa
324 2101 361 2139 (a)
381 2109 388 2130 :
404 2101 488 2140 quod
504 2102 637 2132 stultum
652 2105 698 2133 est
716 2104 819 2135 dicere
833 2109 942 2137 contra

171 2149 312 2182 Sanctos.

441 2225 661 2257 CONCLUSIO.

169 2302 309 2330 Beatitudo
325 2308 362 2330 est
378 2306 406 2331 in
422 2307 514 2332 anima
527 2307 615 2340 primo
630 2307 769 2334 secundum
781 2311 938 2343 potentiam,

204 2347 234 2372 in
250 2349 378 2380 quantum
394 2349 454 2382 ipsa
470 2352 537 2376 tenet
557 2352 689 2378 rationem
707 2352 879 2385 substantiae,
897 2363 940 2381 ve-

206 2390 257 2418 luti
272 2393 354 2418 etiam
368 2395 469 2426 gralia.

209 2469 300 2510 Resp.
318 2470 356 2501 ad
371 2480 440 2510 arg.
458 2471 627 2503 Dicendum
639 2476 722 2514 quod
738 2476 844 2515 opinio
859 2487 936 2517 quo-

168 2523 315 2553 rumdam
330 2526 393 2562 est,
415 2525 496 2555 sicut
512 2525 550 2556 de
565 2527 683 2565 gratia,
708 2528 752 2558 ita
766 2529 804 2559 de
824 2530 938 2569 gloria,

168 2576 251 2614 quod
267 2575 348 2606 sicut
363 2576 467 2608 differt
484 2578 587 2616 gratia
602 2581 632 2608 et
647 2579 764 2618 virtus,
782 2582 825 2611 ita
841 2583 939 2613 beati-

168 2628 244 2658 tudo
263 2631 293 2659 et
313 2629 369 2660 dos
385 2640 391 2660 :
410 2632 439 2660 et
456 2631 537 2662 sieut
554 2631 657 2670 gratia
676 2634 800 2672 respicit
821 2636 938 2668 animae

199 2689 231 2719 (α)
247 2690 313 2714 Edit.
336 2691 389 2715 Ven.
407 2692 535 2722 gloriosae.

741 227 1048 259 SENTENTIARUM
1073 228 1145 259 LlB.
1171 229 1218 260 lV.

1007 295 1214 326 substantiam
1228 320 1235 334 ‚
1260 298 1290 327 et
1312 297 1383 328 ideo
1405 300 1452 328 est
1474 307 1553 336 una;
1577 298 1680 330 virtus
1703 308 1779 332 vero

1008 350 1195 388 potentian1‚
1219 352 1250 380 et
1264 350 1333 381 ideo
1349 350 1472 391 plures;
1489 352 1533 382 sic
1548 354 1578 382 et
1591 352 1694 391 gloria
1707 362 1779 394 quae

1007 401 1123 432 animae
1145 402 1352 433 substantiam
1372 403 1511 443 respicit,
1536 404 1605 434 ideo
1627 407 1674 435 est
1695 415 1778 444 una;

1006 454 1059 484 sed
1081 454 1168 485 dotes
1191 456 1360 495 potentias,
1384 456 1455 487 ideo
1477 456 1593 496 plures.
1615 457 1652 488 Et
1671 467 1779 490 exem-

1007 507 1094 546 plum
1116 509 1258 539 naturale
1278 512 1324 540 est
1343 510 1375 540 in
1394 510 1501 540 anima
1524 510 1665 542 humana
1683 513 1778 552 perfi-

1005 561 1105 591 ciente
1125 571 1254 602 corpus.
1276 572 1349 603 qnae
1373 563 1406 593 in
1428 566 1584 603 quantum
1602 565 1778 604 vivificans,

1007 615 1133 654 respicit
1151 617 1419 656 complexionem,
1439 626 1512 657 quae
1527 620 1574 648 est
1588 628 1652 649 una
1667 619 1702 649 in
1715 621 1780 650 toto

1005 677 1151 708 corp0re;
1170 670 1201 699 in
1217 673 1372 709 quantum
1388 673 1501 709 motor,
1519 672 1646 711 respicit
1658 681 1780 712 organa

1005 722 1138 753 diversa.
1156 723 1215 753 Sed
1229 724 1321 753 credo
1333 724 1393 754 hoc
1403 734 1470 755 esse
1481 725 1584 763 magis
1598 734 1656 764 per
1669 735 1781 766 appro-
1795 744 1890 772 lmpmb„

1006 775 1205 814 priationmn,
1218 786 1314 816 quam
1325 778 1547 816 proprietatem
1559 780 1590 807 et
1600 778 1777 811 veritatem.

1006 827 1124 868 Corpus
1139 829 1225 859 enim
1242 838 1408 869 nunquam
1423 830 1609 869 dispositum
1621 833 1668 862 est
1681 826 1721 862 ad
1736 832 1780 863 vi-

1006 883 1080 919 tam,
1101 881 1369 922 qualemcumque
1384 882 1498 913 habeat
1515 883 1777 923 complexionem,

1006 934 1064 963 nisi
1075 934 1169 964 etiam
1185 935 1300 966 habeat
1314 935 1585 974 organizationem
1599 947 1604 966 :
1621 937 1706 968 unde
1722 947 1780 969 nec

1006 988 1171 1018 influentia
1184 988 1276 1025 vitaz,
1300 998 1357 1019 nec
1382 992 1488 1020 motus
1505 992 1551 1020 est
1570 990 1610 1020 ab
1626 990 1732 1022 anima
1748 991 1779 1022 in

1005 1050 1130 1080 corpus,
1148 1041 1207 1071 nisi
1226 1042 1413 1072 naturaliter
1427 1043 1609 1082 praeexistat
1619 1044 1780 1084 dispositio

1004 1094 1262 1132 organizationis.
1288 1094 1440 1125 Similiter
1459 1096 1553 1126 credo
1574 1097 1607 1126 in
1628 1097 1733 1136 gratia
1748 1100 1779 1128 et

1005 1147 1122 1185 gloria,
1147 1147 1232 1187 quod
1255 1148 1363 1178 anima
1389 1157 1453 1178 non
1478 1151 1524 1179 est
1547 1158 1646 1189 capax
1666 1149 1778 1189 gratiae

1004 1209 1060 1230 nec
1084 1200 1212 1239 gloriae,
1238 1201 1295 1231 nisi
1320 1211 1375 1241 per
1400 1204 1550 1232 mentem.
1577 1202 1665 1233 Unde
1686 1203 1778 1234 eredo

1004 1253 1087 1292 quod
1105 1255 1170 1283 tam
1186 1254 1306 1292 gratia,
1331 1264 1427 1294 quam
1443 1254 1548 1294 gloria
1568 1255 1670 1295 primo
1684 1258 1730 1286 est
1745 1256 1778 1287 in

1004 1306 1153 1345 potentia.
1176 1307 1233 1338 Sed
1255 1317 1323 1339 esse
1346 1308 1464 1347 aliquid
1486 1309 1518 1338 in
1541 1309 1694 1348 potentia,
1717 1309 1778 1340 hoc

1004 1361 1050 1389 est
1065 1360 1231 1399 dupliciter
1248 1371 1254 1390 ε
1272 1363 1326 1391 aut
1344 1361 1519 1392 secundum
1541 1361 1777 1401 dispositionem

1003 1415 1033 1443 et
1055 1413 1304 1445 habilitationem
1327 1417 1395 1454 ejus
1414 1415 1453 1445 ad
1473 1417 1579 1445 actum
1598 1415 1775 1455 proprium,

1003 1466 1076 1505 quia
1091 1467 1135 1497 sic
1152 1467 1300 1506 potentiae
1316 1468 1572 1506 distinguuntur,
1589 1470 1619 1498 et
1633 1468 1718 1508 quod
1734 1469 1778 1500 sic

1002 1520 1091 1550 estin
1103 1521 1238 1560 potentia
1252 1521 1490 1561 multiplicatur,
1501 1524 1531 1552 et
1540 1522 1628 1552 estin
1637 1522 1777 1562 potentia

1002 1575 1177 1605 secundum
1198 1575 1352 1605 rationem
1376 1576 1537 1614 potentiae3
1561 1576 1681 1616 aliquid
1700 1586 1776 1608 vero

1002 1629 1048 1656 est
1075 1627 1107 1656 in
1132 1628 1271 1666 potentia
1295 1628 1468 1658 secundum
1496 1629 1776 1660 conformationem

1002 1681 1099 1719 ipsius
1109 1682 1147 1711 ad
1161 1681 1289 1721 aliquod
1302 1691 1416 1719 unum,
1430 1685 1459 1712 et
1472 1682 1622 1713 unionem
1635 1683 1675 1713 ad
1685 1682 1773 1721 illud,

1001 1736 1029 1763 et
1046 1734 1130 1773 quod
1146 1734 1190 1764 sic
1203 1737 1249 1764 est
1263 1735 1295 1764 in
1311 1735 1450 1774 potentia
1464 1744 1530 1766 non
1546 1735 1776 1775 multiplicatur

1001 1787 1034 1817 in
1049 1788 1198 1827 potentiis
1215 1798 1222 1818 :
1241 1788 1305 1818 imo
1319 1797 1386 1819 esse
1401 1789 1432 1819 in
1448 1789 1587 1829 potentia
1602 1789 1717 1820 dicitur
1729 1799 1775 1821 se-

1000 1841 1139 1871 cundum
1154 1841 1237 1881 quod
1253 1841 1348 1872 habet
1358 1842 1512 1873 rationem
1525 1842 1728 1881 substantiae3
1744 1845 1775 1874 et

1000 1894 1043 1923 sic
1060 1895 1164 1932 gratia
1178 1897 1208 1925 et
1224 1895 1338 1934 gloria,
1356 1904 1493 1935 quarum
1509 1905 1713 1936 unaquaeque
1727 1899 1775 1927 est

1000 1948 1203 1987 deiformitas,
1217 1951 1248 1979 et
1258 1949 1461 1979 conformitas
1470 1950 1508 1980 ad
1522 1949 1634 1981 Deum.
1651 1950 1688 1981 Et
1699 1950 1774 1990 quia

1000 2002 1057 2032 uui
1071 2004 1102 2033 et
1117 2003 1219 2033 eidem
1234 2004 1451 2034 conformatur
1462 2007 1491 2034 et
1503 2005 1694 2036 reformatur
1705 2005 1772 2045 ipsa

999 2055 1121 2093 anima3
1145 2056 1215 2087 ideo
1229 2066 1293 2087 una
1307 2059 1354 2087 est
1371 2058 1475 2095 gratia
1489 2060 1520 2088 et
1535 2058 1638 2097 gloria
1652 2058 1686 2089 in
1700 2058 1772 2097 plu-

998 2108 1087 2138 ribus
1105 2109 1268 2148 potentiis,
1290 2110 1370 2139 sicut
1383 2119 1446 2141 una
1460 2110 1567 2141 anima
1581 2111 1613 2141 in
1626 2111 1772 2150 pluribus

998 2161 1141 2200 organis,
1154 2165 1184 2192 et
1195 2171 1258 2191 una
1269 2162 1385 2192 sanitas
1395 2162 1427 2192 in
1438 2162 1584 2202 pluribus
1598 2163 1768 2194 membris:

998 2216 1029 2244 et
1042 2214 1102 2244 hoe
1117 2213 1234 2245 clarius
1248 2214 1281 2244 in
1296 2215 1433 2245 secundo
1448 2215 1641 2255 disputatum
1656 2218 1718 2254 est,
1737 2216 1771 2247 in

997 2267 1068 2297 dist.
1085 2276 1164 2298 xxvi
1179 2267 1218 2298 cte
1235 2267 1357 2299 Gratia.

1039 2323 1066 2350 1.
1089 2320 1136 2351 Ad
1151 2320 1229 2351 illud
1245 2321 1327 2360 quod
1344 2321 1501 2360 objicitur,
1524 2322 1609 2361 quod
1624 2323 1712 2362 prius
1724 2325 1771 2354 est

997 2373 1152 2404 vivificari
1163 2374 1303 2404 animam
1314 2383 1411 2414 quam
1422 2375 1588 2414 potentias,
1601 2375 1769 2407 dicendum

996 2426 1082 2466 quod
1104 2435 1219 2457 verum
1241 2429 1288 2456 est
1301 2426 1339 2457 de
1358 2427 1423 2457 vita
1441 2436 1515 2467 quae
1535 2431 1582 2458 est
1599 2430 1688 2459 actus
1702 2428 1767 2469 pri-

998 2488 1082 2517 mus;
1106 2479 1158 2510 sed
1176 2488 1239 2510 non
1258 2479 1295 2509 de
1312 2480 1377 2510 vita
1397 2489 1469 2519 quae
1489 2483 1535 2512 est
1551 2483 1639 2512 actus
1653 2491 1766 2513 secun-

995 2533 1065 2563 dus,

1035 2588 1065 2616 ⁶2.
1082 2585 1129 2616 Ad
1145 2585 1231 2616 aliud
1241 2586 1310 2624 jam
1325 2588 1409 2625 patet
1423 2587 1597 2626 responsio,
1613 2589 1690 2628 quia
1702 2598 1766 2620 non

995 2641 1041 2669 est
1054 2638 1156 2678 gloria
1168 2638 1201 2668 in
1215 2639 1361 2678 potentiis
1374 2639 1546 2670 secundum
1560 2641 1646 2680 quod
1660 2641 1766 2672 distin-

996 2694 1154 2730 guuntur,
1179 2691 1231 2722 sed
1254 2692 1428 2723 secundum
1452 2693 1536 2732 quod
1557 2694 1713 2725 uniuntur
1733 2695 1764 2725 in

1807 1381 1888 1408 Explic.
