1991 3006
111 1352 172 1374 Ratio
184 1356 202 1374 1.

108 1384 216 1411 explicati-

145 1422 178 1436 vu,

112 1669 171 1690 nnio
193 1670 212 1689 2.

230 205 286 234 586

485 333 745 367 CONCLUSIO.

229 420 323 447 Sensus
350 421 421 447 visus
445 422 470 447 et
496 422 580 447 tactus
606 422 633 447 in
662 422 817 457 corporibus
841 420 999 455 fllorz'ficalis

264 466 338 491 erunt
358 466 387 490 in
407 472 452 491 suo
476 467 556 496 αείας
577 465 628 492 alii
647 474 706 492 vcro
731 467 838 492 minime
851 485 858 497 ,
883 465 943 491 licet
964 465 999 490 sit

264 508 375 535 dubium
390 508 420 535 de
434 508 541 535 auditu.

270 592 360 632 Resp.
377 593 415 623 ad
436 602 504 632 arg.
529 593 702 624 Dicendum
722 593 805 632 quod
826 602 914 633 posse
927 601 997 623 sen-

229 646 287 676 tire
322 648 367 676 est
401 655 441 676 ex
480 647 705 685 conjunctione
739 647 885 685 potentiae
926 655 998 676 cum

229 708 350 738 organo
365 699 444 729 bene
465 699 615 739 disposito
631 710 639 737 3
656 701 771 730 sentire
790 708 865 729 vero
885 702 931 730 est
957 708 995 729 ex

228 753 450 793 conjunctione
473 754 572 794 ipsius
592 764 664 785 cum
684 755 817 793 objecto.
843 754 999 790 Quoniam

230 807 331 845 igitur
346 807 389 837 ibi
404 810 497 837 erunt
510 809 657 847 potentiae
673 809 851 846 coniunctae
866 807 999 845 organis

229 860 308 891 bene
328 860 503 900 dispositis5
530 861 573 891 ibi
600 863 694 891 erunt
718 869 829 891 omnes
850 861 1000 899 potentiae

229 913 393 944 sentiendi.
420 913 575 950 Quoniam
605 924 681 944 vero
705 915 826 953 objecta
854 913 999 943 omnium

229 975 380 997 sensuum
403 975 465 997 non
481 969 573 997 erunt
588 968 621 997 in
636 967 738 1006 gloria
750 991 757 1003 ‚
780 967 833 997 sed
848 976 1000 1006 qnorum-

229 1021 320 1058 dam;
337 1020 407 1051 ideo
427 1021 555 1060 quidam
578 1023 673 1051 crunt
694 1022 726 1051 in
748 1023 819 1051 actu
834 1030 891 1051 suo
903 1045 911 1058 ,
929 1021 1001 1059 qui-

229 1073 301 1104 dam
329 1083 403 1104 vero
429 1083 503 1104 non.
530 1074 657 1113 ObJecta
681 1074 767 1104 enim
788 1074 1000 1113 quorumdam

229 1136 381 1158 sensuum
405 1130 478 1157 sunt
501 1128 704 1167 proprietates
732 1127 903 1163 absolutae,
929 1135 1000 1166 quae

227 1181 426 1220 reperientur
444 1181 476 1211 in
497 1190 627 1220 corpore
648 1180 873 1219 glorificando,
892 1182 1001 1219 utpote

228 1233 324 1271 color,
341 1234 442 1271 visuS,
459 1236 490 1264 et
506 1234 616 1264 levitas
632 1234 730 1273 ipsius
746 1235 864 1269 tactus;
881 1235 911 1262 et
926 1233 1002 1272 quia

229 1296 342 1326 corpus
362 1287 541 1326 gloriosum
562 1289 710 1325 resurget
732 1295 806 1316 cum
835 1286 1000 1316 luminosi-

231 1342 293 1370 tate
313 1342 343 1370 et
367 1340 503 1377 levitate,
529 1343 622 1370 erunt
645 1340 690 1370 ibi
716 1340 838 1378 objecta
864 1339 1002 1369 duorum

230 1403 382 1424 sensuum
399 1404 405 1423 ε
424 1394 494 1424 ideo
510 1394 560 1423 isti
579 1402 690 1424 sensus
705 1395 799 1430 erunt
815 1393 847 1422 in
870 1393 934 1423 suis
949 1401 1000 1422 ac-

231 1447 325 1478 tibus.
349 1447 474 1487 Obiecta
498 1457 573 1478 vero
600 1447 737 1477 aliorum
759 1455 912 1476 sensuum
937 1455 1001 1476 non

229 1502 305 1530 sunt
322 1501 532 1540 proprietates
552 1499 692 1539 corporis
711 1499 923 1538 glorificandi,
946 1508 1003 1529 nec

230 1554 434 1593 proprietates
457 1553 631 1589 absolutae,
657 1553 710 1583 sed
743 1552 959 1583 emanationes
986 1561 1004 1582 a

229 1607 430 1646 corporibus,
444 1609 480 1637 ut
494 1606 593 1643 dolor⁷
611 1608 641 1636 et
658 1615 773 1642 sonus,
790 1607 821 1635 et
838 1614 931 1644 sapor
949 1616 955 1634 z
973 1607 1003 1635 et

229 1660 304 1700 qnia
327 1669 391 1690 non
413 1662 507 1691 erunt
534 1660 568 1689 in
594 1659 708 1699 patria,
740 1659 821 1696 ideo,
851 1661 907 1689 etc.
938 1658 1005 1688 Alia

229 1712 323 1743 etiam
348 1713 428 1743 ratio
451 1713 590 1743 sumitur
618 1722 658 1743 ex
682 1714 768 1751 parte
794 1712 898 1750 medii,
928 1712 1005 1751 quia

230 1766 325 1796 medii
345 1777 350 1796 ε
373 1766 446 1805 quia
462 1766 604 1796 medium
620 1766 654 1795 in
675 1765 748 1795 visu
766 1765 805 1804 (a)
823 1766 923 1804 potest
937 1773 1004 1794 esse

229 1828 323 1850 omne
337 1819 420 1858 quod
438 1819 532 1850 habet
546 1819 700 1849 rationem
718 1818 838 1858 pervii3
864 1818 1005 1848 medium

230 1873 262 1902 in
289 1874 374 1903 tactu
401 1875 448 1903 est
475 1881 548 1903 caro
579 1872 638 1902 sibi
664 1872 843 1911 conjuncta.
871 1871 909 1901 Et
934 1871 1004 1901 ideo

231 1926 303 1966 quia
318 1926 376 1956 ista
390 1926 453 1956 duo
476 1926 578 1956 media
601 1928 691 1955 erunt
715 1925 748 1955 in
769 1925 888 1964 patria,
910 1926 941 1955 et
956 1924 1006 1954 isti

232 1979 295 2009 duo
311 1988 421 2009 sensus
439 1979 472 2008 in
492 1979 558 2008 suis
582 1979 705 2009 actibus
727 1979 840 2015 erunt3
858 1977 910 2007 alii
928 1986 1005 2007 vero

233 2032 373 2069 minime,
390 2032 609 2063 deficientibus
628 2031 687 2061 sibi
705 2031 835 2067 mediis,
853 2030 913 2060 uisi
929 2031 1006 2060 sorte

233 2086 304 2125 quis
318 2085 412 2116 instet
426 2085 458 2116 in
474 2085 603 2122 auditu,
621 2084 659 2114 de
682 2093 745 2123 quo
766 2083 956 2122 relinquitur
973 2083 1005 2112 in

233 2139 345 2176 dubio,
361 2139 442 2168 sicut
455 2138 493 2168 de
507 2137 598 2167 laude
616 2136 716 2167 vocali
732 2136 765 2165 in
781 2136 891 2175 patria,
908 2144 1005 2175 quam

233 2192 276 2225 ibi
308 2200 423 2231 ponere
451 2199 508 2221 nec
532 2190 657 2220 videtur
685 2189 917 2227 necessarium,
948 2197 1005 2219 nec

235 2247 340 2285 aperte
349 2245 463 2275 falsum
478 2254 484 2274 :
496 2246 526 2274 et
535 2243 605 2273 ideo
614 2243 666 2273 hie
678 2242 803 2282 opinari
813 2244 859 2272 est
874 2243 1005 2272 licitum.

274 2298 321 2328 Ad
334 2297 412 2328 illud
427 2305 505 2336 ergo
524 2296 608 2336 quod
629 2296 776 2335 objicitur
796 2298 824 2326 1.
841 2295 926 2335 quod
941 2305 1007 2325 om—

235 2361 291 2382 nes
313 2353 407 2381 erunt
439 2351 471 2380 in
503 2350 624 2380 actibus
658 2351 785 2389 propter
814 2349 1008 2379 nobilitatem

236 2404 449 2444 potentiarum
472 2404 636 2442 maiorem,
664 2403 833 2433 dicendum
857 2403 942 2442 quod
962 2404 1009 2433 est

236 2459 323 2488 actus
339 2456 549 2496 perfectionis,
567 2458 597 2485 et
613 2458 700 2486 actus
714 2456 769 2495 qui
783 2456 878 2486 habet
893 2456 1009 2495 imper—

237 2511 403 2541 fectionem
427 2510 629 2549 conjunctam
656 2520 661 2538 :
690 2511 720 2538 et
743 2509 895 2548 quoniam
920 2511 1008 2539 actus

237 2563 386 2602 gustandi
407 2562 500 2593 habet
516 2561 785 2601 imperfectionem
805 2563 1008 2601 conjunctam

238 2616 358 2646 ratione
379 2618 490 2653 status,
517 2616 547 2645 et
568 2614 711 2644 similiter
732 2614 863 2645 olfactus
887 2615 1009 2645 ratione

271 2677 304 2708 (a)
322 2677 391 2702 Edit.
413 2678 468 2702 Ven.
486 2684 541 2701 usu.
555 2689 584 2695 —
598 2676 632 2706 (b)
650 2676 709 2701 Coet.
725 2676 785 2700 edit.
803 2676 897 2706 omitt„
914 2678 963 2700 etc.

786 205 1095 238 SENTENTIARUM
1118 206 1192 238 LIB.
1219 207 1269 238 lV.

1057 273 1169 313 objecti
1185 274 1268 313 quod
1289 282 1351 304 non
1367 273 1575 312 glorificatur,
1597 276 1628 304 et
1649 273 1744 304 habet
1757 274 1826 305 fleri

1057 336 1112 366 per
1127 327 1267 357 medium
1288 327 1485 366 receptivum
1502 327 1680 366 peregrinae
1698 327 1828 366 impres·

1055 382 1170 412 sionis:
1188 392 1278 421 ergo,
1291 385 1349 412 etc.

1096 436 1141 466 Ad
1167 436 1242 466 illud
1263 436 1347 475 qnod
1369 436 1519 475 objicitur
1542 438 1572 466 Ξ.
1598 436 1681 475 quod
1709 435 1828 475 appetit
1844 445 1947 472 nomm

1056 498 1166 519 sensus
1183 488 1267 518 uniri
1290 489 1430 527 objecto,
1453 489 1623 518 dicendum
1647 489 1731 528 quod
1747 488 1828 519 alius
1843 480 1936 529 1:¹2dffn'ss

1055 545 1102 573 est
1116 542 1228 573 modus
1242 542 1407 581 appetendi
1424 553 1430 572 z
1448 542 1499 572 ille
1514 542 1599 572 enim
1611 542 1726 572 animae
1736 550 1828 581 appe-

1056 597 1132 626 titus
1149 598 1193 626 est
1215 595 1335 625 ratione
1352 595 1550 634 perfectionis
1565 603 1631 624 esse
1646 593 1800 624 naturalis
1819 604 1826 624 z

1056 648 1109 678 sed
1125 649 1181 678 iste
1196 648 1299 678 solum
1315 650 1361 678 est
1377 650 1532 686 quantum
1544 647 1583 677 ad
1601 647 1680 677 bene
1695 655 1762 676 esse
1778 657 1784 676 z
1800 649 1830 676 et

1057 702 1125 732 ideo
1148 702 1198 731 ille
1220 711 1282 731 non
1309 703 1409 741 potest
1433 701 1609 737 terminari,
1638 700 1698 730 nisi
1716 708 1831 739 corpus

1056 755 1203 791 uuiatur3
1222 755 1278 784 iste
1294 755 1406 793 potest,
1423 754 1448 783 si
1466 754 1499 783 in
1514 753 1568 783 tali
1581 755 1665 784 statu
1681 755 1827 792 ponatur,

1056 808 1139 848 quod
1157 808 1207 837 illo
1222 808 1344 846 objecto
1361 816 1425 837 non
1441 812 1543 845 egeat.

1098 861 1143 891 Ad
1161 861 1237 891 illud
1253 861 1337 900 quod
1353 861 1503 900 objicitur
1519 862 1536 890 3
1552 862 1580 890 et
1596 863 1624 890 4.
1641 859 1680 890 de
1694 859 1831 890 delecta·
1848 868 1912 895 ltesp.
1924 869 1950 889 ,α

1059 915 1141 944 tione
1157 938 1164 951 ‚
1196 914 1363 944 dicendum
1407 914 1491 953 quod
1531 914 1694 944 delectatio
1722 914 1769 943 est
1799 913 1832 944 in
1861 901 1936 950 Ξέυῖἔῗ

1057 977 1150 998 sensu
1179 967 1345 1006 dupliciter
1370 977 1377 997 :
1403 976 1469 997 una
1492 976 1548 1006 per
1574 965 1830 1004 redundantiam,

1058 1021 1119 1051 alia
1136 1030 1189 1060 per
1203 1020 1317 1059 objecti
1333 1020 1535 1059 praesentiam
1554 1031 1561 1050 ;
1578 1029 1634 1060 per
1648 1019 1829 1049 redundan-

1058 1074 1146 1112 tiam,
1171 1074 1252 1104 sicut
1266 1074 1392 1113 quando
1408 1074 1515 1104 anima
1530 1076 1575 1104 est
1591 1074 1726 1104 interius
1739 1073 1833 1113 plena

1057 1127 1279 1163 delectatione,
1302 1127 1344 1156 ita
1368 1127 1567 1157 inebriantur
1593 1127 1740 1166 potentiae
1758 1135 1831 1157 sen-

1058 1181 1166 1217 tiendi,
1183 1181 1268 1220 quod
1283 1180 1370 1210 nullo
1387 1181 1480 1211 modo
1490 1183 1649 1219 quaerunt,
1664 1189 1722 1211 nec
1735 1182 1832 1220 egent

1058 1235 1199 1265 exterius
1230 1235 1376 1264 delectari
1399 1245 1405 1264 :
1433 1236 1463 1264 et
1489 1235 1559 1264 haec
1586 1234 1748 1264 delectatio
1775 1233 1835 1264 erit.

1059 1288 1227 1328 praemium
1253 1288 1397 1318 omnium
1428 1296 1590 1325 sensuum,
1615 1289 1645 1317 et
1670 1287 1832 1318 omnibus.

1059 1341 1147 1372 IIanc
1163 1343 1271 1371 autem
1287 1341 1525 1371 delectationem
1542 1349 1607 1370 non
1622 1340 1741 1371 habent.
1755 1348 1773 1370 a
1787 1348 1831 1375 se,

1057 1404 1115 1425 nec
1127 1395 1167 1425 ab
1182 1397 1252 1425 actu
1268 1403 1336 1431 sno,
1354 1394 1406 1423 sed
1422 1394 1461 1423 ab
1476 1396 1547 1424 actu
1563 1394 1678 1424 animae
1691 1404 1698 1430 ;
1718 1395 1750 1424 et
1763 1392 1833 1424 ideo

1058 1457 1123 1478 non
1137 1450 1260 1488 oportet
1280 1448 1364 1487 quod
1389 1449 1515 1486 propter
1537 1447 1630 1477 istam
1646 1447 1708 1476 sint
1722 1455 1834 1477 sensus

1059 1501 1092 1531 in
1106 1510 1163 1531 suo
1185 1503 1268 1531 actu.
1294 1500 1363 1531 Alia
1387 1502 1433 1530 θεῖ
1456 1500 1620 1530 delectatio
1641 1499 1834 1539 perZobjecti

1059 1554 1276 1585 convenientis
1291 1554 1510 1593 praescntiam;
1528 1555 1558 1583 et
1571 1553 1647 1592 quia
1655 1552 1761 1582 solum
1771 1552 1834 1582 duo

1061 1609 1135 1637 sunt
1163 1616 1275 1637 sensus
1303 1607 1359 1646 qui
1386 1606 1504 1636 habent
1534 1606 1656 1645 objecta
1683 1605 1831 1644 gloriosa,

1059 1661 1129 1691 ideo
1144 1660 1248 1690 solum
1268 1660 1303 1689 in
1327 1660 1452 1690 duobus
1473 1661 1520 1689 est
1541 1668 1547 1689 :
1574 1660 1604 1688 et
1625 1658 1685 1688 hoc
1706 1667 1772 1688 non
1790 1659 1837 1688 est

1061 1712 1244 1752 praemium,
1260 1712 1322 1742 nisi
1338 1712 1433 1749 valde]
1450 1711 1652 1749 accidentale,
1677 1711 1751 1751 quia
1771 1719 1836 1742 non

1063 1766 1168 1804 inagis
1183 1767 1230 1795 est
1244 1764 1403 1803 gloriosus
1417 1773 1530 1794 sensus
1544 1764 1579 1794 in
1592 1764 1676 1795 illius
1692 1773 1835 1804 praesen-

1062 1819 1118 1854 tia,
1130 1827 1226 1858 quam
1242 1817 1394 1847 absentia.
1413 1817 1507 1847 Aliud
1521 1818 1615 1856 patet.

1103 1874 1131 1901 1.
1152 1871 1197 1901 Ad
1214 1870 1291 1901 illud
1302 1879 1377 1901 vero
1392 1870 1477 1909 quod
1488 1870 1649 1908 objicitur,
1666 1869 1752 1909 quod
1765 1868 1836 1899 nul-

1060 1925 1112 1955 lus
1126 1925 1165 1954 sit
1180 1933 1302 1960 sensus,
1319 1925 1377 1954 etc.
1401 1923 1454 1962 (b),
1478 1923 1554 1962 quia
1574 1932 1658 1953 unus
1672 1925 1760 1953 actus
1773 1923 1834 1952 im—

1061 1978 1146 2018 pedit
1174 1977 1285 2015 alium,
1319 1976 1486 2007 dicendum
1516 1976 1601 2016 quod
1629 1985 1741 2007 verum
1771 1981 1835 2014 est,

1062 2031 1190 2070 quando
1205 2039 1289 2061 unus
1302 2039 1366 2060 non
1384 2029 1548 2059 ordInatur
1564 2029 1603 2059 ad
1618 2029 1717 2059 alium
1741 2040 1748 2059 z
1772 2037 1836 2059 non

1062 2084 1106 2114 sic
1120 2084 1151 2114 iu
1170 2083 1328 2122 proposito
1341 2093 1348 2119 ;
1367 2082 1420 2112 sed
1430 2084 1518 2112 actus
1529 2082 1664 2112 rationis
1680 2081 1837 2112 redundat

1063 2138 1095 2167 in
1110 2145 1248 2173 sensum,
1266 2138 1296 2166 et
1311 2137 1399 2165 actus
1415 2144 1526 2165 sensus
1540 2135 1706 2165 ordinatur
1720 2136 1751 2165 et
1762 2135 1837 2165 sub-

1061 2190 1159 2220 servit
1174 2189 1258 2219 actui
1273 2188 1404 2219 rationis
1422 2198 1427 2217 :
1446 2190 1476 2218 et
1491 2187 1559 2217 ideo
1571 2196 1655 2217 unus
1669 2187 1837 2226 vigoratur

1061 2252 1101 2274 ex
1113 2242 1185 2273 alio.

1102 2298 1131 2326 ⁵2.
1156 2295 1202 2326 Ad
1219 2294 1296 2324 illud
1317 2293 1400 2334 quod
1420 2293 1580 2332 objicitur,
1603 2292 1688 2332 quod
1712 2292 1767 2323 ubi
1782 2293 1835 2323 de·

1063 2349 1202 2385 lectatio,
1231 2348 1273 2377 ibi
1296 2347 1437 2383 tristitia3
1459 2346 1627 2376 dicendum
1660 2345 1746 2385 quod
1765 2346 1836 2385 qui-

1063 2403 1136 2433 dam
1161 2409 1271 2431 seusus
1294 2400 1467 2430 delectatur
1486 2399 1519 2429 in
1540 2399 1674 2438 objecto,
1698 2400 1774 2438 quia
1791 2401 1840 2429 est

1064 2454 1266 2489 conveniens,
1285 2453 1450 2492 perficiens
1465 2454 1495 2482 et
1508 2460 1709 2490 conservam,
1727 2453 1838 2491 utpote

1064 2510 1109 2538 est
1124 2508 1282 2546 objectum
1302 2508 1447 2545 respectu
1466 2514 1577 2535 sensus
1592 2504 1748 2544 corporis;
1765 2504 1835 2544 qui-

1064 2561 1149 2598 dam,
1165 2560 1239 2599 quia
1251 2561 1297 2589 est
1308 2558 1500 2589 conveniens
1508 2560 1538 2588 et
1553 2557 1730 2597 perficiem,
1743 2558 1778 2587 ut
1790 2557 1837 2587 in·

1065 2614 1205 2645 tellectus
1230 2612 1263 2642 in
1291 2610 1484 2651 intelligibili
1511 2610 1643 2641 veritate
1653 2621 1661 2647 ;
1695 2609 1836 2650 quidam,

1066 2668 1141 2707 quia
1156 2668 1278 2697 tantum
1293 2667 1339 2696 est
1357 2664 1568 2702 comentem,
1586 2665 1621 2694 ut
1641 2671 1752 2694 sensus
1765 2662 1836 2702 glo-
