1991 3006
154 161 207 190 166
707 158 1011 191 SENTENTIARUM
1036 160 1108 191 LlB.
1133 160 1182 191 IV.

151 227 247 260 ducta
262 227 412 268 videtur;
430 227 487 271 qui
502 238 578 259 suos
593 227 758 268 flamines,
782 226 862 258 alios
887 226 1078 270 simpliciter
1094 228 1260 269 flamines,
1279 229 1359 261 alios
1379 228 1640 270 archistamines,
1657 229 1738 262 alios

151 285 394 328 protoflamines
415 284 627 328 appellabant
639 288 657 317 ¹.
677 284 864 317 Sacerdotes
879 284 966 316 enim
982 285 1157 327 gentilium
1175 285 1324 318 flamines
1338 286 1549 327 dicebantur,
1567 287 1625 331 qui
1640 286 1737 320 habe-

150 342 228 375 bant
251 343 283 374 in
305 342 407 386 capite
432 342 555 386 pileum
570 368 578 383 ,
596 342 629 374 in
651 354 714 386 quo
739 346 807 374 erat
831 341 937 374 brevis
959 342 1070 385 virga,
1086 343 1224 387 desuper
1250 343 1372 376 babens
1393 344 1517 388 aliquid
1533 344 1634 385 lanae,
1649 344 1736 388 quod

149 411 223 432 cum
240 411 295 444 per
309 403 425 432 aestum
442 400 524 431 fcrre
540 411 605 432 non
623 403 747 444 possent
764 426 771 439 ‚
791 399 883 431 tiluni
903 403 1031 432 tantuin
1048 400 1081 432 in
1096 401 1198 444 capite
1215 401 1317 443 ligare
1333 406 1512 446 coeperunt.
1530 401 1635 434 Nudis
1649 401 1738 434 enim

149 458 307 502 capitibus
331 457 377 489 eis
403 456 550 489 incedere
576 458 665 489 nefas
689 461 767 489 erut.
799 457 889 488 Unde
911 469 930 489 a
951 457 1029 498 iilo,
1059 469 1124 502 quo
1148 458 1343 499 utebantur,
1368 459 1516 492 flamines
1537 459 1614 492 dicti
1638 463 1736 500 suut,

151 515 243 558 quasi
267 514 442 547 filamines.
470 514 533 547 Sed
561 515 649 547 festis
670 514 808 556 dit-bus,
836 514 892 546 filo
907 514 1051 558 deposito
1067 542 1074 555 ,
1098 516 1220 559 pileum
1247 516 1459 560 imponebant
1485 528 1542 560 pro
1569 516 1739 549 sacerdotii

150 573 336 605 eminentia.
358 573 453 606 Vates
475 584 493 604 a
518 573 549 604 vi
574 573 691 605 mentis
716 572 869 616 appellati
891 577 986 614 sunt;
1011 573 1105 617 cujus
1128 573 1323 616 significatio
1349 574 1521 618 multiplex
1549 578 1619 606 est:
1644 573 1739 607 modo

150 631 236 663 enim
252 631 449 664 sacerdotem
464 656 471 672 ‚
491 630 586 663 modo
603 631 812 675 proplietam,
831 630 926 663 modo
947 635 1071 674 poetam
1088 631 1261 673 significat.
1279 632 1400 665 Cantor
1416 643 1492 664 vero
1509 635 1644 664 vocatur
1657 657 1665 672 ,
1682 631 1739 676 qui

151 700 262 721 vocem
284 688 474 721 modulatur
499 689 533 720 in
557 692 666 720 cantu.
694 688 802 731 Hujus
829 692 904 720 sunt
926 688 992 721 duo
1007 700 1126 732 genera
1143 702 1150 722 ;
1167 690 1351 723 Praeceutor
1365 716 1372 730 ,
1387 694 1418 722 et
1434 690 1611 722 Succentor
1629 702 1635 722 :
1652 690 1741 723 Prae-

151 750 261 779 centor
276 773 284 787 ,
301 747 358 790 qui
376 758 486 779 vocem
503 746 669 790 prannittit
684 746 717 778 in
732 750 848 786 cantu;
866 745 1053 787 Succentor,
1071 747 1127 791 qui
1144 748 1379 792 subsequenter
1393 747 1538 780 canendo
1555 747 1738 792 respondet.

151 804 332 837 Concentor
359 808 468 836 autem
498 804 636 844 dicitur,
667 804 746 847 quia
773 808 940 836 consonat.
970 804 1034 843 Qui
1063 810 1172 837 antem
1201 816 1267 837 non
1296 809 1466 844 consonat,
1494 816 1552 837 nec
1579 805 1739 846 concinit,

151 866 323 895 concentor
344 873 409 893 non
435 861 528 893 erit'.
548 854 605 893 His
627 861 769 894 breviter
798 862 941 894 tractatis
960 888 968 903 ‚
994 862 1193 894 admonendi
1217 867 1294 895 sunt
1317 862 1437 894 Christi
1463 861 1603 894 ministri
1623 887 1631 903 ,
1662 873 1743 906 qua-

154 923 268 960 tenus,
286 919 368 951 sicut
391 919 556 951 excellunt
581 919 704 951 ordinis
732 919 910 961 dignitate,
936 919 979 952 ita
1001 920 1185 963 praecellant
1208 920 1284 952 vitae
1308 920 1497 959 sanctitate,
1524 924 1561 952 ut
1585 919 1675 963 plebs
1697 919 1743 952 eis

153 977 344 1017 commissa,
369 988 549 1021 eorumque
573 977 754 1020 disciplinis
779 977 914 1018 edoma,
937 981 1102 1020 gratanter
1126 977 1171 1009 eis
1195 977 1345 1017 obediat,
1371 981 1402 1009 et
1423 988 1536 1009 eorum
1563 976 1743 1010 imitatione

152 1034 191 1067 de
216 1034 267 1067 die
293 1035 326 1066 in
351 1034 436 1067 diem
465 1034 633 1078 proficiat,
651 1046 669 1067 a
697 1035 818 1078 quibus
843 1035 955 1067 divina
980 1040 1180 1067 sacramenta
1210 1035 1410 1079 percipiunt,
1436 1039 1466 1066 et
1493 1034 1666 1067 missarum
1694 1045 1744 1067 so-

154 1092 275 1124 lemnia
299 1092 449 1124 audiunt.
480 1092 575 1124 Missa
602 1096 712 1124 autem
736 1092 856 1125 dicitur
871 1119 879 1133 ,
908 1093 958 1124 vel
984 1092 1060 1136 quia
1084 1093 1180 1125 missa
1203 1096 1248 1125 est
1273 1092 1377 1124 hostia
1395 1118 1402 1132 ,
1429 1092 1523 1135 cujus
1548 1102 1745 1125 commemo-

154 1150 234 1182 ratio
252 1149 288 1181 fit
304 1149 336 1181 in
354 1149 411 1181 illo
426 1150 532 1182 officio
547 1163 554 1190 3
573 1150 659 1182 unde
674 1150 794 1182 dicitur
813 1162 818 1181 :
839 1152 908 1187 Ite,
926 1150 1027 1184 Missa
1045 1157 1107 1189 esc,
1135 1150 1166 1182 id
1191 1154 1236 1182 est
1251 1176 1257 1190 ‚
1285 1149 1461 1194 sequimini
1482 1149 1620 1182 hostiam
1636 1175 1644 1190 ‚
1670 1160 1744 1194 quae

156 1207 251 1239 missa
272 1210 318 1239 est
340 1207 379 1239 ad
402 1207 563 1247 coelestia.
584 1208 750 1240 tendentes
775 1212 844 1249 post
868 1219 959 1247 eam3
978 1208 1027 1240 vel
1054 1208 1131 1251 quia
1161 1208 1277 1239 missus
1298 1207 1435 1239 coelestis
1459 1207 1548 1239 venit
1572 1206 1611 1239 ad
1635 1218 1745 1240 conse-

154 1264 312 1297 crandum
328 1264 531 1297 dominicum
547 1276 663 1308 corpus
677 1278 683 1305 3
704 1276 759 1308 per
774 1276 871 1309 quem
888 1265 926 1297 ad
943 1265 1043 1297 altare
1067 1265 1192 1298 coeleste
1211 1265 1357 1297 defertur
1379 1264 1494 1298 hostia.
1515 1265 1606 1297 Unde
1621 1269 1652 1297 et
1666 1265 1746 1297 dici-

155 1326 208 1354 tur
226 1334 232 1353 :
250 1322 351 1355 Missa
368 1328 424 1354 est.

340 1449 545 1481 EXPOSITIO
568 1450 733 1481 TEXTUS.
980 1454 1042 1482 tres
1057 1454 1161 1491 partes
1174 1475 1181 1488 ,
1200 1451 1374 1482 secundum
1390 1451 1450 1482 tria
1470 1452 1508 1482 de
1528 1451 1646 1492 quibus
1660 1451 1728 1491 agit
1743 1463 1749 1482 z

978 1505 1127 1544 quaedam
1135 1505 1220 1535 enim
1230 1507 1337 1535 tenent
1348 1505 1478 1535 nomina
1486 1504 1663 1535 officiorum
1675 1512 1753 1544 prae-

979 1558 1071 1597 cipue
1082 1582 1090 1596 ,
1108 1558 1209 1597 magis
1225 1567 1323 1598 quam
1338 1558 1550 1597 dignitatum,
1570 1559 1606 1587 ut
1626 1556 1751 1593 Cantor,

980 1613 1009 1641 et
1024 1610 1200 1641 Subcantor
1212 1622 1219 1648 ;
1237 1611 1395 1651 quaedam,
1406 1610 1538 1641 nomina
1547 1610 1750 1649 dignitatum,

190 1542 289 1566 Ostiarii
309 1542 399 1571 iidem,
420 1544 443 1564 et
460 1541 583 1571 janitores
604 1543 673 1570 sunt,
697 1542 738 1572 qui
763 1542 786 1565 in
808 1542 891 1566 Veteri

333 1578 494 1601 Testamento
513 1577 584 1601 electi
602 1579 672 1604 sunt,
692 1580 740 1601 etc.

193 1663 295 1703 Supra
313 1664 378 1702 egit
399 1663 548 1701 Magister
569 1664 606 1694 de
626 1664 866 1704 disponentibus
886 1666 923 1695 ad

154 1717 316 1752 ordinem;
332 1717 383 1747 hic
396 1717 464 1755 agit
475 1717 512 1746 de
527 1717 700 1747 ordinibus.
720 1717 756 1747 Et
772 1717 839 1747 baec
853 1727 925 1757 pars

154 1771 247 1800 habet
263 1771 360 1800 duas:
378 1771 411 1800 iu
427 1770 530 1809 prima
545 1771 611 1809 agit
627 1771 663 1800 dc
677 1771 830 1809 gradibus
845 1771 926 1801 ordi-

155 1833 251 1860 nuni;
274 1823 307 1852 in
326 1824 463 1853 secunda
478 1824 515 1853 de
530 1823 705 1861 dignitate,
727 1826 794 1854 sive
815 1824 927 1853 officiis

155 1876 363 1915 superadditis
393 1876 573 1914 ordinibus,
600 1877 642 1906 ibi
658 1886 665 1906 :
699 1878 785 1908 Sum
808 1880 835 1908 ec
860 1877 927 1908 αῖία

155 1929 300 1969 quoedam
313 1937 378 1961 non
394 1929 564 1967 ordinum,
581 1932 640 1960 etc.
663 1930 768 1960 Prima
783 1940 855 1970 pars
870 1931 926 1960 ha-

156 1983 206 2013 bet
222 1985 284 2013 tres
299 1985 402 2022 partes
415 1994 421 2013 ε
439 1983 471 2012 in
486 1984 589 2022 prima
604 1983 691 2022 ponit
707 1983 827 2021 gradus
840 1983 927 2013 ordi-

158 2045 252 2074 num,
270 2045 349 2075 quos
364 2036 396 2065 in
412 2036 516 2066 littera
532 2036 714 2074 distinguit,
732 2038 760 2065 et
779 2038 882 2074 partes
896 2036 929 2066 in

158 2089 232 2119 locis
256 2089 430 2119 manifestae
455 2092 547 2126 sunt;
572 2089 604 2118 in
624 2089 760 2119 secunda
782 2098 858 2119 vero
878 2098 928 2119 as—

159 2142 265 2181 signat
287 2142 496 2172 differen‘tIam
528 2142 675 2172 ordinum
705 2142 866 2172 minorum
891 2142 930 2172 ad

160 2196 296 2235 maiores
308 2219 316 2233 ,
338 2196 381 2226 ibi
397 2207 403 2227 2
425 2195 560 2235 Cumque
577 2204 681 2227 omnes
696 2196 763 2227 sinc
778 2196 931 2235 spiritua-

160 2249 223 2286 les,·
241 2248 272 2278 in
289 2249 379 2278 tertia
394 2258 469 2279 vero
485 2248 673 2279 determinat
689 2249 720 2278 in
737 2258 799 2288 qno
816 2258 930 2279 conve.-

160 2301 263 2339 niunt,
280 2301 322 2331 ibi
338 2312 344 2331 ς
363 2301 398 2333 Sz'
410 2305 516 2333 atatem
528 2302 697 2341 miseritur,
713 2301 793 2341 quid
805 2301 859 2332 hoc
872 2303 926 2339 sic,

160 2354 244 2394 quod
258 2354 309 2386 hic
323 2359 456 2387 vocatio·
467 2355 553 2387 ordo.
573 2355 678 2385 Prima
692 2355 806 2385 harum
821 2355 850 2384 in
863 2364 929 2395 sep-

160 2409 224 2438 tem
240 2410 343 2447 partes
357 2408 509 2438 dividitur
523 2408 699 2439 secundum
712 2411 831 2448 septem
846 2409 929 2439 ordi-

162 2470 227 2498 neS,
244 2470 317 2500 quae
330 2463 436 2500 patent
448 2461 481 2491 in
493 2461 606 2498 littera,
622 2462 771 2501 quaelibet
782 2471 838 2491 suo
850 2462 929 2492 loco.

163 2513 313 2544 Similiter
336 2514 472 2544 secunda
496 2523 588 2552 pars,
616 2514 647 2543 in
674 2523 738 2553 qua
762 2514 871 2553 agitur
894 2515 932 2545 de

162 2567 372 2606 dignitatibus
397 2567 604 2606 superadditis
628 2567 812 2600 ordinibus,
840 2568 931 2598 babet

197 2630 200 2642 ¹
215 2629 346 2659 Dist.xx1,
360 2636 382 2653 c.
397 2628 530 2653 Cle1·os.—
541 2629 549 2642 ²
560 2629 636 2658 Hng„
652 2628 694 2652 lib.
709 2629 738 2658 u,
753 2636 776 2658 p.
791 2630 808 2659 1,
825 2636 846 2653 c.
862 2636 898 2653 ni.

982 1665 1299 1704 ntArchiepiscopus,
1316 1665 1513 1702 Patriarcha,
1531 1664 1679 1704 quaedam
1690 1672 1754 1695 me-

981 1718 1032 1748 dia
1043 1742 1050 1755 ,
1067 1721 1102 1748 ut
1118 1717 1307 1757 Episcopus,
1325 1718 1409 1757 quod
1423 1720 1469 1748 est
1482 1727 1601 1748 nomen
1618 1717 1754 1756 dignita-

982 1772 1021 1800 tis
1032 1771 1126 1801 simul
1139 1774 1169 1801 et
1183 1771 1288 1808 officii,
1303 1773 1338 1801 ut
1348 1771 1462 1801 dicitur
1475 1771 1508 1800 in
1519 1771 1632 1801 littera.
1646 1770 1754 1801 Primo

983 1825 1083 1863 igitur
1098 1824 1166 1863 agit
1180 1824 1218 1854 de
1232 1824 1282 1854 his
1297 1832 1371 1863 quae
1384 1825 1421 1862 (a)
1445 1824 1554 1854 dicunt
1569 1823 1709 1854 officium
1723 1826 1754 1854 et

984 1878 1188 1916 dignitaten13
1207 1878 1344 1908 secundo
1361 1877 1398 1907 de
1414 1877 1462 1907 bis
1476 1886 1548 1916 quae
1561 1877 1600 1916 (α)
1616 1876 1755 1916 dignita-

984 1934 1063 1968 tem,
1082 1931 1125 1961 ibi
1140 1942 1145 1961 :
1166 1931 1248 1962 Ordo
1264 1934 1369 1962 aulem
1384 1931 1613 1969 Episcopormn
1626 1929 1757 1969 quadri-

982 1985 1125 2023 partitus
1141 1986 1188 2014 εει*
1200 2007 1207 2021 ,
1225 1986 1296 2020 etc.;
1313 1984 1406 2013 tertio
1422 1992 1497 2012 vero
1513 1983 1551 2013 de
1565 1983 1615 2013 his
1629 1991 1701 2022 quae
1715 1982 1754 2022 (a)

985 2037 1092 2067 dicunt
1105 2036 1254 2071 osticium,
1273 2036 1316 2066 ibi
1330 2047 1336 2066 2
1355 2035 1470 2067 Cantor
1482 2036 1528 2067 sz'c
1541 2039 1684 2072 vocatur,
1696 2037 1754 2066 etc.

1315 2137 1382 2158 DUB.
1406 2137 1426 2158 1.

988 2201 1135 2229 habiturus,
1148 2200 1169 2224 si
1183 2199 1290 2224 fideliter
1301 2199 1448 2229 impleveris
1460 2198 1581 2230 osticium,
1591 2200 1690 2230 partem
1701 2205 1758 2222 cum

1080 2236 1118 2260 bis
1133 2236 1176 2267 qui
1190 2236 1255 2259 bene
1270 2235 1378 2258 verbum
1392 2234 1438 2258 Dei
1452 2234 1669 2258 ministraverunt.

1028 2303 1158 2333 Videtur
1179 2302 1261 2332 male
1281 2302 1402 2340 dicere,
1425 2301 1502 2341 quia
1520 2309 1594 2331 cum
1608 2299 1686 2330 tales
1700 2300 1757 2330 ha-

989 2357 1083 2387 beant
1096 2356 1132 2396 ψ)
1149 2355 1323 2393 aureolam,
1340 2355 1465 2386 videtur
1478 2353 1562 2394 quod
1574 2362 1686 2384 omnes
1699 2353 1758 2384 lec-

988 2412 1070 2440 tores
1084 2409 1221 2440 habeant
1237 2408 1398 2439 aureolam
1409 2431 1418 2445 ‚
1433 2410 1463 2438 et
1478 2407 1519 2438 ita
1534 2415 1646 2437 omnes
1658 2415 1758 2437 sacer-

988 2463 1086 2494 dotes.

1029 2515 1118 2555 Resp.
1143 2515 1189 2545 Ad
1208 2515 1267 2545 hoc
1288 2515 1385 2554 potest
1405 2512 1486 2549 dici,
1510 2512 1594 2552 quod
1615 2512 1756 2544 officium

988 2569 1110 2599 lectoris
1131 2570 1177 2598 est
1198 2577 1261 2597 non
1283 2569 1407 2597 tantum
1429 2565 1626 2604 prophetiam
1649 2566 1755 2605 legere

1020 2637 1053 2659 (a)
1070 2631 1129 2654 coet.
1145 2629 1204 2652 edil.
1221 2630 1300 2659 «11ιί-
1319 2628 1353 2658 (b)
1370 2628 1429 2651 Item
1449 2627 1599 2652 habueruut.
