1991 3006
820 187 1009 218 DlSTINCT.
1032 187 1124 218 XXII.

175 257 259 297 quod
272 257 350 287 illud
364 256 449 296 quod
464 255 628 295 dupliciter
643 258 689 286 est
703 255 878 294 cognitum,
891 263 944 284 ne-

174 309 307 340 cessario
323 309 464 348 oporteat
475 307 579 338 celari.

214 364 242 392 5.
267 362 315 392 Ad
329 360 406 391 illud
421 360 505 399 quod
519 360 678 399 objicitur,
690 360 773 399 quod
790 360 944 399 promittit

172 416 288 446 habere
300 416 454 445 secretum
465 423 578 444 verum
590 417 647 451 est,
655 423 729 444 cum
741 414 829 444 audit
842 414 879 453 (al
893 414 942 452 ip-

172 477 241 498 sam
254 467 495 503 confessionem;
507 469 536 496 et
548 467 625 497 illud
633 469 773 504 eatenus,
786 469 942 506 quatenus

172 520 215 550 sic
229 520 340 550 scitur:
352 519 443 549 aliter
453 528 515 549 non
522 520 686 559 promittit,
698 520 761 550 etsi
771 519 865 549 etiam
872 529 941 558 pro-

171 572 318 608 mitteret,
327 571 381 601 ubi
391 571 507 601 veritas
515 571 565 601 vel
575 572 750 602 obedientia
758 572 941 611 [1131011101οῑ

170 623 323 661 revelari,
340 625 442 663 potest
458 624 624 663 promissio
646 624 697 654 vel
719 626 941 664 juramentum

169 677 293 707 nullum
317 686 396 707 esse.
422 676 510 707 Unde
531 677 557 707 si
582 677 729 707 vidissem
755 677 940 716 proximum

170 730 351 768 peccantem
372 730 426 760 tali
444 732 568 769 peccato
580 754 589 767 ,
605 730 690 769 quod
712 732 821 760 teneor
838 730 941 760 dicere

170 782 337 822 superiori,
353 783 378 812 si
393 783 502 821 jurem
525 783 585 813 sihi
601 791 665 813 non
679 782 793 820 dicere,
809 791 874 812 non
887 782 941 812 ali-

1712 196 1768 224 117

999 254 1115 291 solvor,
1142 255 1206 284 imo
1228 255 1330 285 dicere
1351 259 1493 295 oportet,
1510 260 1540 287 et
1561 258 1702 289 facienda
1722 264 1770 291 est

1000 307 1183 346 poenitentia
1197 308 1235 338 de
1250 309 1402 347 perjurio,
1421 319 1478 349 pro
1500 320 1537 341 eo
1558 313 1644 351 quod
1659 315 1768 344 contra

995 360 1151 398 justitiam
1165 362 1290 399 juravi:
1307 364 1337 391 ct
1360 363 1403 392 sic
1420 366 1504 402 patet
1518 366 1632 395 totum.
1649 365 1696 395 Ex
1710 366 1769 397 hoc

999 415 1106 444 autem
1121 414 1206 453 quod
1220 414 1339 444 dictum
1355 418 1418 453 051,
1438 426 1501 446 non
1519 418 1610 448 debet
1625 419 1770 450 sacerdos

999 476 1124 496 sumere
1148 467 1312 497 audaciam
1333 468 1493 499 revelandi
1515 473 1545 501 et
1564 471 1712 511 loquendi
1731 472 1769 503 de

998 519 1079 549 facili
1103 519 1141 549 de
1168 529 1205 550 eo
1228 520 1311 559 quod
1336 530 1391 559 per
1417 523 1643 554 confessionem
1667 525 1766 563 novit,

999 581 1055 611 pro
1070 581 1107 601 eo
1122 572 1204 611 quod
1227 573 1428 603 consessionis
1453 574 1594 613 sigillum
1622 577 1699 607 adeo
1723 580 1770 607 est

998 625 1251 662 custodiendum,
1261 627 1297 655 ut
1311 635 1374 656 non
1390 626 1492 656 solum
1510 628 1626 658 vitetur
1643 630 1751 660 fractio
1758 641 1766 666 ;

998 678 1063 707 imo
1087 678 1181 707 etiam
1207 678 1339 717 dignum
1368 681 1413 709 est
1438 681 1474 709 ut
1498 680 1625 711 tollatur
1646 682 1683 712 de
1707 683 1768 713 1100

998 730 1101 760 omnis
1116 731 1261 770 suspicio,
1279 740 1318 761 nc
1332 732 1365 760 in
1377 733 1592 771 contemptum
1609 734 1645 772 (b)
1663 735 1769 766 veniat

999 785 1232 814 sacramentum
1247 784 1462 815 confessionis.

690 925 1062 971 DISTINCTIO
1105 926 1245 970 XXII

429 1039 601 1061 OSTENDIT
632 1038 802 1064 QUANTUM
833 1038 1095 1060 CONFESSIONIS
1126 1039 1357 1061 CONTEMPTUS
1387 1041 1500 1063 OBSIT.

214 1132 362 1175 Cumque
378 1129 489 1162 multis
504 1129 752 1162 auctoritatibus
769 1140 869 1173 supra
888 1129 928 1161 sit
943 1134 1102 1161 assertum
1114 1156 1122 1171 ,
1140 1130 1174 1162 in
1194 1141 1270 1163 vera
1291 1131 1396 1164 cordis
1419 1133 1612 1166 contritione
1636 1140 1764 1179 peccata

170 1188 290 1221 dimitti
306 1192 381 1220 ante
397 1187 462 1220 oris
477 1186 726 1228 confessionem,
744 1187 796 1218 vel
813 1187 918 1230 operis
932 1187 1184 1220 satisfactionem
1196 1215 1203 1229 ,
1224 1188 1253 1220 ei
1268 1189 1365 1221 etiam
1380 1190 1438 1234 qui
1454 1191 1631 1234 aliquando
1647 1193 1681 1224 in
1703 1193 1764 1225 cri-

172 1258 247 1280 men
262 1246 451 1290 relapsurus
473 1248 541 1285 est3
560 1244 729 1288 quaeritur,
754 1244 780 1275 si
805 1248 874 1288 post
898 1244 1003 1276 cordis
1025 1245 1253 1278 contritionem
1277 1247 1425 1280 confiteri
1446 1251 1693 1294 contempserit,
1711 1251 1763 1283 vel

170 1305 204 1336 in
222 1307 388 1348 peccatum
412 1302 498 1335 idem
524 1302 575 1334 vel
599 1302 704 1333 simile
726 1301 877 1333 ceciderit
894 1327 901 1342 ‚
918 1313 960 1334 an
981 1307 1108 1346 peccata
1131 1303 1264 1336 dimissa
1286 1304 1429 1337 redeant.
1455 1306 1557 1350 Cujus
1575 1308 1764 1351 quaestionis

170 1361 289 1395 solutio
315 1361 453 1393 obscura
476 1363 537 1402 est,
564 1363 595 1392 et
617 1359 770 1403 perplexa
787 1385 795 1400 ,
820 1359 892 1391 aliis
922 1360 1156 1401 asserentibus,
1174 1361 1246 1393 aliis
1273 1366 1385 1394 contra
1413 1364 1608 1406 negantibus
1636 1369 1764 1409 peccata

170 1419 269 1452 semel
285 1418 437 1458 dimissa,
454 1417 591 1449 ulterius
605 1416 754 1460 replicari
770 1416 808 1448 ad
832 1428 975 1460 poenam.
1002 1417 1067 1456 Qui
1091 1429 1168 1450 vero
1195 1419 1309 1451 dicunt
1332 1424 1459 1463 peccata
1487 1421 1619 1454 dimissa
1639 1423 1760 1464 redire,

169 1476 311 1509 subditis
326 1486 358 1508 se
374 1474 531 1507 muniunt
549 1473 754 1506 testimoniis.
773 1473 967 1506 Ambrosius
988 1474 1033 1506 ait
1052 1487 1057 1506 :
1081 1488 1096 1506 1(
1110 1475 1234 1508 Donate
1255 1476 1395 1509 invicem
1410 1504 1418 1519 ,
1434 1478 1461 1510 si
1477 1479 1558 1511 alter
1572 1479 1606 1511 111
1622 1480 1763 1513 alterum

168 1537 277 1578 peccat
295 1546 301 1565 :
319 1532 467 1576 alioquin
490 1532 575 1564 Deus
590 1531 707 1575 repetit
725 1531 870 1563 dimissa.
898 1531 933 1563 Si
957 1532 1043 1564 enim
1068 1532 1102 1564 111
1128 1533 1178 1564 1115
1199 1537 1404 1578 contemptus
1429 1535 1546 1576 fuerit,
1571 1536 1641 1569 sine
1662 1537 1763 1570 dubio

170 1591 333 1625 revocabit
358 1590 550 1623 sententiam
565 1615 573 1630 ‚
597 1600 654 1633 per
677 1600 777 1632 quam
805 1589 1059 1622 misericordiam
1084 1590 1237 1633 dederat,
1256 1591 1339 1624 sicut
1358 1593 1392 1624 in
1415 1593 1594 1636 Evangelio
1613 1594 1652 1626 de
1669 1606 1763 1628 servo

169 1660 311 1693 nequam
326 1648 480 1691 legitur1,
498 1647 553 1691 qui
578 1647 612 1679 in
627 1658 821 1679 conservum
845 1658 943 1679 suum
964 1647 1085 1691 impius
1107 1648 1328 1692 deprehensus
1349 1654 1406 1682 est.
1424 1664 1439 1682 »
1459 1651 1540 1683 Item
1555 1651 1710 1684 Rabanus
1725 1653 1736 1669 ¹
1753 1665 1759 1685 :

174 1719 190 1737 «
205 1706 354 1750 Nequam
370 1716 500 1738 servum
518 1704 650 1737 tradidit
662 1704 748 1736 Deus
763 1704 941 1736 tortoribus
955 1730 962 1745 ‚
983 1705 1198 1749 quoadusque
1214 1706 1363 1739 redderet
1380 1708 1572 1741 universum
1595 1709 1758 1751 debitum;

170 1764 249 1808 quia
263 1774 329 1796 non
345 1763 451 1795 solum
467 1766 594 1806 peccata
608 1788 615 1803 ‚
633 1772 707 1806 quae
731 1765 803 1805 post
823 1762 1023 1805 baptismum
1039 1763 1136 1795 homo
1152 1764 1217 1806 egit
1227 1789 1235 1805 ,
1252 1765 1494 1808 reputabuntur
1508 1767 1537 1799 ei
1553 1767 1591 1799 ad
1609 1779 1757 1811 poenam,

170 1821 224 1854 sed
239 1821 337 1853 etiam
353 1820 526 1863 originalia
538 1845 546 1860 ,
569 1830 641 1863 quae
663 1820 697 1851 in
712 1819 874 1862 baptismo
889 1823 965 1851 sunt
988 1820 1017 1851 01
1039 1819 1212 1853 dimissa.»
1233 1822 1313 1854 Item
1329 1822 1505 1865 Gregorius
1520 1825 1529 1841 ³
1549 1836 1555 1856 ε
1577 1837 1593 1856 «
1609 1825 1658 1857 Ex
1673 1825 1766 1858 dictis

170 1878 366 1921 evangelicis
380 1882 524 1918 constat,
542 1877 620 1920 quia
641 1876 667 1908 si
687 1887 727 1908 ex
749 1880 815 1908 toto
840 1876 934 1908 corde
950 1888 1015 1908 11011
1042 1877 1240 1910 dimittimus
1259 1879 1347 1922 quod
1364 1879 1398 1912 in
1413 1891 1471 1912 1105
1485 1881 1692 1926 delinquitur
1705 1908 1713 1924 ,
1730 1887 1761 1915 et

170 1936 230 1968 hoc
244 1947 375 1968 rursum
393 1934 552 1977 exigitur,
570 1933 658 1978 quod
670 1933 738 1977 jam
754 1933 847 1965 1101115
867 1945 924 1977 per
939 1934 1164 1977 poenitentiam
1182 1935 1351 1968 dimissum
1374 1937 1472 1970 fuisse
1488 1939 1721 1981 gaudebamus.
1743 1953 1758 1971 »

171 1994 250 2027 Item
266 1993 472 2036 Augustinus
487 1991 519 2025 ⁶:
543 2005 558 2022 ι(
573 1992 657 2024 Dicit
682 1992 792 2024 Deus:
811 1991 970 2031 Dimitte,
995 1998 1025 2023 et
1049 1991 1237 2025 dimittetur
1262 1993 1322 2025 tibi
1344 2006 1354 2025 .·
1380 1994 1406 2026 si
1430 2006 1489 2038 ego
1514 1996 1605 2040 prius
1628 1997 1758 2039 dimisi,

169 2051 294 2084 dimitte
315 2057 351 2083 tu
373 2054 493 2094 postea.
518 2049 602 2082 Nam
627 2049 653 2081 si
678 2060 743 2081 non
768 2049 947 2091 dimiseris,
971 2050 1128 2082 revocabo
1145 2054 1195 2091 te;
1214 2054 1245 2083 et
1260 2051 1423 2096 quidquid
1438 2052 1644 2095 dimiseram,
1662 2055 1761 2099 repli-

168 2109 246 2142 cabo
262 2108 333 2141 tibi.
359 2121 375 2139 »
395 2108 500 2140 Item:
524 2121 540 2138 a
561 2107 625 2146 Qui
652 2107 755 2139 divini
781 2107 931 2140 beneficii
957 2107 1093 2147 oblitus,
1121 2119 1195 2140 suas
1218 2109 1290 2141 vult
1317 2109 1482 2143 vindicare
1507 2111 1666 2155 injurias,
1692 2123 1759 2145 non

168 2167 275 2200 solum
290 2167 329 2199 de
354 2166 474 2199 futuris
496 2165 631 2210 peccatis
652 2164 781 2198 veniam
806 2176 871 2197 non
897 2165 1093 2205 merebitur,
1119 2166 1172 2198 sed
1198 2167 1295 2198 ctiam
1317 2168 1499 2211 praeterita,
1521 2180 1594 2213 quae
1608 2170 1676 2214 jam
1697 2170 1759 2203 sibi

168 2224 460 2267 dimissapredebat
473 2249 481 2265 ‚
498 2223 539 2256 ad
555 2223 732 2256 vindictam
749 2222 778 2255 ei
793 2223 1051 2266 replicabuntur.
1077 2236 1093 2253 1)
1109 2223 1189 2256 Item
1203 2224 1290 2256 Beda
1307 2237 1314 2255 :
1338 2237 1353 2255 ‹<
1368 2225 1378 2240 ⁵
1393 2227 1548 2259 Revertar
1571 2227 1607 2259 in
1622 2227 1757 2260 domum

170 2293 279 2315 meam
293 2284 302 2299 ⁶
314 2308 322 2323 ,
339 2285 398 2314 etc.
416 2281 594 2313 Timendus
616 2285 663 2313 est
678 2280 734 2312 ille
750 2280 930 2313 versiculus
943 2306 951 2322 ,
972 2291 1039 2313 non
1056 2281 1268 2324 exponendus
1285 2294 1291 2313 :
1310 2293 1351 2314 ne
1365 2284 1461 2328 culpa
1475 2309 1482 2325 ‚
1500 2296 1599 2329 quam
1614 2285 1649 2317 in
1665 2285 1758 2318 nobis

170 2340 342 2372 extinctam
364 2338 591 2380 credebamus,
608 2349 665 2382 per
683 2338 844 2370 incuriam
859 2349 918 2370 nos
933 2341 1082 2370 vacantes
1097 2339 1270 2382 opprimat.
1289 2352 1304 2371 »
1328 2340 1409 2373 Item
1423 2340 1432 2356 ⁷
1451 2354 1457 2373 :
1480 2342 1755 2386 «Quemcumque

170 2397 257 2430 enim
280 2401 351 2441 post
373 2396 534 2441 baptisma
556 2396 624 2429 sive
648 2396 791 2440 pravitas
814 2396 963 2429 haeretica
977 2421 985 2437 ‚
1012 2407 1069 2428 seu
1094 2396 1254 2440 cupiditas
1276 2397 1443 2430 mundana
1466 2399 1662 2443 arripuerit,
1681 2410 1757 2432 mox

170 2455 318 2487 omnium
334 2458 512 2498 prosternet
536 2453 570 2486 in
593 2454 659 2486 ima
673 2454 842 2487 vitiorum.
860 2467 876 2484 »
894 2454 975 2486 [tem
999 2453 1204 2496 Augustinus
1219 2457 1229 2473 ⁸
1245 2466 1250 2485 :
1273 2466 1289 2485 «
1315 2455 1433 2487 Redire
1457 2455 1590 2489 dimissa
1605 2461 1733 2500 peccata
1745 2484 1753 2499 ‚

171 2512 227 2544 ubi
241 2512 385 2545 fraterna
407 2511 547 2545 charitas
569 2522 635 2545 non
657 2515 720 2552 est,
737 2511 939 2556 apertissime
964 2511 1122 2544 Dominus
1136 2511 1170 2543 in
1186 2511 1365 2555 Evangelio
1379 2513 1470 2546 docet
1484 2513 1518 2545 in
1534 2514 1591 2546 illo
1607 2525 1699 2547 servo
1713 2540 1721 2556 ‚
1738 2526 1756 2547 a

204 2588 211 2603 ¹
224 2588 323 2618 Mami„
338 2594 412 2619 xvm,
427 2589 465 2612 34.
475 2601 505 2606 -—
517 2589 524 2602 ²
535 2588 655 2618 Hahctur,
671 2588 699 2611 de
712 2589 812 2617 Ρωηίί.)
827 2589 883 2612 dist.
900 2588 970 2618 1v,in
987 2587 1068 2617 princ.
1078 2601 1109 2604 —
1120 2587 1129 2603 Β
1141 2589 1226 2617 Greg„
1241 2588 1352 2618 Dialoy„
1367 2588 1410 2612 lib.
1429 2589 1468 2618 tv,
1482 2596 1504 2611 c,
1517 2595 1556 2612 Lx.
1571 2602 1600 2606 —
1614 2589 1754 2619 ι1131101111,

170 2622 199 2646 de
210 2623 308 2652 Pavum„
324 2623 381 2647 dist.
395 2630 429 2653 lv,
447 2631 468 2647 c.
485 2624 559 2647 Discit
573 2624 701 2646 Dominus.
713 2625 759 2641 —·⁵
772 2624 843 2651 Beni,
858 2630 910 2653 inp.
927 2622 993 2651 Luc,
1007 2622 1049 2645 lib.
1067 2623 1108 2651 tV,
1125 2630 1147 2646 c.
1162 2629 1240 2646 nvn.
1252 2636 1282 2640 —
1292 2624 1300 2636 ἦ
1313 2623 1473 2653 Ι.1ιι’.,’<1,Μ.
1485 2624 1532 2640 —7
1543 2623 1647 2648 111111.-
1657 2624 1667 2639 ⁸
1681 2625 1755 2654 Aug„

172 2657 214 2682 lib.
230 2657 259 2681 tle
273 2658 354 2689 Bapt„
372 2660 397 2682 et
411 2658 528 2688 hahetur,
544 2658 572 2682 tle
587 2659 687 2689 Poenz‘t„
703 2658 759 2683 dist.
777 2665 810 2682 iv.
826 2671 856 2676 ——
872 2658 907 2688 (a)
923 2657 964 2681 Al.
980 2664 1037 2681 cum
1053 2658 1131 2687 audit,
1149 2665 1236 2681 verum
1251 2660 1297 2681 051.
1313 2671 1337 2674 —-
1357 2658 1390 2688 (b)
1407 2659 1562 2688 contemptu.

1788 1151 1820 1171 Αιι
1842 1158 1889 1178 pec-

1784 1187 1828 1204 cata
1857 1184 1889 1203 di-

1784 1216 1847 1236 missa
1858 1222 1889 1235 re-

1784 1247 1855 1267 deaut.

1786 1437 1877 1463 Aliquo-

1784 1474 1831 1488 rum
1843 1468 1887 1495 opi-

1784 1506 1826 1519 111¹).
