1991 3006
786 212 973 244 DISTINCT.

175 283 314 321 temptus
326 305 334 318 ‚
350 282 381 311 et
395 281 440 311 sic
452 282 613 320 peccatum
630 281 663 311 in
678 281 831 320 Spiritum
847 289 938 311 sanc-

175 335 244 364 tum
254 345 261 371 ;
272 336 327 364 aut
340 335 460 364 ratione
473 334 625 371 libidinis,
642 336 677 364 ut
693 336 817 373 peccata
832 335 941 363 contra

175 389 341 423 naturam,
366 387 400 416 in
421 387 537 426 quibus
552 386 646 417 libido
671 389 771 417 totum
793 387 939 417 absorbet

174 439 317 469 naturale
335 439 580 477 Judicatorium3
598 442 652 470 aut
668 440 789 470 ratione
804 439 940 478 iugrati-

173 492 309 529 tudinis,
338 495 367 522 et
382 493 425 523 sic
440 496 602 532 peccatum
617 494 693 524 Adae
714 495 746 523 iu
771 494 914 533 paradiso
929 503 936 530 ;

173 548 227 575 aut
238 546 358 575 ratione
374 546 556 584 punitionis,
574 547 659 577 etsie
675 557 730 587 pec
742 550 838 577 atum
853 546 938 577 adul-

172 599 257 636 terii,
274 599 305 629 in
321 608 384 638 quo
402 600 641 639 praecipiebatur
657 601 800 631 moechus
815 603 843 630 et
859 609 939 630 moe-

172 652 230 682 cha
244 652 398 692 lapidibus
422 653 534 691 obrui,
552 654 632 684 sicut
654 654 779 690 dicitur,
798 654 935 689 Denter„

170 715 252 744 :unt7
270 709 320 737 24.
337 707 374 737 Et
391 707 434 737 sic
449 708 600 747 accipitur
619 708 651 738 in
674 708 849 748 proposito,
867 716 938 738 cum

170 759 293 798 dicitur,
310 760 393 800 quod
411 763 456 791 est
471 761 603 800 gravius
614 786 621 799 ,
640 764 698 792 etc.

476 864 542 886 DUB.
565 864 632 886 VIII.

183 926 327 950 Secundum
337 932 447 957 namque
462 927 487 950 iu
502 927 584 957 poenis
601 929 669 951 tenet
684 927 769 951 locum
781 945 788 955 ,
804 926 925 957 quoniam

401 963 502 993 quidem
517 963 626 993 primum
636 982 644 992 ,
660 965 707 986 etc.

207 1028 338 1058 Videtur
351 1029 432 1059 male
445 1029 561 1065 dicere,
580 1029 655 1068 quia
669 1030 744 1059 ordo
761 1032 936 1068 transgres-

167 1083 292 1112 sionum
313 1084 343 1112 et
364 1082 567 1121 punitionum
592 1085 637 1112 est
654 1082 827 1113 sec-undum
848 1082 935 1113 ordi-

166 1143 238 1165 nem
261 1138 514 1175 praeceptorum:
536 1136 589 1166 sed
604 1136 701 1173 illud,
727 1136 843 1166 scilicet
870 1145 933 1165 nou

165 1188 329 1225 moechari,
348 1198 409 1218 non
423 1191 467 1219 est
481 1189 655 1220 secundnm
671 1190 865 1226 mandatum,
883 1189 937 1218 sed

165 1244 210 1272 est
218 1242 345 1271 tertium
356 1242 393 1281 (α)
404 1242 434 1272 in
445 1243 580 1273 secunda
592 1243 708 1272 tabula.
718 1242 750 1271 Si
761 1242 844 1272 dicas
853 1242 934 1281 quod

165 1283 338 1324 secundum
354 1295 457 1325 locum
473 1298 557 1325 tenet
572 1296 692 1325 ratione
704 1295 932 1334 poenaelzipida-

165 1347 271 1385 tionis,
284 1357 354 1386 quae
367 1348 516 1378 debetur¹
530 1348 714 1387 blasphemo
725 1350 755 1378 et
767 1348 911 1378 adultero
927 1359 933 1384 ;

165 1401 310 1440 objicitur
326 1404 417 1437 tunc,
435 1401 511 1440 quia
525 1401 634 1431 eadem
658 1410 752 1441 poena
773 1401 936 1439 infligitur

164 1454 230 1484 filio
244 1455 424 1484 contumaci
439 1457 469 1484 et
483 1457 641 1494 protervo.

204 1506 294 1546 Resp.
324 1507 495 1537 Dicendum
514 1507 597 1546 quod
622 1508 719 1546 aliqui
742 1507 850 1537 dicunt
876 1507 935 1537 boe

162 1569 230 1591 esse
248 1560 493 1599 intelligendum
508 1560 551 1590 sic
565 1585 571 1598 ‚
597 1560 680 1600 quod
697 1560 872 1590 secundum
888 1560 932 1591 lo-

163 1623 236 1645 cum
252 1616 350 1651 tenet,
367 1614 441 1654 quia
458 1617 617 1654 peccatum
634 1614 840 1653 blasphemiae
856 1617 901 1644 est
916 1624 934 1644 a

162 1670 249 1707 parte
271 1667 405 1703 animae,
428 1668 479 1698 sed
498 1669 662 1707 peccalum
683 1667 826 1697 adulterii
852 1669 897 1697 est
916 1677 934 1698 a

162 1723 249 1761 parte
263 1721 420 1761 corporis,
450 1723 480 1751 et
495 1723 659 1761 peccatum
677 1720 837 1751 homicidii
855 1722 901 1750 est
916 1730 934 1750 a

161 1778 248 1816 parte
263 1777 434 1816 conjuncti.
453 1776 517 1807 Sed
534 1776 610 1806 illud
626 1785 690 1806 non
704 1776 828 1806 videtur
844 1785 933 1815 posse

161 1832 257 1867 stare,-
274 1829 427 1869 quoniam
442 1829 551 1859 eadem
568 1838 661 1868 pcena
674 1838 730 1868 pro
746 1829 813 1859 istis
828 1829 933 1859 omni-

162 1882 221 1912 bus
235 1884 279 1912 est
294 1882 430 1919 inflicta,
453 1891 564 1911 omnes
580 1881 666 1911 enim
691 1881 790 1920 capite
815 1882 929 1921 plecte-

161 1935 278 1965 bantur
295 1945 301 1965 :
318 1937 349 1965 et
362 1935 433 1965 ideo
443 1935 558 1965 melius
573 1937 619 1965 est
634 1935 737 1965 dicere
748 1959 755 1971 ‚
772 1936 855 1975 quod
873 1936 931 1966 boc

160 1988 349 2027 intelligitur
364 1988 483 2018 ratione
506 1988 841 2027 poenaelapidati01iis;
872 1989 929 2019 ho-

161 2042 325 2072 micidium
339 2050 413 2071 vero
431 2041 621 2080 puniebatur
636 2042 809 2072 secundum
823 2042 929 2081 legem

160 2094 294 2125 talionis.
311 2093 399 2131 Quod
415 2103 490 2124 vero
506 2095 714 2134 objiciebatur
729 2095 766 2125 de
788 2095 854 2125 filio
879 2095 932 2125 in-

159 2147 360 2184 obedientiae,
377 2147 545 2178 dicendum
559 2148 645 2188 quod
660 2158 724 2179 non
739 2149 862 2179 ratione
877 2149 928 2179 in-

159 2200 343 2232 obedientiae
361 2200 482 2238 solum,
508 2200 562 2230 sed
581 2201 676 2231 etiam
702 2201 824 2232 ratione
849 2202 928 2232 alio-

159 2263 231 2284 rum
240 2255 450 2293 peccatorum,
463 2262 536 2292 quae
547 2255 636 2283 erant
647 2254 679 2284 in
689 2254 929 2294 dissipationem

160 2306 359 2346 reipublicae,
377 2306 453 2345 quia
467 2306 666 2343 luxuriosus,
691 2309 722 2337 et
738 2308 926 2339 consimilia.

160 2358 194 2390 Si
209 2361 381 2399 quaeratur,
398 2368 497 2399 quare
517 2359 708 2390 adulterium
724 2361 768 2391 ita
787 2363 929 2400 graviter

160 2413 360 2453 puniebatur,
387 2413 554 2444 dicendum
580 2414 665 2453 quod
686 2418 814 2454 propter
842 2416 923 2453 duo,

160 2466 276 2496 scilicet
296 2465 371 2505 quia
389 2468 456 2496 erat
474 2466 506 2496 in
531 2467 775 2498 destructionem
795 2477 928 2499 concor-

160 2519 237 2557 diae,
253 2527 289 2549 ac
304 2527 358 2558 per
371 2518 430 2549 hoc
446 2519 644 2559 reipublicae3
661 2521 737 2560 quia
750 2524 815 2552 erat
832 2531 926 2561 gene-

161 2573 299 2603 rativum
308 2580 433 2611 magnae
446 2572 601 2611 insamiae3
615 2575 775 2613 postremo
783 2599 791 2613 ,
805 2577 928 2606 ratione

160 2624 326 2665 pronitatis
339 2633 477 2663 magnae.
496 2625 532 2656 Et
552 2627 619 2656 haec
639 2626 735 2657 etiam
749 2630 795 2658 est
809 2638 921 2667 causa,

196 2690 200 2702 ¹
216 2688 301 2715 tevit„
317 2691 388 2717 xxiv,
406 2688 449 2717 16;
466 2694 508 2719 xx,
526 2690 560 2713 to.
572 2702 601 2706 —
614 2689 621 2702 ³
632 2688 717 2720 Helua,
734 2695 769 2720 x1,
784 2692 822 2715 35.

997 213 1156 244 XXXVIII.
1711 223 1768 251 375

998 290 1097 320 quare
1110 283 1173 311 tam
1191 282 1299 320 gravis
1318 284 1503 321 poenitentia
1520 295 1576 325 pro
1592 286 1767 318 uxoricidio

998 334 1183 374 imponitur,
1197 337 1233 364 ut
1249 336 1390 374 pronitas
1404 338 1591 370 refrenetur.

1316 438 1383 460 DUB.
1407 440 1450 461 IX.

1014 499 1068 522 Hoc
1083 499 1258 523 execrabiliter
1272 500 1299 524 fit
1314 500 1338 523 in
1355 502 1485 526 meretrice
1501 511 1508 533 3
1525 504 1568 527 sed
1585 504 1751 529 execrabilius

1330 536 1370 563 fit,
1386 539 1432 560 etc.

1038 600 1166 631 Videtur
1182 602 1293 632 falsum
1310 603 1411 633 dicere
1425 628 1431 640 ‚
1448 604 1523 643 quia
1539 606 1638 644 magis
1657 610 1764 645 peccat

997 654 1049 692 qni
1066 654 1209 685 abutitur,
1222 664 1254 685 re
1276 664 1339 685 non
1356 666 1500 687 concessa
1512 682 1519 693 ,
1545 668 1640 698 qnam
1658 660 1712 699 qni
1733 670 1767 691 re

997 716 1161 745 concessa3
1179 708 1251 747 quia
1266 708 1316 738 ille
1337 709 1512 748 dupliciter,
1529 711 1585 741 iste
1605 722 1669 743 uno
1695 723 1765 743 mo-

997 760 1036 790 do
1052 771 1057 790 :
1075 769 1154 799 ergo
1172 762 1306 800 gravius
1320 762 1382 792 ille.
1399 761 1476 794 Item
1492 765 1693 803 Augustinus
1705 790 1712 802 ,
1729 767 1766 798 de

998 814 1081 845 Bono
1099 815 1278 854 conjuqalz‘,
1299 819 1370 846 :inte
1388 817 1467 848 illud
1483 819 1635 857 verbum,
1654 820 1686 850 in
1701 821 1763 850 ori-

996 867 1095 905 ginali
1127 868 1200 898 dicit
1219 880 1223 898 z
1249 881 1262 896 «
1279 869 1314 899 In
1336 871 1430 900 rebus
1455 871 1493 901 ad
1514 873 1667 902 utendum
1689 882 1764 903 con-

996 920 1090 951 cessis
1113 921 1208 960 longe
1228 923 1263 952 fit
1291 923 1525 962 rationabilius,
1552 935 1648 965 quam
1668 926 1701 956 in
1721 927 1767 957 eis

998 983 1069 1013 quae
1083 984 1238 1006 concessae
1255 985 1318 1006 non
1344 979 1433 1014 sunt,
1453 978 1502 1008 vel
1522 988 1617 1017 unus·‚
1639 980 1689 1009 vel
1716 989 1764 1010 ra-

996 1036 1050 1057 rus
1065 1037 1223 1058 excessus.
1242 1040 1255 1056 »
1275 1030 1359 1069 Ergo
1375 1040 1448 1061 cum
1463 1041 1547 1062 uxor
1569 1033 1607 1062 sit
1621 1033 1659 1063 ad
1674 1035 1766 1064 uten-

996 1080 1071 1110 dum
1087 1090 1232 1112 concessa
1243 1106 1252 1120 ,
1270 1086 1370 1121 patet,
1388 1087 1446 1114 etc.

1036 1132 1127 1173 Resp.
1160 1134 1331 1166 Itis-endum
1360 1137 1443 1176 quod
1469 1147 1617 1168 excessus
1646 1139 1677 1168 in
1704 1149 1766 1170 usu

996 1187 1104 1216 uxoris
1119 1189 1218 1226 potest
1233 1197 1300 1218 esse
1315 1189 1498 1228 dupliciter:
1518 1194 1573 1221 aut
1588 1193 1763 1223 secundum

994 1243 1159 1277 naturam,
1177 1243 1231 1271 aut
1242 1245 1350 1272 contra
1366 1246 1523 1273 naturam.
1541 1243 1572 1274 Si
1586 1246 1761 1275 secundun]

995 1296 1141 1324 naturam
1156 1319 1162 1330 ,
1181 1295 1374 1326 tolerabilior
1391 1300 1435 1326 est
1454 1297 1486 1326 in
1502 1307 1602 1327 uxore
1616 1322 1622 1333 ‚
1638 1301 1765 1338 propte-r

993 1346 1051 1377 hoc
1070 1348 1154 1386 quod
1174 1349 1267 1378 babet
1287 1350 1522 1380 excusationem
1549 1351 1705 1391 aliquam.
1731 1352 1763 1382 Si

993 1402 1101 1430 contra
1128 1403 1276 1431 naturam
1291 1426 1300 1439 ,
1332 1411 1348 1432 e
1378 1406 1487 1433 contra
1510 1406 1577 1441 est,
1612 1405 1762 1443 qnoniam

994 1453 1025 1482 in
1042 1453 1244 1484 matrimonio
1266 1458 1339 1485 sunt
1355 1456 1527 1494 quaerenda
1545 1457 1628 1487 bona
1651 1458 1761 1488 matri-

994 1507 1110 1543 monii,
1138 1510 1168 1537 et
1187 1508 1350 1539 honestius
1376 1510 1538 1540 tractanda
1557 1513 1603 1541 est
1624 1513 1762 1551 conjiix,

992 1569 1089 1599 quam
1107 1562 1259 1591 meretrix
1278 1573 1284 1592 :
1303 1563 1372 1593 ideo
1388 1572 1458 1593 cum
1475 1567 1639 1603 peccatum
1656 1568 1764 1596 contra

993 1615 1139 1644 naturam
1157 1615 1195 1644 sit
1210 1618 1318 1645 eontra
1339 1617 1423 1647 bona
1446 1618 1656 1656 matrimonii,
1681 1621 1711 1649 et
1726 1619 1765 1650 sit

992 1667 1023 1696 in
1039 1667 1265 1697 contumeliam
1283 1670 1407 1707 uxoris,
1425 1670 1474 1700 cui
1490 1673 1536 1700 est
1548 1671 1692 1710 quaedam
1711 1672 1765 1702 ho-

991 1722 1093 1750 nestas
1115 1722 1217 1760 maior
1235 1722 1266 1751 in
1290 1723 1453 1753 tractando
1476 1733 1546 1753 eam
1567 1725 1762 1762 exhibenda,

991 1773 1065 1803 hinc
1086 1776 1133 1803 est
1157 1775 1242 1814 quod
1265 1775 1399 1813 gravius
1426 1779 1532 1815 peccat.
1556 1777 1611 1816 qui
1636 1778 1708 1808 facit
1730 1779 1764 1808 in

991 1835 1091 1857 uxore
1107 1836 1114 1857 :
1131 1830 1161 1857 et
1177 1828 1247 1858 ideo
1262 1828 1356 1858 etiam
1380 1829 1503 1867 dicitur,
1527 1830 1611 1868 quod
1633 1833 1763 1871 propter

990 1879 1068 1910 illud
1095 1883 1277 1919 peccatum,
1312 1882 1429 1911 scilicet
1455 1885 1564 1912 contra
1593 1886 1761 1921 naturam,

991 1935 1105 1965 mulier
1120 1938 1220 1974 potest
1235 1935 1393 1966 dimittere
1407 1939 1438 1966 et
1454 1937 1568 1976 fugere
1583 1938 1700 1969 virum.
1726 1939 1763 1969 Et

988 1988 1031 2017 sic
1048 1991 1131 2027 patet
1148 1989 1243 2028 quod,
1256 1990 1404 2028 quamvis
1420 1990 1564 2029 pluribus
1580 1991 1681 2021 modis
1690 2001 1761 2031 pec--

989 2044 1037 2071 cet
1060 2042 1113 2082 qui
1139 2045 1243 2081 peccat
1267 2052 1341 2073 cum
1371 2043 1551 2081 meretrice,
1585 2053 1681 2083 quam
1707 2045 1762 2084 qui

989 2098 1093 2135 peccat
1107 2105 1180 2126 cum
1196 2105 1309 2134 uxore,
1327 2100 1436 2127 tamen
1451 2097 1503 2127 hic
1521 2097 1676 2128 intensius
1688 2107 1760 2138 pec-

988 2150 1036 2179 cat
1053 2151 1179 2189 propter
1196 2150 1350 2189 majorem
1366 2152 1596 2190 contemptum.

1305 2243 1373 2266 DUB.
1397 2244 1430 2265 X.

1137 2301 1244 2325 Necesse
1262 2303 1301 2326 est
1317 2303 1345 2325 ut
1361 2302 1544 2333 legitimarum,
1564 2305 1612 2327 etc.

1028 2362 1188 2398 Quaeritur
1197 2362 1258 2399 hic,
1274 2363 1299 2393 si
1312 2363 1427 2403 aliquis
1438 2364 1603 2402 moriatur,
1615 2366 1646 2395 et
1658 2373 1760 2395 resus-

986 2414 1110 2452 citetur,
1135 2418 1244 2446 utrum
1260 2426 1344 2447 uxor
1368 2427 1426 2448 sua
1441 2418 1501 2447 sibi
1516 2418 1674 2448 reddenda
1696 2418 1753 2455 sit;

986 2471 1016 2499 et
1043 2469 1127 2508 quod
1153 2469 1216 2506 sic,
1246 2471 1374 2502 videtur
1394 2481 1449 2511 per
1477 2471 1615 2502 litteram
1640 2472 1753 2507 istam,

985 2522 1060 2561 quia
1076 2523 1188 2562 primae
1204 2524 1323 2563 nuptiae
1342 2526 1470 2555 fuerunt
1491 2525 1656 2564 legitimae.
1681 2524 1758 2554 ltein

986 2578 1114 2614 apparet
1129 2585 1182 2615 per
1193 2576 1268 2607 illud
1286 2578 1370 2617 quod
1381 2578 1495 2608 dicitur
1509 2579 1518 2594 ²
1532 2590 1538 2606 :
1558 2579 1757 2616 Λεπρεῖ-[ινιτ

986 2628 1131 2660 mulceres
1141 2629 1179 2661 de
1191 2631 1418 2663 resurrectione
1428 2634 1567 2663 mortuos
1578 2638 1661 2662 suos.
1679 2629 1756 2660 ltem

1018 2690 1049 2719 (a)
1068 2690 1127 2714 Cret.
1143 2690 1203 2714 edit.
1219 2691 1284 2715 deest
1301 2692 1411 2716 tertium.
