1991 3006
30 963 133 984 Fundani.

31 2432 62 2452 Λι]
80 2440 131 2460 opp.

537 201 633 232 DIST.
657 199 763 231 XVIII.
789 199 897 230 PART.
923 200 944 230 l.
968 200 1056 230 AR'r.
1082 201 1134 232 III.
1156 203 1306 239 QUAEST.
1333 205 1353 235 I.

372 328 613 361 ARTICULUS
637 328 694 360 ΙΙΙ.

192 424 442 463 Consequenter,
460 426 616 464 quantum
636 424 675 454 ad
698 424 827 453 tertium
843 424 917 453 arti-

152 477 275 512 culum,
302 477 455 516 quaeritur
476 477 649 516 specialiter
671 477 708 506 de
732 476 826 512 clavi⁷
845 485 917 515 quae

151 528 265 558 dIcitur
279 529 416 559 svientiae
433 530 492 567 ((ι>;
514 531 544 558 et
564 529 645 559 circa
666 529 726 558 hoc
748 529 810 558 duo
829 538 918 568 quee-

150 583 288 611 runtur:
305 582 408 620 primo
427 582 584 620 quaeritur
607 583 714 611 utrum
736 582 865 611 scientia
880 582 918 611 sit

149 633 263 671 clavis;
280 634 417 664 secundo
432 634 586 673 quaeritur
601 636 711 664 utrum
732 634 770 663 sit
785 634 845 663 alia
860 633 918 663 cla-

149 685 210 723 νὶε,
228 695 325 725 quam
340 687 488 725 potentia.

411 792 586 829 QUAESle
610 792 635 822 I.

342 874 387 900 An
409 874 522 900 scientia
546 875 581 900 sit
606 874 688 899 clavis
708 879 723 898 ¹.

188 952 275 982 Circa
299 961 395 991 quam
421 952 596 982 ostenditur
622 952 705 991 quod
727 951 856 981 scientia
879 951 917 980 sit

149 1004 255 1034 clavis.
276 1004 382 1034 Primo
398 1004 441 1033 sic
461 1015 467 1034 ;
485 1004 585 1044 Super
609 1004 686 1034 illud
700 1005 710 1020 '
729 1015 734 1034 :
756 1004 826 1034 Tibi
838 1003 917 1034 dabo

148 1056 262 1094 claves,
278 1056 386 1086 Glossa
407 1068 412 1087 z
436 1068 449 1084 «
466 1057 566 1087 Clavis
585 1057 700 1087 dicitur
721 1056 870 1093 scientia,
888 1059 918 1086 et

147 1109 302 1148 potentia,
321 1118 384 1148 qua
399 1109 489 1139 debet
503 1110 616 1148 dignos
628 1110 782 1149 recipere,
801 1108 918 1138 01111111-

147 1170 228 1200 gnos
243 1161 404 1200 repellere.
420 1173 434 1189 n
454 1161 538 1200 Ergo
554 1162 682 1192 scientia
697 1164 742 1192 est
757 1162 864 1191 clavis.

186 1214 280 1251 Item,
308 1214 342 1244 in
369 1215 505 1253 quodam
532 1224 677 1245 sermone
695 1215 732 1244 de
760 1214 916 1253 Apostolis

146 1265 237 1297 Petro
259 1269 289 1297 et
316 1267 429 1304 Paulo,
458 1267 572 1297 dicitur
588 1278 594 1297 ε
621 1278 635 1294 «
662 1267 774 1297 Petrus
800 1267 918 1305 accepit

146 1319 266 1349 clavem
281 1319 441 1358 potentiae,
462 1319 575 1349 Paulus
591 1328 666 1349 vero
681 1319 801 1349 clavem
817 1319 917 1348 scieu-

146 1371 210 1401 tiae.
225 1381 239 1398 ›>
259 1371 344 1409 Ergo
360 1371 488 1401 scientIa
504 1373 549 1401 est
559 1371 665 1401 clavis.

187 1423 263 1453 Item
292 1424 413 1453 ratione
439 1424 580 1461 videtur,
606 1424 681 1463 quie
700 1432 794 1454 omne
817 1423 913 1459 illud,

144 1475 230 1514 quod
248 1476 362 1506 directe
385 1478 545 1515 repugnat
564 1476 681 1507 errori.
700 1476 829 1506 scientia
849 1479 894 1506 est
906 1500 913 1512 ,

145 1527 195 1557 vel
210 1527 248 1558 de
266 1537 382 1567 genere
395 1529 533 1559 scientiae
548 1540 554 1558 ;
569 1529 622 1559 sed
637 1529 734 1559 clavis
749 1529 855 1567 aliqua
870 1531 916 1558 est

146 1580 329 1619 hujusmodi
356 1591 362 1610 z
390 1590 467 1620 ergo
479 1605 486 1619 ,
514 1583 570 1611 etc.
599 1581 744 1611 Probatio
772 1581 913 1611 minoris.

146 1632 357 1672 Hieronymus
372 1643 467 1672 super
481 1634 558 1664 illud
577 1645 583 1664 :
604 1634 674 1665 Tibi
690 1633 770 1665 dabo
785 1634 888 1664 claves
906 1645 912 1663 z

149 1694 163 1711 (ι
178 1682 261 1713 Sciat
281 1683 419 1723 prudens
441 1684 537 1714 lector
564 1685 622 1714 boc
652 1693 718 1714 esse
742 1684 779 1714 de
808 1684 915 1714 futuro

144 1736 336 1775 promissum
354 1760 362 1773 ‚
391 1737 467 1775 quia
491 1737 515 1766 si
545 1738 651 1766 statim
682 1737 763 1767 dntae
793 1739 913 1774 essent,

142 1797 308 1828 nunquam
324 1789 354 1819 in
370 1798 406 1819 eo
419 1798 507 1819 error
523 1799 628 1828 prava?
652 1790 855 1820 confessionis
868 1790 912 1819 lo-

143 1851 215 1871 cum
228 1842 424 1872 habuisset.»
440 1842 525 1880 Ergo
539 1842 644 1881 aliqua
655 1843 793 1872 clavium
803 1842 914 1872 exclu-

143 1894 187 1924 dit
201 1903 352 1924 errorem.

185 1946 261 1976 Item
277 1947 601 1985 Augustinusfflicit,
616 1949 646 1976 et
661 1946 795 1976 habetur
809 1947 840 1977 in
856 1947 916 1977 dis-

144 1998 293 2029 tinctione
320 1999 506 2038 praecedenti
531 2009 537 2028 ε
572 2010 585 2027 «
613 1998 673 2035 Qui
699 1999 769 2029 vult
791 2003 916 2038 peccata

145 2051 283 2081 confiteri
297 2075 304 2087 ,
330 2054 366 2081 ut
387 2051 528 2081 invemat
552 2051 709 2090 3011111111,
726 2055 849 2090 quaerat
864 2062 912 2082 sa-

144 2103 300 2133 cerdotem
315 2127 323 2140 ,
351 2104 405 2142 qui
428 2104 503 2133 sciat
531 2103 634 2142 ligare
657 2106 686 2134 et
707 2104 849 2142 solvere,
874 2114 914 2135 ne

144 2164 217 2185 cum
229 2156 398 2194 negligens
413 2156 494 2185 circa
509 2165 582 2186 eum
593 2157 746 2193 extioerit7
762 2157 912 2195 negliga-

144 2210 208 2238 tur.
224 2219 238 2236 1)
259 2208 343 2246 Ergo
358 2209 570 2238 necessarium
592 2211 638 2238 est
662 2209 836 2239 absolventi
856 2211 914 2240 ha-

144 2261 218 2291 bere
242 2261 427 2290 scientiam2
456 2270 534 2300 ergo
559 2261 585 2291 si
610 2261 701 2297 illud,
728 2262 811 2301 quod
830 2265 915 2293 tenet

144 2313 299 2343 rationem
315 2313 352 2343 ad
369 2314 587 2352 aperiendum,
603 2316 648 2344 est
664 2314 772 2351 clavis,
789 2315 915 2346 videtur

144 2366 228 2404 quod
243 2365 373 2396 scientia
388 2365 485 2395 clavis
500 2366 549 2396 sit.

186 2418 245 2448 Sed
256 2420 383 2448 contra:
401 2418 502 2457 Super
516 2418 611 2449 illud:
628 2419 698 2451 Tibi
709 2420 788 2452 dabo
800 2420 911 2458 claves,

146 2472 217 2508 etc.,
229 2470 354 2501 Glossa:
370 2482 384 2499 α
394 2470 675 2509 PraesentiSjudicIi
685 2475 868 2511 potestatem
879 2485 885 2504 z
895 2486 909 2502 »

179 2567 186 2582 ¹
201 2567 241 2595 Cf.
261 2566 331 2590 Alex.
346 2567 441 2597 Aluna,
458 2574 480 2596 p.
498 2567 539 2596 lv,
556 2574 579 2597 ·1·
594 2573 637 2597 xx,
656 2569 764 2594 membr.
779 2572 801 2599 3,
817 2573 863 2594 art.
883 2574 912 2601 13

148 2601 211 2624 Guil.
238 2602 362 2631 Altisicd„
388 2603 418 2626 lV
447 2605 523 2631 Sena,
549 2605 619 2625 {rm-i,
643 2610 684 2632 vi,
700 2612 722 2627 c.
740 2612 797 2636 vim
825 2608 912 2638 steph.

149 2636 253 2666 Brulet.‚
264 2637 294 2660 iv
306 2638 383 2666 Sem„
394 2637 452 2661 dist.
468 2643 542 2666 xviii,
557 2645 581 2667 q.
598 2644 638 2668 1v;
657 2639 744 2663 Petrus
758 2642 788 2665 (10
802 2644 912 2674 Τατεωῑ.,

1704 211 1740 237 15

972 275 1052 305 ergo
1067 267 1193 298 videtur
1207 271 1293 309 quod
1307 274 1441 311 utraque
1456 272 1553 304 clavis
1570 275 1615 302 est
1635 275 1740 312 potes-

971 321 1018 349 tas
1035 330 1041 350 ε
1058 328 1123 350 non
1134 329 1214 360 ergo
1229 322 1368 354 scientia.

1012 372 1089 402 Item
1111 373 1213 404 claves
1239 374 1355 406 dantur
1374 377 1407 407 in
1427 377 1556 415 ordine,
1581 380 1611 408 et
1632 387 1739 410 conse-

972 427 1116 463 quuntur
1126 427 1256 465 praecise
1269 428 1412 459 ordinem
1425 440 1431 459 :
1450 430 1503 461 sed
1520 430 1611 461 multi
1625 431 1742 462 habent

972 478 1137 516 ordinem,
1160 480 1217 519 qui
1238 489 1301 510 non
1328 481 1444 513 babent
1466 484 1644 522 scientiam,
1670 486 1700 514 et
1725 493 1741 514 e

972 539 1124 561 converso
1141 542 1148 561 ε
1166 540 1245 571 ergo
1260 533 1389 564 scientia
1404 544 1466 565 non
1485 538 1532 566 est
1546 537 1653 567 clavis.

1012 582 1089 613 Item
1113 583 1210 614 clavis
1227 586 1324 616 semel
1343 586 1451 618 habita
1469 598 1634 628 nunquam
1649 590 1742 621 amit-

972 635 1065 673 titur,
1089 636 1169 667 sicut
1193 646 1252 668 nec
1276 639 1375 670 ordo:
1406 641 1460 671 sed
1482 642 1611 672 scientia
1633 643 1742 673 habita

972 690 1072 727 potest
1094 689 1217 720 amitti:
1242 700 1319 730 ergo
1338 692 1467 723 scientIa
1487 703 1551 724 non
1572 697 1619 724 est
1633 695 1739 726 clavis.

1013 741 1110 778 Item,
1127 741 1152 772 si
1174 743 1303 773 scientia
1326 747 1373 775 est
1401 745 1513 784 clavis,
1537 748 1593 777 aut
1615 748 1743 778 scientia

973 793 1097 832 innata,
1115 797 1170 825 aut
1185 796 1348 835 acquisita,
1366 800 1422 828 aut
1437 798 1541 829 infusa
1558 809 1564 829 :
1582 799 1608 829 si
1623 799 1739 837 innata,

972 855 1051 884 ergo
1067 846 1170 878 claves
1184 850 1259 879 sunt
1273 859 1291 880 a
1305 852 1438 886 natura3
1456 851 1482 880 si
1497 851 1626 881 scientia
1640 852 1742 891 acqui-

972 899 1051 937 sita,
1070 909 1149 939 ergo
1172 901 1275 932 claves
1297 905 1372 933 sunt
1396 913 1452 943 per
1480 904 1740 943 acquisitionem,

972 961 1036 982 non
1053 962 1109 992 per
1124 954 1278 992 gratIam3
1301 955 1327 985 si
1344 956 1461 993 infusa,
1483 957 1537 987 sed
1557 957 1649 987 multi
1668 960 1743 988 sunt

972 1005 1027 1044 qui
1042 1005 1122 1035 nihil
1140 1010 1299 1037 noverunt
1318 1017 1374 1047 per
1397 1009 1588 1040 infusionem
1612 1011 1741 1049 propter

973 1066 1063 1088 suam
1078 1059 1253 1097 nequitiam
1269 1071 1275 1090 ε
1293 1069 1372 1099 ergo
1388 1062 1463 1092 mali
1477 1071 1542 1092 non
1554 1062 1671 1092 habent
1684 1062 1743 1093 cla-

972 1119 1039 1140 ves,
1050 1109 1082 1140 Si
1093 1113 1129 1140 tu
1139 1111 1222 1141 dicas
1232 1113 1317 1151 quod
1328 1113 1505 1145 infunditur
1514 1115 1653 1152 scientia,
1669 1124 1741 1154 quae

972 1165 1019 1192 est
1035 1164 1134 1201 gratis
1149 1164 1232 1202 data,
1250 1165 1330 1195 sicut
1348 1165 1524 1204 Salomoni3
1547 1168 1741 1198 contrarium

972 1215 1115 1246 videmus
1135 1220 1260 1256 aperte,
1286 1219 1362 1258 quia
1385 1228 1495 1249 omnes
1518 1220 1581 1250 fere
1605 1220 1649 1250 ita
1669 1223 1742 1251 sunt

972 1268 1127 1307 simplices
1143 1272 1173 1299 et
1189 1270 1294 1301 idiotae
1310 1273 1379 1310 post
1393 1273 1624 1312 susceptionem
1636 1282 1737 1303 sacer-

972 1320 1058 1359 dotii⁷
1078 1324 1112 1352 ut
1127 1324 1210 1353 ante.

1246 1410 1469 1443 CONCLUSIO.

972 1483 1093 1510 scientia
1109 1492 1161 1512 non
1179 1488 1215 1512 est
1234 1487 1318 1513 clavis
1337 1487 1482 1514 secundnm.
1500 1488 1570 1522 quod
1583 1488 1650 1515 dicit
1664 1489 1742 1515 habt·-

1006 1529 1074 1558 tum,
1090 1529 1137 1555 secl
1152 1529 1294 1556 secundum
1315 1531 1385 1564 quod
1404 1531 1469 1558 dz'cz't
1488 1534 1673 1559 auctoritatem
1688 1535 1743 1559 sive.

1007 1573 1124 1605 officium
1150 1573 1333 1606 dtsceznencli,
1359 1583 1416 1608 quoe
1437 1578 1605 1610 consequitur
1626 1577 1741 1604 ordinem

1009 1617 1236 1650 inseparabiliter.

1012 1690 1103 1730 Resp.
1121 1691 1160 1721 ad
1175 1701 1246 1730 arg.
1273 1692 1445 1723 Dicendum
1468 1694 1552 1733 quod
1576 1694 1658 1725 circa
1680 1695 1740 1726 hoc

971 1743 1088 1782 duplex
1100 1744 1159 1774 fuit
1167 1745 1273 1784 opinio
1282 1746 1499 1785 antiquorum.
1513 1747 1645 1784 Quidam
1655 1750 1738 1780 enin]
1755 1759 1787 1785 o„
1800 1768 1819 1779 ..Δ
1842 1765 1859 1780 ,κ

970 1795 1139 1834 dixerunt,
1167 1798 1251 1836 quod
1277 1799 1407 1829 scientia
1433 1802 1478 1829 est
1506 1800 1602 1831 clavis
1614 1825 1622 1838 ‚
1646 1805 1742 1840 prout

971 1847 1099 1878 scientia
1110 1850 1253 1880 nominat
1263 1850 1409 1881 habitum
1420 1852 1536 1883 sciendi
1552 1853 1739 1885 discernere.

971 1899 1031 1930 Sed
1046 1909 1109 1930 non
1123 1903 1170 1931 est
1184 1901 1280 1932 clavis
1294 1903 1475 1942 principalis
1490 1914 1547 1935 nec
1562 1915 1619 1944 per
1633 1916 1676 1944 se,
1687 1908 1739 1937 sed

971 1954 1064 1991 prout
1075 1954 1185 1992 juncta
1206 1956 1252 1984 est
1273 1956 1451 1986 auctoritati
1479 1957 1600 1995 ligandi
1623 1961 1653 1989 et
1677 1959 1739 1989 sol-

970 2005 1082 2035 vendI:
1098 2008 1128 2035 et
1141 2006 1210 2036 haec
1225 2006 1322 2037 clavis
1336 2017 1400 2038 non
1413 2011 1460 2038 est
1474 2009 1511 2039 de
1526 2019 1593 2041 esse
1607 2011 1738 2050 ordinis,

970 2057 1024 2087 sed
1038 2057 1076 2088 de
1098 2058 1177 2088 bene
1191 2067 1260 2089 esse
1271 2083 1278 2096 ‚
1292 2059 1336 2090 ita
1352 2061 1436 2099 quod
1454 2061 1479 2091 si
1500 2062 1615 2102 aliquis
1631 2065 1741 2104 recipit

970 2110 1115 2140 ordinem
1131 2111 1169 2141 de
1183 2112 1274 2149 sacto,
1289 2122 1354 2143 non
1365 2113 1486 2144 habens
1495 2115 1668 2154 seleutiam,
1682 2118 1740 2147 fac-

973 2164 1041 2192 tum
1056 2165 1120 2200 est·,
1136 2164 1189 2194 sed
1203 2165 1422 2196 executionem
1435 2167 1665 2205 jurisdictionis
1683 2170 1737 2199 ab-

970 2214 1110 2246 solvendi
1126 2225 1189 2246 non
1204 2217 1316 2256 recipit
1327 2218 1394 2249 sine
1409 2219 1547 2257 periculo
1562 2221 1688 2259 animae,
1703 2231 1739 2252 eo

970 2268 1055 2306 quod
1070 2268 1168 2299 altera
1193 2269 1331 2300 clavium
1352 2273 1445 2301 earet.
1467 2271 1505 2301 Et
1524 2272 1556 2302 hi
1577 2273 1735 2309 dixerunt„

970 2321 1054 2359 quod
1070 2321 1200 2360 quidam
1223 2322 1382 2354 habebant
1404 2325 1568 2356 scientiam
1583 2326 1736 2363 clavium,

971 2375 1006 2403 ut
1021 2373 1062 2403 illi
1079 2375 1135 2414 qui
1149 2375 1268 2406 habent
1277 2376 1441 2407 scientiam
1456 2378 1659 2417 aequisitam;
1672 2382 1738 2419 qui-

970 2425 1043 2456 dam
1057 2427 1257 2467 claviculam,
1274 2431 1309 2459 ut
1324 2430 1369 2459 illi
1385 2431 1439 2469 qui
1453 2433 1559 2461 carent
1574 2433 1735 2471 aequisita,

970 2480 1074 2510 tamen
1105 2490 1160 2519 per
1182 2482 1360 2513 naturalem
1388 2484 1576 2514 industriam
1604 2488 1737 2516 noscunt
1753 2494 1848 2521 improb.

971 2562 1002 2587 IV
1014 2562 1092 2592 Sent.‚
1103 2563 1159 2588 dist.
1178 2570 1252 2594 xviii,
1269 2572 1293 2596 q.
1306 2572 1371 2590 v1.-
1384 2566 1392 2580 ²
1403 2566 1501 2595 Mami„
1520 2573 1571 2597 xvr,
1586 2569 1652 2592 19.—
1666 2569 1673 2582 ³
1685 2570 1737 2592 ini„

970 2600 1058 2622 auctor
1071 2598 1128 2622 libri
1143 2599 1172 2622 (Ie
1184 2607 1234 2622 ver.
1251 2602 1274 2623 et
1288 2601 1348 2629 fals.
1364 2602 1461 2630 Peenit..
1478 2610 1500 2626 c.
1516 2609 1540 2625 x.

1002 2647 1034 2677 (a)
1051 2647 1110 2670 Coet.
1124 2647 1184 2671 edit.
1200 2648 1311 2673 scientia.
