1991 3006
779 213 893 245 LIBER
915 213 1125 245 SECUNDUS.

161 285 228 323 Qua
240 284 459 316 consummata
472 281 551 312 vidit
566 280 644 311 Deus
659 281 725 321 ipsa
740 283 858 317 creata,

160 339 195 369 In
216 348 280 378 qua
299 337 473 368 Plasmator
489 336 528 374 (a)
549 335 628 366 vidit
646 335 725 365 bene
744 337 856 365 cuncta
870 343 928 374 pa-

243 394 336 422 trata.

387 465 602 505 DISTINCTIO
623 473 701 504 XVI.

160 559 197 586 De
209 559 322 585 hominis
335 558 476 584 creatione.
494 557 543 583 sbi
555 556 774 583 considerandum
786 558 832 586 est,
848 564 929 590 quare

194 605 297 630 creatus
312 604 346 629 sit
362 602 450 636 homo,
467 604 491 628 et
512 602 630 636 qualiter
647 603 683 628 sit
700 602 854 631 institutus,
872 609 928 634 quoe

193 647 243 674 duo
269 654 352 681 supra
378 648 498 673 tractata
525 649 602 679 szt71t;
626 648 651 672 et
676 646 793 680 qualiter
817 645 927 679 lapsus,-

189 693 322 726 postremo
334 698 384 725 quo
396 690 472 717 modo
483 691 520 717 sit
529 692 684 725 reparatus:
695 698 752 724 quoe
763 689 929 716 discutienda

191 738 262 762 sunt.

249 813 293 837 His
304 812 429 842 excussis,
443 819 500 843 quae
515 819 592 843 supra
602 813 632 836 de
648 812 774 841 hominis,
787 814 833 836 etc.

197 871 247 902 Sic
263 872 359 902 homo
378 871 565 911 plasmatur,
584 873 619 901 ut
644 871 750 910 imago
775 870 826 900 Dei
848 870 926 900 refe-

236 927 342 962 ratur,

156 977 194 1008 Et
206 978 299 1009 vultu
314 980 397 1009 recto
410 978 549 1008 coelestia
565 979 760 1008 contueatur.

374 1094 592 1126 DISTINCTIO
614 1094 707 1125 XVII.

159 1176 250 1203 Utrum
277 1177 368 1202 anima
390 1176 422 1202 de
449 1177 539 1210 aliquo
565 1177 640 1208 facta
665 1177 718 1206 stt,
743 1175 785 1201 vel
810 1183 877 1207 non,
906 1178 928 1201 et

191 1220 295 1255 quando
311 1221 399 1253 facta,
418 1223 441 1247 et
457 1228 537 1254 quam
556 1221 676 1255 gratiam
699 1219 794 1246 habuit
813 1221 841 1246 tn
858 1228 928 1247 crea-

194 1266 275 1291 tione.

218 1345 264 1369 Hic
274 1344 305 1367 de
317 1344 413 1375 origiue
425 1345 515 1368 animce
527 1345 600 1375 plura
612 1345 692 1375 quaeri
707 1344 800 1376 solent,
814 1347 864 1369 etc.

196 1405 237 1436 De
252 1406 328 1437 limo
344 1416 457 1446 corpus
468 1407 545 1437 Adae
559 1407 640 1437 Deus
655 1407 720 1446 ipse
731 1407 866 1446 paravit,

157 1458 213 1489 Cui
242 1468 317 1489 cura
345 1462 469 1490 aetatem
498 1462 680 1499 provectam
707 1470 783 1491 mox
812 1470 925 1492 cumu-

234 1512 332 1549 lavit,

154 1564 199 1595 Ac
213 1565 389 1595 insufflavit
404 1566 543 1595 animam
560 1566 632 1603 sibi,
649 1567 714 1597 sive
729 1568 857 1603 creavit,

156 1617 246 1649 Hunc
274 1619 306 1648 in
332 1618 471 1648 terrestri
492 1619 636 1658 paradiso
661 1623 791 1659 postque
820 1621 853 1659 (b.
881 1621 925 1651 Io-

235 1671 330 1709 cavit,

155 1725 256 1761 Quam
274 1725 354 1755 Deus
369 1734 469 1764 usque
485 1725 617 1764 globum
638 1725 736 1756 Lunae
759 1727 928 1766 plantando

234 1778 362 1809 levavit.

155 1831 258 1870 Ligno
273 1832 404 1869 notitae,
422 1832 495 1862 vitae
512 1832 637 1871 lignum
651 1833 812 1872 solidavit,

155 1884 194 1915 Et
208 1884 324 1924 duplici
346 1884 437 1923 ligno
451 1885 514 1915 duo
534 1887 609 1915 tunc
632 1888 787 1926 praecepta
802 1887 926 1925 ligavit.

155 1937 277 1977 Duplex
294 1940 487 1977 praeceptum
503 1938 592 1977 liguo
608 1939 727 1978 duplici
743 1940 885 1971 sociavit.

341 2044 596 2075 DISTINCTIO
616 2045 741 2076 XVIII.

360 2121 396 2148 De
409 2122 572 2154 formatione
587 2122 714 2149 mulieris.

244 2200 270 2224 In
283 2201 373 2225 eodem
389 2208 490 2232 quoque
505 2202 621 2232 paradiso
635 2202 776 2232 mulierem,
791 2204 838 2226 etc.

194 2257 280 2288 Sicut
295 2258 448 2298 principio
468 2258 550 2289 Deus
565 2268 649 2290 unus
665 2260 698 2298 (c)
715 2261 828 2290 cuncta
842 2269 926 2291 crea-

232 2312 295 2349 vit3

154 2362 241 2394 Unus
256 2364 300 2394 sic
318 2364 419 2396 Adam
433 2368 563 2396 cunctos
578 2366 723 2396 homines
748 2368 925 2405 generavit.

153 2415 197 2446 Ne
209 2417 325 2456 minor,
340 2421 393 2448 aut
408 2420 511 2458 maj01·
527 2410 683 2457 Adaessed
698 2429 755 2459 par
769 2420 923 2460 videatur,

153 2468 252 2500 Evam
267 2470 305 2500 (Ie
321 2471 417 2502 latere
432 2473 526 2510 sumi,
545 2473 664 2503 ratione
680 2473 842 2512 probatur.

152 2522 213 2553 Nos
236 2523 347 2555 Christi
369 2525 464 2556 latere
489 2526 689 2556 redimendos
711 2527 922 2565 significatur.

152 2575 218 2606 Eva
234 2577 268 2606 fit
281 2586 321 2607 ex
335 2581 419 2609 costa
434 2579 510 2617 sola,
525 2579 578 2609 sed
597 2579 838 2619 multiplicatur.

184 2658 218 2685 (a)
231 2657 290 2681 Coet.
307 2658 367 2682 edit.
382 2659 559 2689 psalmator.—
575 2659 604 2689 (b)
621 2661 796 2690 postquam-
813 2662 843 2692 (c)
861 2662 926 2691 priu-

153 2692 246 2722 cipium
263 2694 328 2717 neus
343 2695 419 2718 unde.

1697 219 1754 248 637

986 280 1054 311 Non
1069 280 1112 310 sic
1127 282 1251 318 natura,
1263 281 1289 311 si
1306 281 1476 320 discernas,
1493 284 1654 322 operatur.

986 333 1064 363 Vere
1079 333 1126 363 dic
1142 334 1265 365 animas
1280 344 1319 366 ex
1331 335 1458 366 traduce
1473 344 1537 366 non
1554 337 1714 375 generari,

986 385 1052 416 Imo
1068 387 1249 426 corporibus
1264 389 1358 418 simul
1373 388 1566 420 infundendo
1580 390 1689 420 creari.

1208 501 1426 534 DISTINCTIO
1448 502 1526 534 XIX.

987 582 1022 608 De
1039 583 1127 616 primo
1157 583 1271 610 hominis·
1293 586 1366 611 statu
1392 588 1453 612 ante
1473 588 1630 620 peccatum,
1654 587 1757 613 scilicet

1020 627 1111 660 qualis
1143 628 1228 660 fuerit
1253 629 1396 655 secuudum
1426 637 1539 665 corpus,
1570 633 1593 657 et
1618 631 1756 657 secundum

1021 679 1151 698 ammam.

1078 754 1167 778 Solent
1181 753 1260 785 quaeri
1276 754 1347 784 plura
1360 755 1391 779 de
1401 755 1511 779 hominis
1526 758 1605 787 statu,
1620 759 1668 782 etc.

1025 816 1138 847 Factus
1152 817 1253 848 Adam
1270 818 1313 848 sic
1332 819 1377 848 est
1400 818 1433 848 in
1448 819 1551 858 prima
1566 821 1754 859 conditione,

987 869 1024 900 Ut
1041 870 1139 901 vitare
1153 874 1247 911 queat
1260 874 1395 902 mortem
1410 873 1538 912 propria
1552 874 1684 905 ratione.

986 923 1045 954 Sed
1061 933 1156 964 pomo
1171 925 1268 956 vetito
1285 925 1430 956 mulieris
1446 935 1521 957 voce
1538 927 1646 966 potito,

986 977 1045 1008 Per
1062 979 1182 1009 nullam
1197 981 1314 1009 sortem
1336 980 1438 1019 potuit
1459 990 1656 1021 compescere
1671 991 1756 1013 mor-

1064 1034 1138 1062 tem.

985 1085 1115 1121 Quando
1151 1095 1360 1125 resurgemus
1378 1111 1384 1124 ‚
1419 1087 1517 1118 vitani
1557 1089 1624 1119 sine
1656 1093 1756 1121 morte

1063 1139 1207 1169 sciemus.

1216 1248 1435 1280 DISTINCTIO
1457 1249 1520 1280 XX.

985 1324 1020 1349 De
1040 1323 1114 1350 morlo
1134 1326 1325 1358 procreationis
1347 1326 1477 1358 filiorum,
1494 1328 1519 1352 εί
1538 1335 1589 1354 non
1609 1331 1756 1362 peccassent

1045 1369 1130 1403 primi
1142 1371 1281 1403 parentes,
1296 1372 1319 1396 et
1332 1370 1423 1404 quales
1438 1375 1608 1398 nascerentur
1621 1373 1683 1405 filii.

1054 1453 1114 1477 Post
1128 1454 1177 1477 hoc
1193 1453 1333 1479 videndum
1349 1457 1399 1481 est,
1420 1455 1525 1486 qualiter
1539 1456 1628 1488 primi,
1644 1458 1692 1481 etc.

1025 1513 1055 1544 Si
1068 1523 1131 1545 nou
1142 1518 1331 1555 peccassent,
1342 1517 1426 1547 coitu
1443 1517 1525 1548 licito
1534 1520 1751 1557 generassent.

985 1565 1023 1597 Ut
1039 1577 1124 1598 nuuc
1141 1571 1262 1599 statura
1276 1579 1391 1609 parvos
1406 1573 1495 1600 natos
1509 1571 1712 1610 genuissent3

984 1618 1062 1649 Hinc
1079 1621 1282 1659 profecissent
1296 1623 1449 1662 paulatim
1466 1624 1659 1663 cognitione.

984 1672 1046 1703 Hos
1062 1673 1246 1712 ignorantes
1262 1685 1327 1706 non
1343 1676 1477 1707 dicimus
1490 1678 1548 1708 hac
1563 1679 1694 1709 ratione.

983 1726 1086 1765 Atque
1101 1727 1186 1757 cibos
1202 1728 1316 1758 vellent
1329 1732 1452 1760 naturae
1468 1731 1657 1762 coudItione.

984 1779 1061 1809 Cum
1076 1784 1304 1819 peccaverunt⁷
1325 1791 1401 1812 mox
1418 1784 1531 1822 expelli
1558 1788 1754 1816 meruerunt.

983 1833 1027 1863 Ac
1040 1833 1071 1863 111
1088 1835 1229 1864 terrestri
1244 1836 1389 1874 paradiso
1404 1846 1469 1867 11011
1489 1837 1643 1868 coierunt.

983 1885 1057 1916 Post
1082 1887 1148 1917 sine
1172 1890 1274 1919 morte
1298 1888 1379 1919 Deus
1400 1890 1457 1920 hos
1482 1890 1609 1922 duceret
1628 1892 1665 1922 ad
1688 1902 1756 1923 me-

1062 1940 1152 1971 llora.
1297 1982 1299 1984 Ι

982 1992 1013 2023 Si
1039 1993 1133 2024 simul
1160 1994 1219 2025 hoc
1238 1996 1339 2034 fieret,
1367 1998 1423 2027 aut
1443 2007 1522 2037 qua,
1549 1999 1697 2037 nescitur⁷
1721 2000 1753 2030 in

1061 2047 1150 2077 hora.

1207 2118 1424 2152 DISTINCTIO
1448 2121 1526 2153 XXI.

998 2192 1035 2217 De
1056 2191 1164 2218 invidia
1183 2191 1299 2223 diaboli,
1316 2194 1362 2226 qui
1377 2194 1414 2220 ad
1435 2194 1564 2222 hominem
1580 2197 1732 2224 tentandum

1304 2239 1423 2264 accessit.

1105 2312 1198 2336 Videns
1208 2313 1284 2344 igitur
1296 2314 1411 2338 diabolus
1422 2315 1562 2347 homiuem,
1576 2318 1625 2341 etc.

1024 2370 1155 2401 Invidus
1170 2372 1220 2402 ille
1232 2372 1327 2403 Satan
1338 2373 1477 2404 hominis
1487 2375 1524 2405 de
1534 2376 1748 2416 prosperitate,

980 2423 1090 2454 Tentat
1110 2424 1220 2463 Evam,
1241 2429 1370 2465 superat
1391 2428 1545 2467 serpentis
1569 2428 1747 2460 calliditate.

980 2476 1134 2515 Exteiius,
1149 2487 1212 2508 non
1226 2478 1361 2509 interius
1375 2480 1496 2518 primus
1511 2480 1707 2519 stimulatum

978 2529 1016 2560 Et
1031 2530 1104 2569 quia
1120 2532 1306 2570 succumbit,
1323 2533 1415 2572 culpa
1428 2535 1547 2573 majore
1558 2533 1687 2572 ligatur.

979 2582 1039 2614 Sed
1050 2584 1203 2623 quoniam
1216 2585 1327 2616 cecidit
1342 2585 1410 2625 ipso
1425 2586 1540 2616 satana
1554 2587 1747 2625 stimulante,

978 2636 1026 2667 Ad
1041 2637 1167 2668 veniam
1182 2639 1283 2678 potuit
1297 2639 1440 2677 transire,
1458 2639 1520 2670 Deo
1536 2640 1705 2672 mediante.

980 2689 1039 2720 Per
1053 2700 1085 2721 se
1100 2692 1247 2731 dejicitur
1261 2692 1411 2730 Satanas;
1429 2693 1498 2724 ideo
1513 2694 1711 2735 reprobatur,
1726 2714 1728 2717 -
