1991 3006
108 1005 210 1026 Fundani.

235 186 292 214 308

233 249 432 286 sacramenti,
448 249 522 288 quia
537 248 680 280 Christus
696 250 822 280 unicam
837 251 931 280 habet
947 250 1001 280 Ec-

233 302 356 331 clesiam
375 310 538 341 sponsam,
554 311 618 332 non
638 302 762 342 plures:
780 312 860 342 ergo
877 303 1001 333 videtur

233 355 316 394 quod
332 355 413 385 male
427 356 467 385 sit
483 356 707 395 dispensatum.

273 410 300 437 5.
327 407 422 445 Item,
445 408 470 438 si
493 409 596 439 omnis
613 409 804 449 dispensatio
824 409 914 440 dehet
935 418 1001 439 csse

233 462 359 499 propter
369 460 507 500 aliquam
519 471 658 498 causam,
672 471 781 501 quaaero
794 470 867 501 quoe
878 462 917 491 sit
929 461 997 491 illa:

232 512 258 542 si
281 513 499 553 multiplicatio
521 514 617 554 prolis
639 515 675 545 ad
694 515 815 545 cultum
837 514 906 551 Dei,
929 524 1001 544 cum

231 565 291 595 ista
312 575 407 596 causa
428 567 515 597 omni
536 570 676 607 tempore
701 569 776 604 stet,
801 567 875 606 quia
899 567 1002 597 cultus

231 617 284 648 Dei
299 620 346 649 est
361 619 633 659 multiplicandus,
655 630 734 659 ergo
754 621 787 650 in
809 620 895 650 omni
918 622 1001 650 tem—

231 680 305 710 pore
318 672 408 702 debet
422 673 481 703 ista
495 674 689 713 dispensatio
705 676 799 703 stare.

269 726 298 754 6.
318 724 396 755 Item
421 726 545 756 videtur
569 726 652 765 quod
678 726 735 755 ista
759 726 951 765 dispensatio
969 736 1001 756 se

229 779 403 810 extenderit
428 781 467 810 ad
493 781 574 811 solos
596 782 713 819 patres,
737 780 812 818 quia
836 780 950 811 dicitur
967 781 998 810 ἐ

228 831 298 862 Νοη
313 832 435 864 habebit
450 841 564 865 uxores
583 833 750 873 plurimas,
767 842 838 873 quoe
853 833 1001 866 alliciant

228 885 372 916 animum
395 885 481 924 ejus;
504 886 564 917 hoc
587 886 700 917 dicitur
729 887 766 917 de
796 896 891 925 rege:
923 896 1000 925 crgo

228 937 327 968 multo
342 939 453 969 fortius
468 939 537 969 aliis
551 942 595 969 est
611 940 694 969 istud
710 940 919 979 prohibitum.

268 990 394 1021 Contra:
412 992 499 1028 Quod
510 992 729 1031 dispensatum
741 993 844 1029 fuerit,
860 993 996 1025 videtur.

227 1044 324 1083 quia²
350 1044 512 1075 Abraham
537 1046 631 1076 simul
660 1056 733 1077 cum
759 1056 859 1077 uxore
888 1047 999 1077 habuit

226 1097 447 1135 concubinam,
475 1100 505 1128 ct
529 1101 636 1129 tamen
657 1108 721 1129 non
742 1099 996 1138 reprehenditur,

226 1149 290 1180 imo
310 1149 460 1181 Dominus
479 1152 684 1191 approbavit,
708 1161 781 1182 cnm
801 1152 879 1182 «lixit
899 1153 936 1182 de
959 1153 998 1182 ls-

226 1203 347 1233 maele⁸
367 1204 450 1243 quod
467 1204 572 1243 ipsum
597 1205 710 1235 faceret
731 1214 891 1235 crescere:
919 1214 998 1244 ergo

225 1265 298 1286 cum
312 1256 372 1286 hoc
386 1266 450 1286 non
463 1257 568 1287 liceret
585 1267 640 1297 per
658 1260 817 1294 naturam,
834 1258 995 1297 dispensa-

225 1311 295 1339 tum
307 1312 353 1339 est
367 1319 441 1340 cum
457 1319 506 1340 eo.

267 1362 344 1392 Item
367 1362 461 1393 Jacob
480 1363 592 1393 habuit
610 1364 688 1394 duas
715 1373 846 1400 uxores,
871 1367 901 1394 et
921 1364 998 1394 (luas

225 1416 427 1454 concubinas,
443 1418 473 1446 et
486 1418 606 1446 constat
620 1417 705 1455 quod
721 1417 780 1447 hoc
793 1416 909 1456 placuit
924 1416 995 1453 Deo,

227 1470 301 1509 quia
322 1479 445 1508 semen,
467 1469 550 1509 quod
571 1479 610 1499 ex
633 1470 782 1499 omnibus
798 1470 932 1509 accepit,
952 1473 998 1500 est

225 1524 452 1563 approbatum:
470 1532 547 1561 ergo
561 1532 634 1553 cum
649 1532 686 1552 eo
699 1523 759 1552 fuit
770 1523 996 1562 dispensatum.

268 1576 343 1606 Item
362 1576 459 1606 David
483 1576 592 1605 habuit
611 1576 718 1615 plures
742 1585 857 1605 uxores
880 1579 910 1606 et
929 1586 999 1606 con-

225 1629 371 1667 cubinas,
395 1629 475 1659 sicut
503 1629 652 1666 dieitur‘,
680 1631 710 1658 vt
733 1632 837 1659 tamen
862 1638 925 1659 non
948 1638 999 1660 re-

226 1682 453 1722 prehenditur:
475 1690 553 1721 ergo
568 1681 787 1721 dispensatum
803 1684 849 1712 est
862 1692 936 1712 cum
953 1692 998 1712 re-

227 1736 334 1773 gibus.

268 1788 344 1819 Item
360 1791 369 1806 5
387 1787 546 1818 Helchana
562 1788 601 1827 (a)
625 1787 734 1817 babuit
748 1787 854 1827 plures
870 1798 997 1826 uxores,

227 1844 258 1872 et
276 1843 383 1871 tamen
404 1850 467 1871 non
488 1840 733 1880 reprehenditur
750 1851 755 1870 z
778 1850 857 1879 ergo
877 1842 1000 1872 videtur

227 1895 313 1934 quod
328 1904 400 1925 cum
416 1895 566 1925 omnibus
582 1895 622 1924 sit
636 1894 862 1933 dispensatum.

268 1948 346 1978 Item
365 1948 418 1978 lex
437 1948 590 1987 supponit
607 1950 761 1986 tanquam
777 1947 897 1977 licitum
912 1947 940 1978 ⁶:
966 1948 1001 1979 Si

227 2001 373 2033 habuerit
387 2001 476 2032 hoino
487 2000 570 2031 dicas
588 2008 717 2036 uxores,
734 2009 832 2031 unam
851 2001 1000 2032 dilectam

229 2057 257 2085 et
268 2054 402 2086 alteram
412 2053 556 2085 odiosam
564 2063 576 2091 ,·
590 2063 645 2083 nec
658 2053 717 2083 hoc
729 2054 890 2091 redarguit
902 2065 907 2084 2
923 2064 1001 2091 ergo

228 2107 378 2137 omnibus
400 2108 467 2136 erat
485 2106 624 2136 licitum:
651 2115 731 2144 ergo
754 2115 827 2136 cum
852 2107 1002 2136 omnibus

229 2159 455 2199 dispensatum.
473 2159 632 2195 Quaeritur
656 2158 769 2197 igitur,
797 2159 956 2197 quomodo
972 2162 1000 2189 et

230 2213 355 2252 quando
371 2212 411 2242 sit
427 2212 661 2250 dispensatum,
684 2214 714 2241 ct
729 2212 783 2241 ubi
799 2221 1000 2251 expressum,

230 2268 261 2295 et
280 2274 377 2304 quare
399 2268 474 2295 tunc
497 2267 527 2295 et
545 2274 608 2295 non
624 2264 733 2302 modo,
751 2267 779 2295 et
795 2267 953 2304 quantum
969 2276 1001 2296 se

230 2318 388 2349 extendat.

262 2418 266 2431 ¹
285 2417 395 2443 Denter„
416 2421 478 2441 xvii,
500 2416 534 2437 17.
554 2428 577 2430 —
598 2415 606 2427 2'
624 2415 720 2442 Genes„
740 2421 791 2444 mi,
808 2416 830 2437 S.
847 2415 895 2430 —³
908 2415 1003 2439 Gencs..

229 2457 292 2482 xvu,
304 2454 326 2475 ti.
338 2464 367 2468 -—
379 2452 386 2464 ⁴
404 2450 421 2473 ll
438 2450 503 2479 Hesp,
516 2455 558 2479 xx,
577 2451 599 2472 ll.
611 2462 640 2465 —
651 2450 677 2472 ⁵!
694 2451 760 2479 qu,
775 2456 789 2478 Ι,
803 2451 863 2473 2.-
874 2450 883 2466 ⁰
895 2450 1003 2479 Deultum,

229 2494 283 2517 xm,
299 2488 336 2510 15⁴
348 2499 375 2503 ’-
393 2487 399 2499 ⁷
413 2486 508 2512 Gemma,
526 2487 660 2512 x.x1,ll).—
672 2485 682 2500 Β
694 2485 789 2514 Genea,
806 2491 867 2514 xxx,
883 2486 895 2508 3
911 2487 1003 2515 etseq.

230 2536 255 2540 ,-
277 2524 286 2537 s
307 2522 379 2552 Aug„
403 2520 432 2543 [le
452 2521 524 2549 Bam.
549 2522 612 2542 cant.
639 2520 735 2547 Donat,
758 2520 800 2542 lib.
826 2520 860 2549 ll,
883 2528 906 2543 c.
928 2526 952 2544 λ’.
975 2533 1003 2537 --

231 2558 249 2571 ¹⁰
265 2558 362 2586 Genea,
378 2562 430 2586 xvx,
447 2557 469 2578 ct
483 2562 535 2584 seq.
549 2567 575 2570 —
593 2556 781 2585 ¹¹t1eues‚,xx·1,
795 2557 816 2577 ἃ,

261 2612 294 2642 (a)
324 2611 394 2641 Vuly.
425 2610 524 2634 Elcana.
544 2623 574 2626 -
600 2609 631 2638 (b)
657 2610 717 2631 th.
740 2609 799 2633 vdit.
827 2609 960 2639 contingit.
976 2623 1006 2626 —

229 2647 258 2678 (c)
275 2647 334 2670 Item
350 2646 444 2670 mariti.

790 182 1097 215 SEN'I'ENTIARUM
1118 183 1192 214 ΜΒ.
1218 183 1267 213 lv.

1325 310 1549 342 CONCLUSIO.

1059 400 1121 426 Sine
1135 401 1307 433 necessitate,
1323 401 1504 434 confinitate,
1520 400 1640 427 utilitate
1653 402 1676 427 et
1691 400 1826 427 honestate

1094 452 1229 478 nunquam
1253 444 1419 478 dispensavit
1445 445 1513 470 Deus
1538 446 1624 471 tenere
1652 443 1826 475 concubinas,

1094 489 1158 521 quia
1177 488 1232 514 iIIoe
1250 491 1311 514 sant
1332 496 1437 519 causoe,
1458 496 1516 522 qaoe
1534 488 1571 514 ad
1592 489 1671 515 talem
1693 488 1830 523 dispensa-

1095 534 1190 559 tionem
1205 534 1372 559 concurrunt.

1093 620 1181 659 Hesp.
1197 621 1235 650 ad
1251 630 1320 658 arg.
1334 620 1503 650 Dicendum
1518 620 1601 659 quod
1617 620 1656 650 ad
1671 620 1830 660 dispensa-

1058 673 1187 711 tionem,
1201 673 1238 703 ad
1249 673 1308 703 hoc
1319 673 1513 710 quoddebite
1526 673 1590 705 ssat,
1603 676 1633 703 et
1644 673 1831 704 convenien-

1057 728 1105 756 ter
1115 725 1212 755 homo
1222 735 1259 756 ea
1268 728 1387 763 utatur,
1399 725 1457 755 ista
1468 728 1605 765 quatuor
1615 728 1689 756 sunt
1700 735 1830 757 concur-

1058 779 1171 815 rentia,
1195 778 1311 808 scilicet
1327 779 1510 812 necessitas.
1526 779 1727 818 congruitas,
1746 780 1829 810 utili-

1057 834 1118 868 tas,
1139 834 1168 861 ct
1187 831 1351 860 honestas:
1375 833 1405 861 et
1431 831 1490 860 ista
1512 833 1649 870 quatuor
1673 835 1747 863 sunt
1762 832 1826 864 hic.

1058 884 1200 915 Primum
1212 883 1339 922 quidem
1352 892 1533 921 congruum
1545 884 1602 914 fuit
1612 884 1690 915 illud
1700 887 1828 925 tempus
1864 904 1875 915 ⁴.
1894 904 1906 915 u

1056 937 1293 977 dispensationi,
1309 937 1460 976 quoniam
1478 938 1605 976 tempus
1618 937 1676 968 fuit
1690 938 1824 978 figurae:

1055 993 1085 1020 et
1102 990 1252 1029 quoniam
1266 989 1406 1019 Christus
1424 999 1579 1028 generare
1600 991 1731 1022 debebat
1743 992 1826 1023 libe·

1055 1054 1107 1074 ros
1128 1047 1157 1074 et
1179 1044 1259 1074 tilios
1279 1052 1334 1082 per
1356 1043 1569 1082 baptismum,
1592 1046 1623 1075 et
1644 1045 1676 1075 in
1692 1044 1828 1076 Ecclesia

1055 1098 1226 1135 catholica,
1251 1099 1280 1127 et
1301 1097 1333 1127 in
1355 1097 1511 1127 liaereticis
1525 1098 1735 1137 diverticulis;
1753 1099 1823 1130 ideo

1055 1152 1087 1181 in
1106 1152 1213 1190 figura
1235 1150 1342 1181 debuit
1367 1151 1543 1189 praecedere
1567 1152 1818 1190 matrimonium,

1053 1205 1121 1235 sive
1133 1204 1295 1243 generatio
1305 1214 1344 1234 ex
1358 1204 1456 1234 libera
1470 1206 1499 1234 et
1510 1204 1631 1235 ancilla.
1646 1204 1682 1235 Et
1691 1214 1816 1241 rursus,

1054 1257 1205 1296 quoniam
1230 1258 1310 1286 inter
1329 1257 1397 1287 illos
1416 1257 1470 1295 qui
1491 1257 1530 1287 ab
1544 1258 1701 1288 haereticis
1716 1258 1820 1298 bapti-

1055 1312 1176 1348 zantur,
1189 1311 1318 1350 quidam
1333 1310 1481 1340 haeresim
1492 1313 1679 1350 sequuntur,
1692 1312 1822 1351 quidam

1054 1362 1093 1391 ad
1120 1361 1288 1392 Ecclesiam
1313 1364 1535 1399 revertuntur3
1563 1362 1632 1393 ideo
1656 1363 1823 1402 utriusque

1054 1415 1161 1453 figura
1177 1415 1355 1454 praecessit:
1378 1416 1472 1455 primi
1488 1416 1519 1446 in
1543 1416 1688 1454 ismaele,
1708 1416 1746 1447 de
1760 1426 1824 1457 quo

1055 1468 1173 1498 (lictum
1187 1470 1233 1498 est
1247 1468 1256 1484 ⁷
1271 1479 1276 1498 :
1295 1468 1381 1507 Effice
1397 1469 1557 1507 ancillam,
1574 1472 1602 1501 et
1616 1469 1721 1507 fitium
1736 1469 1824 1509 eiu&

1054 1521 1183 1551 secundi
1198 1522 1231 1550 in
1245 1521 1366 1551 ancillis
1379 1522 1485 1558 Jacob,
1502 1532 1638 1561 quarum
1653 1523 1663 1539 ⁸
1679 1523 1734 1553 filii
1749 1525 1824 1553 sunt

1054 1574 1134 1604 inter
1150 1574 1265 1603 liberos
1277 1575 1461 1614 computatI.
1479 1575 1544 1605 Iloc
1559 1575 1693 1606 liabetur
1706 1576 1745 1606 ab
1762 1577 1824 1607 Au-

1055 1627 1184 1663 gustino
1199 1629 1209 1645 ⁹
1233 1627 1264 1656 in
1286 1627 1366 1657 libro
1390 1628 1428 1659 cle
1460 1629 1630 1668 Baptz‘smo.
1652 1628 1723 1659 Fuit
1746 1638 1825 1668 ergo

1054 1681 1205 1720 temporiS
1222 1682 1416 1719 congruitas.
1434 1681 1505 1712 Fuit
1525 1683 1619 1712 etiam
1642 1683 1819 1714 necessitas.

1054 1734 1129 1773 quia
1144 1735 1235 1774 pauci
1248 1737 1337 1764 erant
1350 1735 1447 1765 Deum
1458 1736 1607 1766 colentes:
1627 1738 1658 1766 et
1670 1739 1705 1766 ut
1719 1737 1823 1768 cultus

1055 1787 1182 1818 divinus
1205 1797 1268 1817 non
1293 1788 1423 1827 periret,
1448 1798 1572 1819 necesse
1596 1789 1655 1819 fuit
1683 1793 1718 1820 ut
1744 1791 1822 1821 filios

1056 1841 1315 1880 multiplicarent:
1333 1843 1364 1871 et
1380 1841 1581 1880 contingebat
1595 1842 1631 1881 (b)
1648 1843 1731 1882 quod
1745 1852 1822 1874 uxo-

1055 1903 1105 1923 res
1124 1894 1245 1924 steriles
1257 1894 1428 1924 haberent:
1446 1894 1515 1925 idco
1529 1895 1745 1926 necessitatem
1760 1897 1817 1927 ha—

1055 1948 1192 1977 buerunt
1208 1949 1286 1977 tunc
1299 1947 1404 1986 plures
1420 1947 1547 1978 habere.
1565 1947 1635 1978 Fuit
1649 1949 1743 1979 etiam
1760 1950 1821 1981 uti-

1056 2000 1137 2038 litas,
1154 2001 1228 2039 quia
1242 2000 1299 2029 filii
1315 2001 1541 2031 erudiebantur
1551 2011 1569 2031 a
1584 2002 1776 2041 parentibus,
1791 2006 1819 2033 et

1057 2062 1160 2083 mores
1183 2055 1310 2092 patrum
1334 2053 1525 2082 servabant:
1553 2056 1583 2083 et
1614 2054 1683 2084 ideo
1705 2057 1824 2094 quanto

1057 2106 1177 2145 plures,
1205 2108 1290 2135 tanto
1312 2105 1414 2135 cultus
1435 2105 1486 2134 Dei
1510 2108 1575 2135 erat
1598 2107 1771 2137 celebrior:
1793 2111 1820 2137 et

1056 2158 1125 2189 ideo
1147 2161 1211 2188 erat
1232 2161 1306 2188 tunc
1326 2158 1402 2188 utile
1422 2158 1537 2188 multos
1557 2168 1734 2197 procreare.
1752 2160 1823 2191 Fuit

1056 2211 1151 2241 etiam
1167 2212 1325 2248 honestas,
1343 2211 1417 2250 quia
1432 2220 1496 2240 non
1513 2211 1627 2241 affectu
1643 2212 1822 2251 libidinoso,

1057 2265 1110 2295 sed
1129 2267 1232 2294 casto:
1254 2273 1319 2294 non
1337 2264 1451 2294 affectu
1473 2264 1635 2303 adulterii,
1654 2266 1707 2297 sed
1725 2267 1823 2297 mari-

1057 2318 1110 2348 tali
1128 2318 1161 2356 (c)
1189 2317 1283 2348 etiam
1305 2317 1497 2347 concubinas
1519 2319 1760 2356 cognoscebant.
1788 2320 1824 2351 In

1058 2372 1150 2410 cujus
1159 2371 1204 2401 rei
1216 2370 1432 2400 testimonium
1443 2369 1480 2400 de
1490 2370 1652 2401 Abraham
1663 2372 1778 2403 dicitur
1788 2376 1824 2411 ¹⁰,

1058 2424 1141 2462 quod
1163 2433 1227 2453 non
1248 2424 1313 2462 ipsc
1336 2422 1456 2462 accepit
1471 2423 1632 2461 ancillam,
1655 2425 1710 2455 sed
1732 2426 1825 2457 uxori

1058 2477 1212 2513 obedivit,
1228 2479 1257 2506 et
1272 2477 1300 2506 ei
1314 2475 1349 2506 in
1363 2484 1400 2506 ea
1411 2475 1552 2505 debitum
1566 2476 1714 2516 reddidit,
1735 2481 1766 2509 et
1780 2479 1827 2510 af-

1058 2530 1140 2560 fectu
1159 2530 1219 2559 viri
1235 2529 1384 2568 cognovit
1401 2539 1407 2558 :
1427 2530 1457 2558 et
1480 2528 1549 2558 ideo
1564 2528 1686 2568 dicitur,
1704 2531 1788 2570 quod
1804 2532 1822 2550 ¹¹

1060 2583 1138 2613 Sara
1153 2582 1244 2614 dedit
1263 2584 1351 2622 Aqar
1367 2583 1403 2613 in
1423 2589 1556 2612 uxorem
1569 2582 1747 2621 Abraham,
1762 2594 1826 2615 non

1060 2636 1135 2675 quia
1145 2636 1238 2666 fuerit
1250 2645 1340 2672 uxor,
1350 2635 1425 2674 quia
1432 2636 1633 2674 postmodum
1649 2637 1822 2677 t'uiteJecta,

1842 1748 1902 1768 Ratio
1926 1748 1947 1767 2.

1841 1853 1901 1874 nnio
1925 1854 1945 1873 ³.

1842 2172 1901 2192 linio
1924 2174 1945 2192 ὁ,
