1991 3006
730 190 918 222 DISTINGT.
943 191 1046 221 XXIV.
1072 190 1171 221 PARS
1196 191 1230 220 ΙῘ.
1720 194 1776 221 165

191 263 285 306 eleyit
304 262 478 306 discipulos
495 261 586 305 prius
601 264 607 279 ¹
622 286 629 300 ‚
649 271 724 304 quos
746 265 777 292 et
791 260 953 303 apostolos
977 258 1104 291 vocavit
1122 270 1131 289 :
1152 269 1294 301 quormn
1316 259 1417 291 vicem
1437 262 1556 301 gerunt
1581 258 1615 289 in
1637 258 1778 290 Ecclesia

191 320 329 363 majores
348 319 525 363 pontifices.
545 317 667 349 Deinde
691 317 701 333 ²
722 317 802 349 alios
826 311 1032 360 septuaginta
1055 320 1086 348 et
1109 316 1191 347 duos
1216 315 1391 359 discipulos
1410 316 1591 359 designavit
1610 328 1616 347 z
1634 326 1777 359 quorum

191 377 294 410 vicem
326 377 360 409 in
393 375 533 408 Ecclesia
562 379 672 407 tenent
706 374 898 418 presbyteri.
929 374 1022 406 Unus
1056 377 1163 405 autem
1194 373 1278 404 inter
1305 373 1465 416 apostohws
1493 373 1642 417 princeps
1672 372 1778 405 extitit

190 434 307 467 Petrus
324 435 345 475 ³,
367 433 459 477 cujus
479 432 620 465 vicarius
639 436 670 464 et
692 443 853 464 successor
877 436 923 463 est
944 431 1091 475 pontifex
1116 441 1283 470 summus,
1308 430 1393 462 unde
1415 430 1534 462 dicitur
1549 431 1754 475 Apostoliczcs
1768 457 1775 471 ‚

191 493 246 537 qui
276 495 306 523 et
328 493 421 535 Papa
445 494 600 531 vocatur,
631 490 750 522 scilicet
772 490 868 522 Pater
893 490 1039 521 Patrum.
1068 488 1181 527 Qualis
1204 491 1313 520 autem
1339 488 1415 529 eligi
1441 488 1555 520 debeat
1584 488 1776 532 presbyter,

190 549 364 593 Apostolus
379 548 520 580 scribens
541 548 710 580 Timotheo
735 547 875 579 ostendit
890 546 917 587 “‚
941 546 997 578 nbi
1023 546 1154 578 nomine
1175 546 1330 589 Episcopi
1351 546 1576 589 presbyterum
1603 545 1776 588 significat.

189 606 257 638 Hoc
272 609 381 638 antem
396 605 503 638 officio
519 617 596 638 usus
612 609 658 637 est
674 605 834 645 Christus,
851 615 926 636 cum
943 604 1084 647 seipsum
1108 604 1142 635 in
1165 615 1220 635 ara
1235 603 1339 634 crucis
1354 602 1492 644 obtulit,
1512 603 1597 635 idem
1613 603 1776 643 sacerdos,

189 667 220 696 et
244 662 389 705 hostia⁵3
414 667 445 695 et
469 663 601 707 qnando
627 667 697 706 post
720 673 845 694 coenam
872 673 987 705 panem
1014 666 1044 693 et
1068 661 1182 694 vinum
1211 661 1245 692 in
1271 672 1387 704 corpus
1414 672 1510 692 sunm
1535 664 1565 692 et
1585 661 1777 703 sanguinem

189 720 413 753 commutavit.
430 721 510 753 Ecce
526 721 564 753 de
587 724 708 764 septem
732 719 880 752 Ecclesiae
905 719 1063 761 gradibus
1084 719 1224 751 breviter
1245 718 1381 759 elocuti,
1400 718 1478 762 quid
1496 718 1533 749 ad
1554 729 1718 762 quemque
1733 719 1775 761 (a)

189 779 369 823 pertineat,
394 778 645 811 insinuavimus.
672 777 821 821 Cumque
847 788 959 810 omnes
985 777 1170 820 spirituales
1186 776 1250 808 sint
1271 780 1301 808 et
1324 775 1428 816 sacri,
1453 775 1647 808 excellenter
1671 779 1778 808 tamen

189 847 327 868 canones
350 836 432 868 duos
457 840 583 868 tantum
607 846 714 868 sacros
736 835 867 867 ordines
891 834 1049 878 appellari
1076 838 1230 873 censent,
1255 834 1450 866 Diaconatus
1474 833 1614 874 scilicet,
1637 837 1667 865 et
1687 833 1779 865 Pres-

189 894 378 938 byteratus3
404 894 482 937 quia
508 893 565 926 hos
595 894 680 926 solos
701 893 869 937 primitiva
894 892 1036 924 Ecclesia
1061 891 1182 934 legitur
1208 891 1380 932 hahuisse,
1401 895 1432 923 et
1460 891 1498 923 de
1523 891 1573 923 his
1601 891 1678 923 solis
1699 902 1780 934 prae-

189 956 317 995 ceptum
341 951 489 995 Apostoli
510 958 519 973 ὃ
542 951 712 984 habemus.
737 950 885 994 Apostoli
912 951 999 982 enim
1025 950 1059 982 in
1081 949 1221 992 singulis
1243 949 1428 982 civitatibus
1448 949 1613 992 episcopos
1638 953 1668 980 et
1694 959 1781 992 pres—

189 1009 320 1052 byteros
334 1009 580 1041 ordinaverunt.
600 1008 729 1040 Levitas
743 1008 840 1040 etiam
858 1008 899 1040 ab
914 1008 1066 1051 apostolis
1081 1007 1246 1039 ordinatos
1260 1007 1418 1049 legimus⁷
1432 1019 1439 1046 3
1458 1017 1599 1050 quornm
1617 1007 1781 1039 maximus

188 1066 252 1098 fuit
267 1066 382 1099 beatus
395 1066 591 1110 Stephanus.
610 1065 834 1098 subdiaconos
849 1077 926 1098 vero
942 1070 973 1097 et
988 1065 1140 1109 Acolytos
1154 1091 1161 1105 ,
1179 1064 1371 1108 procedente
1387 1068 1544 1108 tempore,
1562 1063 1703 1096 Ecclesia
1719 1064 1781 1096 sibi

188 1123 366 1156 constituit.

233 1181 269 1213 Si
289 1185 398 1213 autem
422 1181 581 1225 quaeritur
603 1181 683 1225 quid
709 1181 766 1222 sit,
792 1181 879 1225 quod
903 1181 954 1214 hic
974 1185 1109 1214 vocatur
1133 1181 1231 1221 ordo3
1249 1192 1325 1213 sane
1347 1180 1409 1212 dici
1432 1183 1554 1223 potest,
1572 1180 1778 1223 signaculum

188 1250 255 1272 esse
269 1265 277 1280 ,
292 1239 325 1271 id
342 1243 406 1280 est,
424 1250 550 1272 sacrum
566 1239 730 1283 quoddam
745 1265 752 1279 ‚
773 1251 838 1282 quo
856 1239 1036 1283 spiritualis
1060 1243 1199 1283 potestas
1221 1238 1359 1271 traditur
1380 1238 1550 1279 ordinato,
1568 1243 1598 1270 et
1616 1237 1776 1270 officium.

189 1297 360 1329 Character
375 1308 452 1339 ergo
474 1297 676 1340 spiritualis,
701 1297 759 1329 ubi
781 1297 819 1329 fit
843 1297 1004 1341 promotio
1028 1296 1225 1341 spiritualis,
1248 1296 1327 1328 ordo
1353 1296 1404 1328 vel
1425 1295 1545 1338 gradus
1568 1300 1714 1328 vocatur.
1741 1296 1780 1328 Et

189 1354 341 1387 dicuntur
366 1354 400 1386 hi
424 1354 554 1387 ordines
573 1356 811 1395 Sacramenta,
830 1355 908 1399 qnia
931 1355 963 1387 in
979 1366 1094 1387 eornm
1111 1354 1315 1399 perceptione
1332 1365 1382 1386 res
1406 1365 1496 1386 sacra
1511 1380 1518 1395 ‚
1533 1353 1565 1386 id
1590 1358 1658 1395 est,
1676 1354 1778 1396 gratia

190 1412 371 1452 confertur3
389 1424 488 1456 quam
504 1412 650 1455 figurant
665 1424 719 1453 ea,
737 1424 809 1456 qua}
824 1413 868 1445 ibi
888 1417 1060 1455 geruntur.

235 1470 321 1502 Sunt
337 1473 368 1502 et
383 1469 446 1502 alia
466 1469 614 1513 quaedam
638 1481 704 1502 non
724 1470 897 1511 ordinum,
915 1471 969 1503 sed
985 1471 1182 1513 dignitatum
1200 1471 1250 1503 vel
1273 1470 1456 1503 officiorum
1481 1470 1615 1503 nomina
1628 1475 1650 1502 ⁸.
1667 1470 1780 1513 Digni-

188 1527 262 1560 tatis
276 1527 375 1560 simul
392 1531 422 1559 et
437 1527 537 1560 officii
554 1539 674 1560 nomen
694 1532 740 1560 est
760 1528 950 1572 Episcopus.
968 1529 1182 1572 Episcopatus
1206 1532 1315 1560 autem
1339 1528 1536 1560 vocabulum
1559 1528 1634 1560 inde
1657 1527 1779 1560 dictum

188 1589 252 1627 est,
269 1585 355 1630 quod
371 1585 448 1626 ille,
466 1585 523 1629 qni
538 1585 720 1630 Episcopus
741 1586 906 1627 efficitur,
929 1586 1193 1630 superintendat,
1218 1597 1330 1618 curam
1352 1586 1473 1618 scilicet
1495 1586 1703 1619 subditorum
1727 1597 1780 1628 ge-

187 1654 261 1676 rens
278 1656 285 1675 z
302 1643 431 1687 scopein
458 1650 587 1687 (σκοπεῖν)
615 1644 703 1676 enim
725 1655 842 1687 graece,
868 1644 969 1677 latine
993 1644 1162 1677 intendere
1185 1644 1318 1677 dicitur.
1346 1644 1496 1688 Episcopi
1522 1647 1631 1676 autem
1656 1655 1779 1687 graece,

187 1701 287 1734 latine
303 1702 519 1746 speculalores
534 1701 803 1746 interpretantur.
822 1702 905 1735 Nam
920 1702 1103 1746 speculator
1124 1706 1170 1735 est
1188 1702 1379 1746 praepositus
1400 1702 1434 1734 in
1449 1702 1592 1734 Ecclesia
1606 1702 1724 1743 dictus,
1745 1713 1781 1733 eo

188 1759 276 1804 quod
294 1759 492 1803 speculetur,
510 1764 607 1803 atque
625 1759 796 1803 perspiciat
812 1760 1009 1803 populorum
1026 1760 1113 1792 infra
1131 1771 1163 1792 se
1183 1760 1363 1804 positorum
1379 1770 1485 1792 mores
1507 1763 1538 1791 et
1561 1759 1674 1792 vitam.
1697 1759 1781 1791 Pon-

187 1816 266 1849 tifex
281 1820 328 1849 est
341 1817 491 1861 princeps
509 1817 710 1849 sacerdotum
725 1843 732 1858 ,
750 1817 843 1861 quasi
859 1817 911 1849 via
926 1818 1146 1861 sequentium.
1168 1818 1239 1861 Ipse
1262 1821 1293 1849 et
1316 1828 1463 1849 summus
1486 1816 1636 1850 sacerdos
1653 1828 1780 1849 nuncu-

186 1879 294 1918 patur.
312 1875 383 1919 Ipse
399 1875 486 1907 enim
501 1874 617 1907 levitas
633 1878 663 1906 et
689 1875 868 1907 sacerdotes
883 1875 1003 1916 efficit3
1022 1875 1089 1919 ipse
1107 1886 1218 1907 omnes
1234 1875 1462 1907 ecclesiasticos
1476 1875 1605 1907 ordines
1624 1875 1777 1919 disponit.

231 1931 318 1964 Ordo
335 1935 444 1964 autem
469 1931 695 1975 episcoporum
717 1932 975 1976 quadripartitus
991 1936 1058 1973 est,
1075 1932 1195 1965 scilicet
1218 1932 1251 1964 in
1274 1931 1490 1976 patriarchis,
1508 1932 1756 1976 archiepiscopis
1771 1960 1776 1972 ‚

190 1989 447 2033 metropolitanis
466 1993 496 2021 et
515 1989 704 2033 episeopis⁹.
722 1989 911 2022 Patriarcha
924 2001 1027 2033 graece
1042 2001 1192 2022 summus
1208 1994 1338 2034 patrum
1355 1992 1603 2034 interpretatur;
1621 1990 1699 2034 quia
1714 1990 1779 2034 pri—

188 2058 300 2088 mum,
317 2046 350 2079 id
365 2051 424 2088 est,
441 2047 655 2091 apostolicum
674 2051 758 2079 tenet
773 2048 881 2080 locum
895 2074 903 2089 ,
922 2053 958 2080 ut
973 2048 1161 2089 Romanus,
1179 2048 1403 2080 Antiochenus
1418 2074 1425 2089 ,
1443 2048 1707 2089 Alexandrinus;
1724 2047 1778 2080 sed

188 2105 337 2138 omnium
360 2102 510 2137 summus
531 2109 578 2137 est
591 2105 772 2138 Romanus.
790 2106 1062 2150 Archiepiscopus
1082 2106 1230 2150 princeps
1255 2106 1480 2151 episcoporum
1509 2118 1515 2138 ε
1537 2106 1650 2138 archos
1669 2106 1776 2150 (ἀρχὸς)

189 2163 277 2196 enim
293 2174 414 2206 graece,
432 2162 532 2195 latine
559 2163 707 2206 princeps
731 2163 863 2196 dicitur.
887 2163 1100 2208 Metropolitae
1117 2169 1225 2196 autem
1242 2176 1260 2196 a
1276 2175 1429 2196 mensura
1442 2167 1463 2182 ¹⁰
1482 2164 1651 2196 civitatum
1667 2164 1780 2196 dicun-

189 2225 242 2253 tur
259 2234 266 2254 :
284 2220 423 2263 singulis
439 2221 527 2253 enim
546 2220 724 2264 provinciis
737 2247 745 2263 ,
766 2226 796 2254 et
819 2221 1006 2254 civitatibus
1030 2222 1263 2266 praeeminent3
1287 2233 1430 2266 quorum
1455 2222 1640 2254 auctoritati
1658 2226 1689 2254 et
1707 2221 1781 2254 doc-

189 2278 279 2311 trinae
293 2278 400 2311 caeteri
421 2278 602 2310 sacerdotes
626 2279 765 2323 subjecti
787 2284 874 2311 sunt.
893 2279 1087 2312 Sollicitudo
1105 2280 1193 2312 enim
1211 2280 1308 2312 totins
1326 2280 1500 2324 provinciae
1524 2280 1602 2324 ipsis
1624 2279 1781 2324 episcopis

185 2336 357 2368 commissa
371 2339 429 2368 est.
447 2335 568 2368 Omnes
587 2340 697 2368 antem
720 2332 871 2381 superius
898 2337 1059 2380 designati
1085 2338 1215 2370 ordines
1238 2338 1378 2381 episcopi
1404 2341 1650 2381 nuncupantur.
1674 2337 1757 2370 Nota
1771 2362 1779 2378 ,

186 2393 273 2437 quod
288 2393 612 2437 Archiepiscoporztm
635 2394 768 2426 nomine
790 2395 944 2439 primates
959 2395 1109 2438 superius
1130 2395 1324 2438 significasse
1341 2395 1491 2435 videtur3
1510 2399 1541 2427 et
1556 2395 1782 2439 Metropolita-

185 2461 319 2493 norum,
336 2462 418 2495 qnos
434 2462 522 2483 nnnc
536 2451 806 2496 Arclziepz'scopos
827 2453 978 2485 dicimus.
997 2452 1124 2485 [lorum
1143 2456 1253 2485 autem
1269 2453 1421 2485 discretio
1436 2465 1455 2486 a
1475 2453 1654 2495 gentilibus
1669 2453 1780 2484 intro-

222 2557 321 2580 1ΜαηΙι
336 2574 342 2585 ,
356 2565 382 2589 x,
398 2559 419 2581 2.
432 2572 461 2575 —
477 2559 484 2572 ²
500 2559 567 2586 Luc..
583 2566 607 2586 x,
625 2562 645 2583 1.
661 2573 686 2576 -
705 2560 715 2575 ³
727 2560 828 2590 illatio„
843 2567 894 2585 xvi.
913 2563 947 2585 1⁸.
961 2574 990 2578 —-
1004 2561 1014 2578 ὗ
1032 2562 1038 2584 1
1061 2561 1132 2587 Tim..
1149 2567 1188 2590 111,
1204 2564 1217 2585 :2
1233 2563 1326 2592 etseq.
1339 2575 1364 2577 —
1383 2561 1392 2577 ⁵
1406 2560 1563 2589 Hebr-.,v111‚
1580 2562 1602 2583 3.
1616 2574 1640 2576 ᾖ
1658 2561 1666 2574 ⁶
1683 2561 1688 2583 1
1708 2559 1780 2589 Tsm„

187 2598 226 2621 111,
242 2594 255 2615 2
266 2595 291 2616 et
302 2600 387 2624 seq.—
404 2594 410 2609 ⁷
425 2595 490 2624 Act„
508 2600 540 2623 vi,
558 2596 571 2617 ti
587 2596 612 2617 et
624 2602 707 2625 seq.—
725 2596 733 2609 ὓ
748 2596 809 2619 nist.
825 2602 878 2626 xxi,
894 2604 915 2619 c.
933 2596 1059 2620 (Σίρι-οε.-
1075 2597 1084 2613 ’·’
1097 2597 1165 2624 isid„
1184 2596 1295 2627 Etymol.
1312 2596 1355 2620 lib.
1374 2596 1426 2626 vu,
1443 2603 1464 2620 c.
1484 2602 1525 2619 xv.
1536 2609 1566 2612 —
1584 2596 1602 2611 ¹⁰
1618 2596 1673 2619 Non
1688 2602 1702 2618 a
1717 2601 1779 2618 voce

187 2629 278 2658 μετρὸς.
296 2629 363 2658 quod
381 2631 419 2653 est
433 2636 556 2659 mensuro,
572 2630 615 2654 sed
630 2637 644 2653 a
659 2637 721 2654 voce
738 2640 828 2662 μητηρ,
844 2632 910 2662 quod
926 2634 963 2654 cst
975 2633 1063 2661 mater,
1077 2633 1101 2655 et
1115 2633 1191 2661 πολις,
1205 2632 1302 2656 civitas.
1317 2631 1396 2655 oritur
1410 2638 1460 2655 vox
1477 2631 1626 2661 Metropolis.

219 2674 252 2702 (a)
268 2671 306 2697 Al.
324 2679 484 2704 quemquam.

1805 1195 1891 1216 (trdmls

1795 1227 1893 1247 diffinitio

1798 1484 1826 1504 l‘c
1836 1484 1902 1503 nomi-

1796 1516 1857 1536 nihus
1872 1516 1902 1536 di-

1797 1552 1863 1577 guita—

1797 1587 1838 1602 tuin
1868 1583 1901 1603 vel

1797 1616 1870 1636 oflicii.

1799 1952 1826 1972 1¹0
1850 1959 1899 1978 qua-

1795 1982 1894 2009 [triparti-

1796 2017 1816 2035 to
1826 2016 1902 2037 urdine

1797 2046 1892 2073 linsco-.

1796 2084 1878 2103 porum.
