1991 3006
54 1259 87 1280 Ad
105 1265 156 1286 opp.

174 170 232 199 434
731 166 1042 199 SENTENTIARUM
1064 168 1136 198 [ΑΒ.
1163 167 1212 199 lv.

173 236 221 264 est
235 234 370 265 carnalis
383 234 548 273 generatio
563 234 597 265 in
611 235 699 273 filiis,
715 235 759 265 ita
773 237 819 265 est
834 236 864 265 et
878 235 943 274 spi—

173 287 296 318 ritualis
312 287 345 317 in
363 288 588 318 sacramentis:
609 297 683 319 cum
704 298 784 327 ergo
805 289 844 318 sit
868 297 943 319 vera

172 341 532 379 regeneratio‚videtur
551 342 635 382 quod
660 342 700 372 ibi
727 342 767 372 sit
791 351 865 372 vera
891 350 943 372 eo-

174 393 296 432 gnatio.

213 445 308 483 Item,
329 446 383 485 qui
403 447 533 487 suscipit
555 447 691 488 aliquem
712 448 749 477 de
773 447 939 486 baptismo,

173 501 298 529 tenetur
310 508 384 529 eum
400 499 507 530 fovere
527 502 558 530 et
581 501 706 531 erudire
722 501 755 531 in
769 500 942 540 spirituali-
981 521 985 525 ⁴

173 552 233 582 bus
251 560 258 581 :
274 561 354 591 ergo
369 553 530 592 obligatur
551 554 590 584 ad
614 554 707 584 talem
730 556 834 584 actum
851 554 944 593 spiri-

174 604 291 634 tualem
303 605 447 644 patrinus
459 606 631 646 spiritualis
643 619 648 638 ι
662 617 740 645 ergo
750 616 807 646 per
817 606 943 646 aliquod

173 657 339 688 vinculum
356 659 518 698 spirituale
535 669 542 690 :
557 660 617 690 hoc
629 665 734 691 autem
747 659 944 700 appellamus

174 712 397 749 cognationem
413 723 419 742 :
439 722 529 751 ergo,
547 716 605 743 etc.

216 763 294 794 Item
309 766 519 796 reverentiam
535 768 565 796 et
579 766 734 796 honorem
749 767 872 796 tenetur
887 765 945 795 ali-

175 816 247 856 quis
262 817 290 847 ei
306 818 418 855 facere,
435 819 490 858 qui
507 828 539 848 se
554 819 773 857 regeneravit,
791 820 945 858 majorem

175 879 272 909 quam
285 871 353 900 aliis
366 882 372 901 :
385 871 445 901 hoc
457 875 562 902 autem
576 875 693 902 nonest
704 874 833 912 propter
845 872 943 907 aliud,

175 923 237 953 nisi
252 926 380 963 propter
395 924 471 954 illud
498 925 683 955 mandatum
707 934 771 965 quo
796 927 884 964 pater
899 926 945 955 est

175 976 379 1007 honorandus
394 978 569 1017 specialiter
579 987 645 1018 prae
656 978 725 1008 aliis
739 978 940 1009 hominibus:

175 1039 252 1068 ergo
276 1030 333 1061 iste
354 1031 460 1071 aliquo
480 1032 574 1061 modo
596 1034 641 1062 est
667 1035 779 1071 pater:
804 1032 856 1062 sed
882 1040 945 1061 non

174 1084 310 1114 carnalis
329 1094 336 1114 :
352 1093 430 1123 ergo
453 1085 626 1124 spiritualis
644 1096 649 1114 :
672 1085 725 1115 sed
741 1085 874 1115 carnalis
889 1095 944 1124 pa—

173 1136 303 1167 ternitas
326 1138 396 1168 tacit
419 1138 641 1176 cognationem
665 1139 847 1169 carnalem:
867 1147 945 1177 ergo

174 1189 348 1228 spiritualis
365 1191 574 1230 spiritualem.

213 1242 327 1273 Contra
343 1255 348 1273 :
364 1246 391 1273 t.
411 1243 513 1283 Majtls
526 1246 572 1274 est
586 1244 753 1274 vinculum
769 1244 940 1282 charitatis,

173 1305 270 1335 quam
295 1297 431 1336 aliquus
459 1297 646 1327 sacramenti
672 1308 678 1327 z
705 1297 759 1327 sed
780 1297 943 1327 vinculum

172 1349 334 1381 charitatis
348 1360 413 1381 non
428 1351 522 1381 efficit
541 1351 681 1390 aliquam
706 1352 943 1390 cognationem,

172 1411 230 1433 nec
253 1404 429 1441 carnalem,
459 1413 517 1433 nec
545 1403 767 1443 spiritualem:
785 1413 862 1443 ergo
888 1414 945 1435 nee

172 1465 229 1495 per
247 1457 373 1496 aliquod
398 1459 633 1487 sacramentum
653 1457 803 1495 cognatio
818 1459 942 1487 eontra-

172 1509 271 1540 hitur.

212 1565 241 1593 2.
264 1562 341 1593 Item
370 1563 451 1593 inter
479 1564 587 1593 onmia
616 1565 812 1593 sacramenta
840 1572 943 1593 sacran

172 1618 317 1646 mentum
342 1616 547 1647 Eucharistiae
576 1620 622 1647 est
647 1617 778 1656 majoris
800 1617 943 1654 unionis,

172 1678 230 1708 pro
245 1679 281 1700 eo
295 1671 380 1709 quod
400 1671 470 1701 unit
494 1671 525 1700 in
552 1680 616 1701 nno
637 1680 767 1710 corpore
788 1682 794 1701 z
819 1671 872 1701 sed
891 1681 946 1710 per

174 1724 361 1754 sacramenti
379 1724 586 1754 Eucharistiae
609 1725 843 1763 susceptionem
858 1724 945 1754 nulla

173 1776 309 1807 efficitur
324 1777 496 1816 spiritualis
511 1778 661 1816 cognatio
679 1789 684 1807 :
703 1787 783 1817 ergo
808 1787 865 1808 nec
891 1787 947 1817 per

173 1828 245 1859 alia.

214 1884 242 1913 3.
258 1882 336 1913 Item
359 1883 430 1922 plus
454 1883 669 1914 assimilantur
693 1887 723 1914 et
751 1885 948 1915 conveniunt

174 1935 396 1974 participantes
429 1946 530 1966 unum
560 1940 795 1968 sacramentum
808 1962 817 1976 ,
850 1948 947 1978 quam

175 1987 254 2018 dans
268 1991 298 2018 et
311 1989 497 2028 suscipiens,
515 1990 548 2019 in
565 1992 721 2028 quantum
736 1991 919 2030 hujusmodi
937 2001 945 2021 ε

175 2040 228 2070 sed
261 2041 317 2079 qui
348 2042 537 2080 participant
568 2042 653 2072 idem
682 2046 918 2074 sacramentum
933 2068 942 2082 ,

175 2096 302 2133 propter
316 2094 377 2124 hoc
392 2104 457 2124 non
478 2094 626 2125 (licuntur
650 2095 768 2126 habere
784 2097 946 2135 cognatio-

174 2155 265 2184 nem,
289 2156 347 2178 nec
370 2147 566 2187 spiritualem
579 2171 589 2185 ,
611 2157 669 2178 nec
692 2150 874 2180 carnalem:
893 2159 946 2180 er-

176 2209 226 2238 go,
243 2203 300 2231 etc.

214 2255 244 2283 4.
262 2253 352 2292 Item,
369 2255 445 2294 quia
464 2258 552 2295 pater
579 2258 609 2286 et
635 2255 720 2286 filius
740 2260 814 2287 sunt
836 2258 945 2297 proxi-

175 2307 375 2345 mi,necesse
399 2311 444 2338 est
472 2309 556 2348 quod
585 2309 638 2339 alii
653 2310 692 2339 ab
720 2311 829 2340 eodem
859 2314 946 2350 patre

174 2360 379 2399 procedentes
402 2361 463 2390 sint
480 2363 615 2400 proximi
638 2365 668 2393 et
684 2364 812 2401 cognati
837 2364 870 2394 in
893 2374 945 2395 co-

175 2413 325 2451 gnatione
344 2414 461 2444 carnali
478 2425 485 2444 2
503 2424 581 2453 ergo
598 2417 665 2454 pari
692 2417 831 2454 ratione,
855 2418 879 2447 si
900 2420 947 2448 est

174 2466 323 2504 cognatio
338 2466 420 2496 inter
432 2469 553 2506 patrem
569 2468 765 2506 spiritualem
781 2472 809 2499 et
830 2470 942 2509 filium,

174 2519 233 2549 erit
246 2519 392 2558 cognatio
409 2520 491 2550 inter
505 2520 586 2550 tilios
607 2521 787 2560 spirituales
802 2524 828 2561 ej
836 2523 945 2554 usdem

173 2572 272 2611 patris
290 2583 297 2602 :
315 2581 393 2612 ergo
419 2581 529 2603 omnes
556 2573 611 2612 qui
640 2574 876 2614 baptizarentur
905 2576 944 2606 ab

174 2633 248 2662 uno,
265 2628 370 2656 essent
384 2626 513 2665 cognati
528 2626 737 2666 spiritualiter
753 2640 759 2658 ε
778 2638 855 2668 ergo
871 2639 944 2660 cum

1000 234 1059 265 hoc
1085 244 1150 265 non
1173 235 1212 265 sit
1236 244 1360 273 verum,
1385 244 1442 266 nec
1468 234 1545 266 illud
1569 238 1616 266 est
1644 245 1768 276 verum,

1000 288 1083 327 quod
1103 287 1252 327 cognatio
1280 288 1451 328 spiritualis
1479 289 1519 319 sit
1540 289 1622 320 inter
1644 289 1771 320 dantem

1000 344 1245 380 sacramentum,
1263 344 1294 372 et
1307 342 1541 382 suscipientem.

1274 453 1498 486 CONCLUSIO.

1002 536 1130 570 Coqnatio
1152 537 1307 571 spiritualis
1330 539 1352 563 ec
1374 540 1425 568 est,
1447 540 1471 563 et
1494 544 1546 564 esse
1569 538 1644 564 debet
1666 541 1773 574 propter

1072 582 1288 614 conformitatem
1302 581 1489 616 spiritualium
1505 582 1542 608 acl
1556 582 1692 608 carnalia.

1041 663 1131 703 llesp.
1150 664 1188 694 ad
1205 673 1273 703 arg.
1300 665 1471 695 Dicendum
1497 665 1581 705 quod
1603 664 1774 704 spiritualis

1001 717 1146 755 cognatio
1161 720 1225 755 est,
1243 721 1271 748 et
1297 728 1365 748 esse
1388 718 1494 756 (leben
1511 721 1541 749 et
1562 718 1622 748 hoc
1645 720 1773 758 propter

1001 771 1253 801 conformitatem
1269 771 1480 811 spiritualium
1497 771 1534 801 ad
1558 771 1705 802 carnalia.
1723 771 1771 802 Si-

1002 826 1055 853 cut
1070 825 1156 854 enim
1171 827 1217 855 est
1238 825 1373 854 carnalis
1394 825 1572 863 generatio,
1590 825 1622 854 in
1649 834 1713 864 qua
1727 826 1774 855 est

1004 877 1178 915 vinculum,
1193 881 1222 908 et
1238 878 1368 918 quidam
1384 887 1474 908 amor
1489 877 1643 908 naturalis
1656 888 1663 914 ;
1685 877 1730 907 sic
1744 879 1775 907 et

1002 931 1174 970 spiritualis
1200 932 1399 970 regeneratio
1419 941 1474 971 per
1495 932 1691 961 sacramenta
1716 930 1775 960 ali-

1002 993 1065 1023 qua
1087 996 1093 1015 :
1120 987 1150 1014 et
1176 994 1231 1024 per
1255 984 1343 1015 illam
1359 985 1502 1015 similiter
1517 983 1645 1024 aliquod
1662 983 1774 1014 vincu-

1001 1037 1068 1067 lum
1083 1038 1270 1077 acquiritur,
1288 1040 1317 1068 et
1334 1047 1424 1067 amor
1435 1036 1609 1077 spiritualis
1626 1047 1633 1066 :
1654 1039 1685 1066 et
1704 1036 1774 1067 ideo

1001 1090 1034 1119 in
1050 1090 1111 1120 illis
1122 1091 1328 1121 sacramentis
1341 1091 1503 1130 praecipue
1519 1089 1728 1127 contrahitur,
1741 1089 1775 1119 in

1002 1143 1118 1181 quihus
1138 1146 1184 1173 est
1199 1144 1408 1182 regeneratio.
1427 1143 1582 1180 Quoniam
1598 1142 1698 1181 igitur
1710 1141 1774 1172 dis-

1002 1196 1116 1234 positio
1127 1196 1164 1225 ad
1177 1198 1450 1234 regenerationem
1467 1198 1512 1226 est
1527 1196 1559 1225 in
1573 1195 1772 1232 catechismo,

1002 1249 1201 1287 regeneratio
1211 1250 1243 1279 in
1259 1250 1426 1289 baptismo,
1438 1249 1691 1288 regenerationis
1702 1257 1775 1279 con—

1002 1304 1172 1334 summatio
1188 1304 1220 1333 in
1233 1304 1471 1334 confirmatione
1481 1314 1488 1341 3
1498 1303 1571 1333 hinc
1578 1305 1624 1333 est
1639 1302 1723 1342 quod
1738 1302 1772 1332 in

1002 1356 1052 1385 his
1063 1357 1166 1387 tribus
1180 1357 1356 1387 secundum
1373 1365 1577 1387 communem
1593 1356 1775 1396 opinionem

1002 1410 1200 1440 contrahitur
1223 1410 1370 1449 cognatio
1389 1420 1395 1439 :
1421 1410 1474 1440 sed
1498 1412 1620 1446 tamen,
1642 1408 1717 1448 quia
1743 1409 1774 1439 in

1002 1463 1193 1493 catechismo
1202 1472 1266 1493 non
1275 1465 1321 1493 est
1332 1473 1406 1493 vera
1414 1462 1625 1501 regeneratio,
1633 1461 1704 1492 ideo
1712 1470 1775 1492 non

1002 1516 1201 1546 contrahitur
1216 1516 1259 1545 ibi
1282 1525 1358 1546 vera
1374 1515 1520 1555 cognatio
1531 1539 1539 1552 ,
1556 1524 1613 1545 nec
1633 1513 1776 1552 alligatio

1001 1568 1104 1605 fortis3
1123 1569 1177 1599 sed
1193 1569 1271 1599 adeo
1286 1568 1394 1606 exilis,
1412 1571 1445 1599 ut
1457 1593 1464 1606 ,
1482 1568 1562 1598 sicut
1577 1568 1697 1598 dictum
1710 1570 1774 1605 est,

1002 1630 1066 1651 non
1081 1621 1209 1652 dirimat
1225 1622 1464 1651 matrimonium
1479 1622 1548 1660 Jam
1564 1622 1774 1658 contractum,

1002 1677 1032 1704 et
1049 1674 1103 1704 vix
1119 1674 1270 1714 impediat
1292 1674 1556 1704 contrahendum.
1576 1673 1611 1704 Et
1627 1674 1671 1704 sic
1699 1682 1773 1704 con-

1002 1727 1149 1758 cedendae
1165 1730 1237 1758 sunt
1253 1728 1390 1758 rationes
1407 1728 1443 1757 ad
1460 1728 1530 1758 hoe.

1044 1783 1056 1810 1
1073 1783 1103 1811 et
1118 1783 1146 1811 2.
1169 1781 1217 1811 Ad
1240 1781 1317 1812 illud
1343 1781 1427 1821 quod
1439 1781 1586 1821 objicitur
1602 1780 1636 1810 in
1651 1783 1774 1812 contra-

1002 1834 1087 1864 rium
1116 1835 1154 1864 de
1187 1834 1315 1865 vinculo
1340 1834 1501 1865 charitatis
1524 1836 1555 1864 et
1581 1835 1777 1865 sacramento

1002 1887 1121 1925 altaris,
1137 1887 1317 1926 dicendum,
1328 1888 1412 1928 quod
1427 1888 1460 1918 in
1472 1889 1588 1918 neutro
1605 1887 1778 1918 attenditur

1003 1941 1214 1979 regeneratio,
1233 1941 1286 1971 sed
1302 1941 1334 1971 in
1354 1951 1437 1981 aqua
1460 1943 1490 1971 et
1512 1940 1633 1980 Spiritu
1649 1943 1776 1979 sancto,

1003 2002 1141 2032 quorum
1158 2003 1259 2023 unum
1275 1996 1321 2024 est
1338 1994 1369 2024 in
1395 1995 1591 2024 sacramento
1615 1993 1775 2033 baptismi,

1002 2046 1163 2085 reliquum
1183 2046 1215 2076 in
1239 2049 1436 2077 sacramento
1461 2046 1726 2083 confirmationis,
1745 2048 1777 2077 et

1003 2098 1028 2128 si
1053 2098 1159 2137 aliqua
1182 2100 1384 2137 regeneratio
1404 2099 1577 2138 spiritualis
1597 2098 1776 2129 attendatur

1003 2162 1099 2192 penes
1121 2153 1259 2183 virtutes
1276 2177 1285 2190 ,
1305 2153 1364 2183 hoc
1392 2153 1466 2182 facit
1489 2152 1712 2191 cognationem
1735 2151 1775 2182 ad

1002 2205 1102 2236 Deum
1113 2209 1143 2236 et
1158 2206 1274 2237 Filium
1293 2206 1357 2243 Dei,
1374 2215 1437 2236 non
1462 2205 1565 2236 filium
1584 2205 1636 2236 vel
1659 2213 1775 2244 cogna-

1002 2262 1070 2290 tum
1086 2260 1226 2290 hominis
1244 2270 1250 2289 z
1269 2268 1326 2298 pro
1341 2268 1378 2289 eo
1393 2259 1477 2298 quod
1492 2259 1644 2289 virtutem
1666 2267 1776 2298 opera-

1003 2315 1054 2342 tur
1068 2312 1150 2343 Deus
1166 2313 1196 2342 in
1214 2312 1304 2342 nobis
1327 2312 1394 2342 sine
1409 2312 1500 2342 nobis
1516 2323 1523 2349 ;
1541 2314 1775 2342 sacramentum

1002 2367 1109 2396 autem
1135 2365 1336 2404 dispensatur
1356 2374 1410 2404 per
1430 2364 1605 2395 hominem.

1043 2420 1071 2448 3.
1097 2417 1145 2448 Ad
1170 2418 1247 2448 illud
1272 2418 1354 2457 quod
1380 2417 1529 2457 objicitur
1553 2417 1590 2448 de
1606 2416 1775 2456 participa-

1001 2471 1096 2509 tione,
1110 2471 1278 2501 dicendum
1291 2471 1375 2511 quod
1388 2470 1658 2511 comparticipatio
1674 2479 1775 2501 sacra-

1003 2524 1101 2555 menti
1111 2526 1157 2554 est
1167 2524 1332 2554 vinculum
1341 2532 1521 2559 commune,
1531 2524 1597 2554 sive
1606 2523 1773 2562 abeodem,

1001 2578 1069 2608 sive
1095 2587 1115 2607 a
1142 2576 1276 2608 diversis
1303 2578 1354 2615 sit,
1374 2577 1449 2618 quia
1474 2586 1559 2609 unus
1586 2576 1669 2609 Deus
1680 2600 1690 2615 ‚
1710 2585 1776 2609 una

1001 2631 1090 2669 fides,
1102 2640 1204 2661 unum
1220 2631 1388 2671 baptisma.
1404 2630 1464 2662 Sed
1479 2631 1631 2670 cognatio
1645 2632 1692 2662 est
1705 2630 1774 2662 vin-
