1991 3006
59 662 124 688 Opin.
143 664 162 682 2.

62 1412 158 1439 Imprub.

66 2314 131 2341 Opin.
151 2312 170 2335 3.

183 174 240 202 502

179 239 216 269 Et
231 239 355 269 videtur
364 238 445 277 quod
459 240 551 268 terrae
566 238 670 277 magis
681 238 791 269 debeat
805 237 949 277 deputari

179 292 248 322 talis
263 292 342 321 actio
365 302 370 320 :
393 291 467 330 quia
494 293 635 330 peccator
655 301 728 322 cum
748 292 786 321 sit
808 292 948 328 intimus,

179 345 268 375 debet
285 343 398 382 subjici
414 345 568 374 creaturae
586 344 705 375 intimze
722 356 728 374 z
749 347 830 374 terra
843 346 950 373 autem

178 399 223 427 est
239 397 387 427 infimum
398 397 543 427 omnium
559 397 801 435 elementorum,
819 401 844 426 61
865 398 927 427 faex
942 408 948 427 t

178 459 257 488 ergo
273 450 297 479 si
313 449 447 489 qualitas
462 450 548 488 ignis
563 451 717 481 naturalis
732 450 810 480 nihil
827 450 897 480 fucit
912 450 949 479 ad

178 503 339 541 agendum
352 503 384 532 in
398 502 554 540 animam,
572 503 624 533 sed
641 503 744 534 solum
761 503 886 534 videtur
900 512 951 533 su-

180 555 351 595 peraddita,
367 555 392 585 si
407 558 501 585 terrae
517 555 657 593 daretur,
675 565 767 595 aeque
782 556 860 586 116116
875 566 951 595 agc-

179 610 237 645 ret,
253 611 283 638 et
297 608 373 638 ordo
386 608 645 647 divinaejustitiae
665 609 707 638 ibi
723 609 838 639 clarius
852 618 948 648 appa-

178 663 271 691 reret.
292 660 326 690 lsst
347 661 415 691 ideo
438 661 490 691 alii
508 671 633 692 sumere
661 662 771 692 volunt
797 663 952 692 rationem

178 723 217 743 ex
229 716 316 753 parte
328 717 450 744 naturae
462 714 561 754 ipsius
569 715 685 745 animae
696 726 701 744 :
712 724 806 754 quem
822 715 953 745 modum

179 775 304 796 sumere
319 776 488 806 possumus
509 768 547 797 ab
574 767 752 806 Augustino
774 776 868 806 super
894 768 950 799 Ge-

179 820 280 851 nesim
291 821 310 854 ¹,
324 820 377 850 11111
393 821 540 858 ostendit,
551 821 635 860 quod
647 821 753 851 anima
766 821 829 859 pati
841 823 951 860 potest,

179 881 309 912 corpore
337 882 401 904 non
429 874 582 913 patiente,
612 874 707 904 etiam
733 874 953 904 acerbissimas

179 926 350 965 passiones,
367 926 450 956 sicut
463 927 545 956 611111
563 928 673 967 probat
686 936 742 967 per
757 927 903 966 exempla
920 927 952 957 111

180 979 311 1016 501111115,
341 981 371 1009 et
399 979 431 1009 in
463 980 601 1019 quadam
628 980 840 1019 aegritudine,
863 982 893 1009 et
920 980 953 1009 in

182 1032 411 1063 vexationitms.
439 1033 470 1063 si
493 1042 571 1072 ergo
591 1034 698 1063 anima
722 1042 828 1063 secum
858 1032 954 1063 trahit

180 1085 359 1116 affectiones
376 1089 405 1116 et
428 1087 585 1125 imagines
603 1087 798 1126 corporales,
815 1096 870 1126 per
886 1087 953 1116 illas

181 1141 210 1168 ct
221 1138 253 1168 in
265 1138 326 1168 illis
342 1140 404 1178 pati
419 1142 540 1179 poterat
556 1140 587 1169 in
603 1149 733 1179 corpore
750 1142 865 1178 praeter
887 1149 954 1169 601·-

181 1201 251 1231 pus,
270 1192 366 1222 etiam
382 1193 420 1223 ad
437 1193 520 1232 ignis
547 1193 742 1229 absentiam,
767 1193 865 1223 multo
890 1202 954 1223 ma-

183 1245 244 1283 gis,
261 1254 334 1275 cun]
351 1248 493 1285 separata
506 1246 575 1283 erit,
593 1246 656 1285 pati
670 1245 784 1285 poterit
800 1246 831 1275 in
849 1245 909 1275 illis
925 1248 955 1275 61

182 1307 238 1336 per
248 1298 326 1333 illas,
339 1300 495 1338 praesente
504 1299 579 1337 igne
591 1299 746 1336 infernali,
759 1299 833 1338 quia
844 1308 954 1338 quam-

182 1351 231 1381 vis
246 1351 288 1381 ibi
306 1360 371 1381 non
393 1352 431 1381 sit
447 1352 549 1391 passio
574 1352 745 1391 corporalis
757 1375 766 1389 ,
783 1354 829 1381 est
848 1355 954 1382 tamon

183 1403 225 1433 ibi
240 1404 343 1443 passio
354 1404 510 1441 animalis,
522 1404 588 1435 sive
599 1404 784 1443 spiritualis,
797 1414 869 1444 quae
880 1414 955 1435 vera

184 1456 287 1496 passio
301 1459 358 1493 est,
374 1459 404 1487 et
427 1466 503 1487 vera
517 1457 655 1495 afflictio,
673 1467 708 1487 ac
730 1467 785 1498 per
805 1459 864 1488 hoc
880 1467 955 1488 vera

183 1509 315 1549 punitio.
337 1510 395 1540 Sed
411 1520 469 1540 nee
484 1510 566 1540 istud
588 1511 659 1541 fidei
682 1511 797 1541 animae
822 1512 954 1549 sut'ticit,

183 1572 240 1601 pro
255 1572 291 1592 eo
306 1564 388 1602 quod
402 1563 559 1593 credimus
572 1564 701 1603 spiritus
712 1564 886 1603 angelicos,
899 1565 954 1603 qui

184 1618 291 1645 carent
317 1615 511 1654 imaginibus
533 1618 562 1645 et
579 1616 799 1646 affectionibus
821 1625 861 1646 ex
885 1626 953 1646 cor-

184 1678 259 1708 pore
277 1669 393 1706 tractis,
413 1669 487 1707 igne
511 1678 662 1708 corporeo
689 1669 832 1699 cruciari.
851 1669 954 1699 Credi-

185 1731 256 1751 mus
271 1721 365 1751 etiam
382 1721 466 1760 quod
490 1730 582 1760 poena
601 1721 653 1751 illa
669 1721 832 1752 infernalis
847 1722 885 1752 sit
900 1731 956 1761 per

183 1783 291 1805 veram
315 1774 399 1814 ignis
420 1775 594 1811 actionem,
617 1784 679 1805 non
707 1784 761 1814 per
780 1775 956 1814 phantasti-

183 1837 251 1857 cam
268 1827 542 1866 imaginationem.
561 1827 718 1866 Amplius,
734 1828 757 1857 si
776 1828 956 1859 substantia

184 1880 355 1919 spiritualis
371 1882 455 1909 certa
473 1882 529 1917 est,
546 1880 631 1919 quod
645 1881 684 1910 ab
708 1881 784 1919 igne
806 1881 876 1911 laedi
892 1892 955 1912 non

184 1936 299 1974 potest·,
318 1942 397 1972 ergo
419 1933 606 1971 imaginatio
627 1933 713 1971 ignis
736 1943 799 1964 non
824 1938 957 1973 generat

185 1986 217 2016 in
232 1995 269 2016 ea
280 1988 442 2023 terrorem,
455 1995 512 2015 nec
526 1986 717 2025 passionem,
734 1986 793 2016 nisi
807 1987 892 2016 aliud
906 1997 955 2017 oc-

185 2041 302 2076 currat,
319 2048 414 2078 quam
435 2039 534 2078 ipsius
548 2039 664 2068 animae
680 2041 810 2077 natura,
827 2040 875 2070 vel
892 2040 954 2069 dis-

186 2092 297 2131 positio
316 2101 355 2122 65
375 2100 505 2131 corpore
524 2093 694 2121 contracta.
714 2091 753 2122 Et
776 2092 865 2129 ideo,
882 2102 955 2123 cum

185 2154 248 2175 non
275 2144 371 2184 possit
394 2144 553 2174 sufficiens
581 2144 662 2174 ratio
693 2144 778 2174 sumi
804 2154 843 2174 ex
868 2148 955 2184 parte

185 2198 300 2228 divinae
334 2197 482 2236 justitiae,
514 2206 585 2236 quae
621 2197 777 2227 rationem
815 2201 955 2229 nostram

186 2251 322 2290 quietet;
348 2260 404 2280 nec
429 2260 467 2281 ex
490 2253 578 2290 parte
605 2250 701 2281 5011115
725 2251 862 2289 animae,
884 2262 955 2291 quae

186 2303 257 2334 fidei
270 2304 454 2334 concordet:
472 2303 540 2333 ideo
555 2304 638 2333 sumi
659 2306 760 2343 potest
778 2305 858 2334 ratio
871 2306 953 2344 aspi-

186 2357 295 2387 ciendo
304 2356 343 2387 ad
355 2360 527 2396 utrumque
538 2366 593 2396 per
604 2356 690 2386 hunc
702 2357 844 2387 modum.
862 2357 955 2388 Dolor

185 2410 282 2445 enim,
299 2409 380 2440 sicut
398 2411 482 2448 patet
497 2418 552 2448 per
566 2409 785 2448 Augustinum
808 2411 850 2442 De
867 2410 953 2442 ccvi-

186 2465 249 2494 tate
264 2462 349 2499 Det’,
366 2463 413 2491 est
437 2461 595 2491 dissensus
617 2461 655 2490 ab
678 2462 727 2491 his
748 2462 853 2499 rebus,
882 2472 955 2502 quae

185 2515 276 2545 nobis
292 2514 472 2544 volentibus
486 2513 643 2543 accidunt.

219 2586 222 2599 ¹
238 2586 353 2615 August.,
368 2584 396 2608 {le
412 2585 497 2608 Gencs.
517 2585 550 2607 ml
569 2584 631 2615 litt„
652 2584 693 2608 lib.
711 2586 767 2612 ΧΗ,
791 2592 813 2609 c,
831 2592 912 2611 xxxii.
925 2600 953 2604 —

218 2629 251 2661 (a)
267 2628 337 2652 Edit.
358 2629 413 2653 ren.
428 2628 525 2659 spiritu.

737 169 1047 202 SENTENTlARUM
1069 170 1142 200 LIB.
1167 168 1215 200 IV.

1047 238 1093 268 Ad
1110 237 1168 267 1106
1182 245 1262 275 ergo
1273 238 1356 276 quod
1372 237 1460 268 dolor
1479 239 1650 276 generetur
1663 238 1694 267 in
1705 238 1773 268 ani-

1006 299 1058 320 ma
1072 291 1111 320 al)
1127 290 1244 329 aliquo,
1261 291 1323 321 duo
1338 293 1529 321 concurrunt
1548 300 1587 321 ex
1603 292 1691 330 parte
1705 290 1774 320 ani-

1008 352 1079 377 mae.
1093 343 1209 373 scilicet
1232 344 1387 383 perceptio
1404 352 1442 373 cx
1465 345 1553 383 parte
1571 343 1772 382 cognitionis,

1005 399 1036 425 et
1055 396 1216 426 detestatio
1243 406 1282 426 ex
1306 398 1393 435 parte
1414 396 1596 426 affectionis.
1625 396 1775 426 Similiter

1006 449 1068 478 duo
1084 449 1293 488 requiruntur
1314 458 1354 479 ex
1382 451 1469 489 parte
1495 449 1620 488 agentis
1641 458 1648 479 :
1671 459 1773 480 unum

1007 504 1067 539 651,
1090 502 1173 541 quod
1206 502 1352 532 immutet
1378 503 1493 533 animae
1517 502 1773 542 perceptionem;

1007 555 1090 585 aliud
1107 558 1169 588 est.
1193 556 1275 595 quod
1296 555 1449 586 violenter
1473 558 1501 586 et
1528 555 1778 595 inseparabiliter

1007 608 1167 638 adhaereat
1188 611 1296 638 contra
1322 609 1569 647 repugnantiam
1592 608 1775 639 voluntatis.

1007 661 1054 692 Ex
1070 662 1118 691 1115
1133 664 1271 700 quatuor
1284 661 1347 691 duo
1362 664 1435 692 sunt
1446 662 1621 692 secundum
1634 661 1777 692 ordinem

1008 717 1143 751 naturae,
1163 716 1192 744 et
1208 714 1268 744 alia
1287 715 1351 745 duo
1368 715 1543 744 secundum
1560 715 1705 745 ordinem
1727 715 1776 746 di-

1008 768 1091 799 vinae
1115 768 1258 807 justitiae.
1290 767 1379 804 Quod
1410 768 1494 798 enim
1522 768 1608 807 ignis
1632 769 1777 799 immutet

1009 821 1225 859 cognitionem
1241 822 1367 858 animae,
1382 824 1412 851 et
1432 821 1539 851 anima
1562 821 1713 861 percipiat
1727 830 1777 852 ac-

1008 875 1127 904 tionem
1144 877 1173 904 et
1188 875 1322 904 calorem
1338 875 1431 913 ignis,
1447 875 1506 904 hoc
1521 877 1568 904 est
1582 874 1620 905 de
1636 874 1776 914 potentia

1009 927 1143 957 naturali
1164 927 1349 966 utriusque,
1375 930 1404 957 et
1430 928 1490 958 hoc
1512 930 1595 966 patet
1620 928 1674 957 sic.
1701 927 1779 958 Cum

1009 980 1094 1010 enim
1110 980 1194 1019 ignis
1209 981 1277 1018 agit
1294 981 1326 1010 111
1341 981 1550 1020 compositum
1566 990 1605 1010 ex
1625 981 1732 1011 anima
1750 982 1781 1010 et

1009 1042 1150 1072 corpore,
1169 1033 1209 1062 ibi
1223 1033 1340 1072 duplex
1357 1036 1402 1063 est
1420 1033 1523 1073 passio
1540 1044 1546 1062 t
1566 1043 1629 1063 una
1650 1035 1697 1063 est
1719 1042 1778 1063 na-

1008 1085 1135 1120 turalis,
1151 1088 1181 1115 et
1204 1085 1272 1116 haec
1294 1088 1340 1115 est
1361 1086 1520 1116 calefactio
1542 1087 1702 1126 corporis:
1719 1086 1780 1116 alia

1009 1139 1167 1176 animalis,
1184 1141 1214 1169 et
1228 1139 1298 1169 haec
1312 1142 1357 1168 est
1372 1140 1553 1169 immutatio
1568 1148 1690 1170 56115115.
1711 1139 1780 1170 Ρ11-

1010 1200 1062 1221 ma
1078 1192 1180 1231 passio
1195 1194 1241 1221 est
1257 1202 1274 1222 a
1290 1195 1414 1223 natura.
1433 1193 1507 1232 quia
1521 1195 1568 1222 est
1588 1192 1690 1231 passio
1706 1201 1781 1223 vera

1010 1245 1049 1274 ab
1064 1245 1138 1283 igne
1152 1247 1187 1275 ut
1202 1254 1276 1275 vere
1290 1247 1417 1284 agente.
1446 1244 1591 1275 Secunda
1618 1245 1722 1285 passio
1736 1248 1782 1276 est

1010 1298 1049 1327 :ib
1065 1298 1171 1327 anima
1186 1298 1321 1337 seipsam
1337 1301 1502 1335 movente,
1520 1300 1549 1328 et
1572 1298 1611 1328 ab
1626 1298 1702 1338 igne
1726 1307 1781 1329 oc-

1011 1351 1169 1381 casionem
1191 1351 1351 1390 prfebente
1367 1375 1374 1388 ,
1399 1351 1573 1381 secundum
1599 1351 1685 1391 quod
1709 1352 1782 1382 dicit

1010 1404 1212 1443 Augustinus
1229 1406 1260 1434 in
1284 1404 1408 1436 Musica
1427 1405 1448 1434 ²³.
1475 1404 1563 1434 Sicut
1583 1413 1679 1443 ergo,
1696 1407 1780 1444 post-

1011 1467 1107 1497 quam
1124 1460 1288 1497 separatur
1310 1458 1432 1495 anima,
1451 1467 1565 1497 corpus
1592 1460 1692 1497 potest
1718 1458 1780 1497 pati

1011 1510 1050 1540 ab
1063 1511 1138 1549 igne
1154 1511 1296 1550 passione
1319 1510 1467 1548 naturali,
1483 1511 1560 1550 quia
1574 1513 1675 1550 potest
1696 1510 1780 1541 cale-

1012 1563 1078 1592 ficri
1101 1566 1131 1592 61
1154 1563 1366 1600 inflammari,
1390 1565 1419 1593 ct
1441 1563 1500 1593 hoc
1523 1572 1579 1602 per
1603 1563 1780 1593 naturalem

1012 1616 1182 1655 potentiam
1197 1616 1382 1655 utriusque3
1399 1616 1443 1645 sic
1457 1616 1585 1655 spiritus
1602 1615 1665 1654 pati
1682 1617 1782 1654 potest

1012 1669 1156 1706 passione
1175 1669 1325 1705 animali,
1343 1671 1372 1698 et
1400 1669 1440 1698 ab
1457 1668 1534 1707 igne
1554 1668 1702 1708 praesenti
1721 1668 1781 1698 im-

1012 1721 1129 1751 mutari
1158 1721 1293 1751 naturali
1323 1722 1462 1761 potentia
1485 1721 1571 1760 ignis
1595 1725 1626 1751 et
1652 1721 1778 1752 animae.

1012 1774 1078 1804 Duo
1094 1777 1167 1805 sunt
1192 1775 1292 1813 igitur
1316 1775 1359 1804 1111
1384 1784 1438 1814 per
1466 1775 1610 1805 ordinem
1637 1776 1779 1812 naturae;

1012 1828 1072 1857 alia
1088 1828 1151 1858 duo
1174 1837 1229 1867 per
1242 1828 1385 1858 ordinem
1401 1828 1517 1858 divinae
1533 1828 1675 1867 justitiae.
1693 1827 1783 1864 Quod

1012 1881 1098 1911 enim
1114 1881 1199 1920 ignis
1214 1882 1330 1912 animae
1347 1881 1604 1912 indissolubiliter
1619 1880 1781 1920 alligetur,

1013 1936 1042 1964 61
1056 1934 1163 1964 anima
1177 1935 1209 1964 in
1224 1944 1260 1965 eo
1276 1935 1458 1965 recludatur
1473 1938 1507 1964 ut
1528 1934 1561 1964 in
1582 1942 1722 1971 carcere,
1739 1933 1784 1964 di-

1014 1987 1097 2018 vinae
1109 1987 1243 2026 justitiae
1258 1990 1315 2025 est,
1333 1988 1371 2017 ad
1388 1997 1485 2027 quam
1501 1989 1618 2027 spectat
1639 1986 1783 2017 malefac-

1014 2042 1113 2070 torem
1140 2040 1172 2070 in
1201 2050 1325 2071 carcere
1347 2041 1521 2070 recludere.
1550 2039 1638 2076 Quod
1665 2039 1781 2069 iterum

1012 2093 1120 2122 anima
1134 2094 1271 2132 refugiat
1286 2093 1373 2131 ignis
1389 2093 1536 2129 calorem,
1551 2092 1604 2131 qui
1620 2101 1675 2131 per
1690 2094 1780 2122 natu-

1012 2155 1081 2176 ram
1106 2155 1217 2176 nocere
1232 2154 1295 2175 11011
1324 2147 1436 2185 potest,
1462 2147 1491 2174 et
1507 2144 1639 2184 trepidat
1668 2144 1781 2175 timore

1012 2198 1067 2228 11111
1082 2199 1175 2229 timor
1190 2208 1253 2229 11011
1271 2201 1333 2235 est,
1352 2199 1410 2228 hoc
1435 2198 1551 2228 divinae
1571 2197 1701 2237 Justitiae
1723 2200 1780 2236 est,

1012 2261 1084 2291 quae
1100 2252 1171 2282 facit
1194 2252 1349 2291 trepidare
1374 2253 1551 2291 peccatores
1582 2250 1782 2281 immittendo

1012 2308 1177 2343 terrorem,
1194 2307 1224 2335 et
1239 2305 1403 2335 horrorem
1419 2305 1488 2343 ejus
1504 2304 1565 2340 rei,
1579 2312 1643 2342 qua
1657 2311 1713 2342 per
1727 2312 1781 2333 na-

1012 2360 1118 2388 turam
1133 2360 1208 2387 snnt
1221 2357 1410 2397 superiores.
1430 2356 1468 2387 Et
1482 2357 1628 2396 quamvis
1643 2356 1682 2386 sit
1700 2355 1778 2386 illud

1012 2410 1127 2440 divinae
1139 2410 1291 2449 justitiae,
1308 2410 1367 2440 hoc
1393 2412 1497 2440 tamen
1518 2418 1582 2439 non
1604 2411 1650 2439 est
1674 2410 1783 2439 contra

1012 2463 1154 2493 ordinem
1170 2465 1308 2499 naturae,
1326 2463 1392 2492 sive
1407 2463 1552 2502 spiritum
1570 2462 1609 2501 (a)
1626 2461 1781 2502 trepidare

1012 2516 1067 2547 ubi
1083 2516 1303 2555 trepidandum
1315 2525 1379 2546 non
1393 2519 1456 2553 est,
1470 2516 1536 2546 sive
1552 2515 1697 2554 spiritum
1712 2514 1779 2545 alli-

1011 2596 1020 2609 ²
1032 2596 1079 2625 1d.‚
1095 2595 1124 2618 tle
1139 2596 1191 2619 Cir.
1211 2596 1264 2626 Dei,
1281 2595 1324 2619 lib.
1341 2595 1406 2624 XIV,
1424 2602 1446 2619 c.
1465 2601 1546 2619 111’.-
1561 2595 1627 2625 tm„
1641 2595 1670 2619 de
1682 2595 1780 2625 Massa,

1012 2630 1054 2654 lib.
1071 2631 1143 2660 Vl‚c.
1157 2636 1180 2653 ν.

1807 1789 1890 1816 Explic.
