1991 3006
34 595 66 615 Ad
85 600 134 620 opp.

637 205 732 237 DIST.
756 204 874 236 XXVII.
901 202 987 233 ART.
1014 204 1035 234 I.
1061 204 1209 241 QUAEST.
1235 208 1254 237 t.

191 272 268 302 Item
284 271 362 302 illud
377 272 414 302 ad
430 271 514 310 quod
532 274 767 311 consequuntur
785 272 844 301 ista
858 271 918 300 tria

150 325 244 362 hona,
260 324 374 354 scilicet
389 324 480 361 fides,
497 324 609 363 proles,
627 326 658 355 et
672 327 915 361 sacramentum,

150 379 196 407 est
209 379 291 407 recte
308 376 547 407 matrimonium
562 388 567 406 :
586 377 646 407 hoc
660 379 766 407 autem
781 380 827 407 est
842 386 915 407 con-

146 428 269 466 junctio
293 428 389 458 maris
410 428 440 456 et
461 427 605 464 semime,
634 428 689 457 ubi
715 430 760 458 est
783 428 860 457 fides
886 427 917 457 in

150 481 385 519 singularitate,
408 479 509 518 proles
531 479 562 509 in
588 480 804 517 soecunditate,
821 482 852 509 et
875 480 918 509 si-

150 533 282 572 gnantia
296 532 328 562 in
343 531 586 561 insolubilitate:
604 541 695 570 ergo,
712 536 770 562 etc.

190 585 325 616 Contra:
351 587 378 614 1.
402 584 606 623 Multiplicato
631 584 784 623 superiori
810 593 914 614 essen-

151 638 228 676 tiali,
246 637 473 677 multiplicatur
488 637 638 667 inferius:
655 646 748 676 ergo,
765 638 788 667 si
807 638 915 668 matri-

151 691 294 722 monium
309 692 355 721 est
370 690 564 729 conjunctio,
585 690 707 729 quoties
725 691 774 720 vir
787 694 817 720 ot
837 700 918 720 uxor

149 745 405 783 conjunguntur,
428 744 518 773 totles
537 743 775 774 matrimonium
793 747 916 774 contra-

148 797 234 827 hitur
245 808 252 827 ε
263 801 293 827 et
304 797 347 827 ita
360 797 442 827 inter
456 797 604 826 eumdem
616 796 721 827 virum
731 799 762 826 et
774 797 916 827 eamdem

148 850 315 880 mulierem
333 851 426 880 erunt
444 849 535 888 plura
551 849 770 879 matrimonia:
791 850 876 889 quod
892 850 918 879 si

147 903 261 933 falsum
276 905 332 940 est,
350 912 438 941 ergo⁷
457 904 515 932 etc.

189 959 218 986 2.
253 956 330 986 Item
360 955 485 985 nullum
523 958 756 985 sacramentum
786 955 918 985 iteratur

148 1018 244 1048 super
267 1008 411 1038 eamdem
433 1007 598 1037 materIam
617 1017 623 1037 z
650 1016 738 1046 ergo,
757 1007 783 1036 si
807 1008 918 1037 matri-

148 1061 292 1092 monium
307 1063 354 1091 est
369 1061 549 1100 conjunctio
564 1060 624 1090 viri
635 1069 708 1090 cum
721 1060 865 1095 muliere,
878 1069 917 1090 ex

148 1123 211 1154 quo
225 1114 321 1144 semel
342 1113 565 1152 conjungItui·‚
584 1122 647 1143 non
669 1113 761 1143 debet
781 1113 918 1152 amplius

148 1167 300 1206 conjungi
315 1176 388 1197 cum
404 1166 513 1196 eadem
528 1176 533 1196 :
555 1166 608 1195 sed
625 1166 684 1196 hoc
699 1168 745 1196 est
759 1166 873 1196 falsum
888 1168 917 1195 et

148 1220 374 1250 inconveniens
389 1230 395 1249 :
412 1228 507 1258 ergo,
526 1222 584 1249 etc.

188 1275 216 1303 3.
241 1272 319 1303 Item
343 1282 438 1303 omne
461 1274 694 1302 sacramentum
717 1273 764 1301 est
787 1271 915 1309 signum

148 1324 295 1355 sensibile
310 1335 317 1354 ε
338 1324 391 1354 scd
406 1324 495 1354 nulla
509 1324 619 1353 relatio
640 1325 686 1353 est
701 1323 831 1361 signum
847 1332 917 1352 sen-

149 1377 256 1414 sibile,
280 1377 460 1416 conjunctio
484 1378 589 1406 autem
615 1376 712 1405 maris
737 1377 768 1405 et
792 1376 917 1405 feminee

149 1433 195 1461 est
219 1431 350 1461 relatio:
379 1440 456 1469 ergo
479 1431 659 1470 conjunctio
687 1430 756 1459 talis
784 1439 848 1459 non
873 1432 918 1459 est

149 1484 279 1522 signum
298 1495 304 1514 ;
328 1493 407 1522 ergo
429 1493 486 1513 ncc
508 1485 762 1513 sacramentum:
787 1492 882 1521 ergo,
901 1493 919 1512 a

149 1536 281 1576 simplici
297 1536 502 1566 conversione
515 1559 523 1572 ,
540 1535 663 1565 nullum
685 1538 916 1565 sacramentum

149 1592 196 1620 est
209 1589 387 1629 conjunctio
404 1600 409 1618 ε
428 1598 506 1627 ergo
521 1598 578 1618 nec
590 1588 842 1618 matrimonium.

188 1646 217 1674 4.
243 1643 337 1680 Item,
354 1643 379 1672 si
395 1642 634 1672 matrimonium
658 1643 704 1671 est
728 1641 917 1679 conjunctio,

149 1698 203 1726 aut
224 1704 302 1734 ergo
323 1704 510 1734 corporum,
537 1696 592 1724 aut
615 1694 796 1724 animorum
820 1705 826 1723 ;
854 1703 916 1723 non

150 1749 340 1786 animorum,
356 1748 431 1787 quia
445 1750 520 1777 tunc
536 1747 777 1777 matrimonium
791 1748 871 1776 esset
887 1746 918 1775 in

149 1803 266 1842 patria;
284 1811 348 1832 non
367 1810 553 1840 corporum,
573 1800 647 1839 quia
662 1802 736 1829 tunc
758 1799 838 1828 inter
853 1799 917 1828 Ma-

149 1856 230 1886 riam
242 1858 273 1886 et
286 1855 402 1894 Joseph
414 1864 479 1888 non
493 1854 604 1884 suisset
615 1852 816 1892 conjugium.

190 1911 218 1939 5.
244 1909 320 1939 Item
331 1932 338 1946 ,
354 1909 420 1938 sive
435 1908 475 1937 sit
489 1906 668 1945 conjUnctio
687 1914 855 1944 corporum
869 1913 917 1934 se-

150 1961 291 1991 cundum
325 1960 583 1990 commixtionem
601 1982 607 1994 ‚
644 1958 709 1989 sive
738 1957 918 1987 animorum

150 2013 324 2044 secundum
340 2021 528 2043 consensum
539 2036 546 2049 ‚
563 2011 719 2049 contingit
734 2010 828 2040 talem
843 2019 917 2040 con-

147 2066 345 2105 J'unctionem
367 2065 524 2095 removeri
545 2073 600 2104 per
624 2064 733 2094 odium
751 2073 756 2092 z
789 2072 866 2101 ergo
889 2065 920 2092 et

150 2119 390 2150 matrimonium
407 2118 486 2148 solvi
503 2119 534 2147 et
552 2116 669 2147 destrui
689 2127 694 2146 :
717 2116 770 2146 sed
787 2115 847 2146 hoc
860 2115 916 2145 fal-

149 2181 221 2203 sum
235 2174 292 2210 est,
307 2173 343 2202 ut
349 2172 416 2211 ,iam
428 2169 545 2210 patebit
560 2178 567 2199 :
582 2178 661 2207 ergo
677 2168 918 2198 matrimonium

150 2234 215 2256 non
228 2227 275 2256 est
289 2224 480 2262 conjunctio.

421 2333 644 2365 CONCLUSIO.

152 2419 352 2446 Matrimonium
366 2417 542 2444 essentialiter
556 2415 656 2441 dicitur
670 2414 819 2448 conjunctio
834 2416 918 2440 maris

453 2462 475 2486 et
490 2460 606 2492 feminae.

194 2545 283 2583 nesp.
302 2543 340 2573 ad
360 2551 431 2580 arg.
453 2540 624 2571 Dicendum
648 2539 731 2577 quod
751 2540 917 2570 matrimo-

153 2599 259 2633 nium,
282 2595 454 2625 secundum
482 2602 585 2632 genus
609 2594 779 2629 remotum,
803 2595 848 2623 est
875 2594 917 2623 si-

153 2658 271 2690 gnum3
288 2647 473 2688 specificatio
488 2648 607 2682 autem,
630 2645 681 2675 vel
698 2645 864 2676 descensus
879 2646 917 2676 ad

1684 214 1737 241 027

1684 234 1720 242 aa..

974 280 1078 308 genus
1094 272 1238 310 inferius⁷
1257 275 1407 314 accipitur
1421 277 1595 307 secundum
1611 286 1738 317 compa-

973 324 1126 354 rationem
1142 325 1181 355 ad
1197 326 1431 364 significatum:
1451 329 1532 360 unde
1548 339 1623 360 cum
1638 331 1742 369 signa-

973 379 1040 406 tum
1056 377 1087 407 in
1103 377 1163 407 hoc
1174 382 1369 410 sacramento
1381 381 1419 411 sit
1433 383 1613 421 conjunctio
1627 383 1741 414 Christi

972 431 1002 458 et
1015 429 1169 468 Ecclesiae,
1187 434 1217 461 et
1232 432 1362 462 interior
1376 443 1439 464 non
1458 438 1559 473 potest
1574 436 1689 466 melius
1702 437 1742 467 si-

973 482 1133 519 gnificari,
1151 492 1246 521 quam
1263 494 1318 523 per
1333 487 1587 524 conjunctionem
1604 490 1741 520 exterio-

974 543 1055 569 rcm,
1087 536 1167 566 sicut
1197 537 1344 576 baptismi
1378 540 1496 570 ablutio
1526 542 1656 573 interior
1686 553 1742 583 per

972 588 1166 618 ablutionem
1178 599 1270 628 aquae
1282 592 1485 630 exterior-eun
1500 594 1567 624 ideo
1579 595 1658 625 sicut
1669 596 1742 636 bap-

972 641 1085 669 tismus
1107 642 1219 671 dicitur
1241 643 1411 679 absolutio,
1434 645 1478 674 sic
1501 648 1741 679 matrimonium

972 693 1086 723 dicitur
1115 695 1335 731 essentialiter,
1370 699 1400 726 et
1433 699 1606 729 secuudum
1640 710 1742 739 genus

972 755 1082 783 snum,
1110 748 1301 785 conJ'unctio.
1326 748 1363 778 Et
1388 752 1461 779 nota
1484 752 1583 789 quod,
1608 754 1687 784 sicut
1711 755 1742 784 in

972 798 1132 829 ablutione
1154 800 1301 839 baptismi
1326 803 1373 831 est
1394 802 1511 841 aliquid
1538 813 1741 845 permanens,

971 851 1051 881 sicut
1078 852 1241 891 impressio
1264 854 1451 886 characteris
1470 856 1611 895 interior,
1637 860 1667 888 et
1685 859 1742 889 ali-

972 904 1047 943 quid
1064 906 1231 943 transiens,
1256 909 1292 936 ut
1312 907 1387 937 lotio
1407 909 1553 947 exterior,
1571 912 1601 940 et
1617 913 1742 942 utrum-

972 967 1033 996 que
1057 957 1170 988 dicitur
1192 959 1391 997 baptismus:
1417 961 1461 990 sic
1487 961 1518 991 in
1542 964 1744 995 matrimonio

972 1012 1017 1039 est
1033 1010 1151 1049 aliquid
1166 1020 1367 1049 permanens,
1388 1015 1419 1043 et
1433 1014 1490 1043 lioc
1506 1017 1551 1045 est
1568 1016 1741 1055 vinculum,

973 1071 1028 1101 per
1051 1063 1135 1101 quod
1158 1064 1278 1102 ligatur
1299 1066 1348 1094 vir
1372 1068 1402 1095 et
1426 1067 1551 1105 mulier,
1570 1072 1743 1108 quantum-

972 1124 1109 1153 cumque
1143 1117 1282 1147 exterius
1319 1121 1523 1157 separentur,
1560 1124 1590 1151 et
1627 1122 1745 1162 aliquid

973 1168 1143 1205 transiens,
1161 1169 1239 1199 sicut
1263 1172 1444 1209 conjunctio
1467 1173 1569 1211 primo
1592 1174 1671 1204 facta
1691 1184 1746 1214 per

974 1221 1107 1250 verbum
1122 1223 1271 1259 exterius,
1285 1224 1332 1253 vel
1345 1233 1400 1262 per
1415 1226 1603 1256 exteriorem
1621 1230 1743 1258 actum:

973 1276 1000 1301 et
1018 1276 1153 1312 utraque
1170 1275 1283 1304 dicitur
1299 1277 1548 1315 matrimonium,
1565 1282 1595 1309 et
1611 1282 1746 1320 utraque

973 1329 1019 1355 est
1041 1328 1232 1365 conjunctio.
1249 1328 1287 1358 Et
1312 1329 1381 1359 ideo
1400 1334 1483 1360 recte
1506 1333 1746 1364 matrimonium

974 1381 1153 1418 conjunctio
1169 1381 1282 1411 (licitur
1297 1385 1327 1412 et
1342 1385 1404 1419 est,
1424 1384 1505 1414 sicut
1527 1385 1663 1416 rationes
1681 1387 1743 1426 pri-

976 1441 1035 1462 mae
1051 1433 1230 1463 ostendunt.

1017 1488 1043 1514 l.
1058 1485 1101 1514 Ad
1120 1485 1196 1515 illud
1215 1487 1298 1525 quod
1315 1488 1472 1527 objicitur,
1488 1491 1572 1529 quod
1588 1492 1745 1523 multoties

974 1539 1230 1576 conjunguntur,
1243 1540 1409 1570 dicendum
1420 1543 1503 1580 quod
1515 1544 1660 1582 quaetlau]
1676 1555 1747 1576 con-

971 1591 1094 1629 junctio
1110 1591 1222 1621 (licitur
1239 1592 1367 1629 vinculi,
1382 1596 1530 1632 quaedam
1546 1597 1615 1627 facit
1632 1598 1743 1629 vincu—

975 1644 1060 1680 lum,
1085 1646 1231 1683 quaedam
1254 1649 1299 1675 est
1319 1656 1395 1676 usus
1415 1648 1551 1679 vinculi:
1578 1650 1646 1681 dico
1668 1661 1747 1691 ergo

975 1698 1057 1736 quod
1075 1698 1177 1737 prima
1195 1701 1225 1728 et
1239 1700 1385 1735 secunda,
1403 1701 1478 1739 quia
1494 1703 1664 1741 respiciunt
1678 1705 1748 1735 sub-

976 1751 1122 1781 stantiam
1141 1752 1352 1790 matrimonii,
1370 1762 1433 1783 non
1447 1754 1612 1794 iterantur,
1628 1759 1681 1788 sed
1696 1768 1746 1789 so-

976 1803 1042 1833 lum
1058 1805 1164 1833 tertia:
1180 1805 1258 1834 etad
1277 1805 1567 1844 multiplicationem
1584 1809 1669 1840 illius
1683 1820 1747 1841 non

975 1856 1119 1895 sequitur
1135 1856 1352 1896 multiplicatio
1369 1859 1578 1897 matrimonii,
1594 1863 1746 1901 quoniam

976 1918 1040 1939 non
1055 1912 1101 1939 est
1117 1919 1220 1948 genus
1236 1910 1269 1939 in
1285 1911 1428 1948 essendo,
1441 1912 1495 1942 sed
1511 1916 1597 1944 actus
1612 1915 1643 1945 in
1659 1919 1747 1947 uten-

975 1963 1026 2000 do,
1042 1963 1108 1993 sive
1122 1973 1198 1993 usus
1212 1963 1245 1993 in
1260 1964 1396 2002 agendo.

1016 2019 1044 2046 9..
1062 2015 1099 2046 Et
1115 2025 1155 2046 ex
1175 2017 1235 2046 hoc
1254 2019 1338 2056 patet
1358 2027 1510 2057 sequens,
1530 2021 1605 2059 quia
1624 2031 1687 2052 non
1701 2025 1748 2053 est

975 2069 1097 2099 iteratio
1108 2070 1312 2100 sacramenti:
1325 2072 1355 2100 et
1369 2070 1449 2101 sicut
1463 2072 1645 2112 frequenter
1661 2068 1747 2107 man-

975 2122 1090 2151 ducare
1111 2131 1226 2161 corpus
1245 2121 1357 2152 Christi
1381 2132 1444 2153 non
1466 2125 1539 2155 dicit
1560 2130 1746 2159 sacramenti

975 2173 1186 2212 iterationem,
1204 2175 1257 2205 sed
1277 2184 1386 2212 usum;
1411 2177 1501 2207 sicin
1521 2180 1679 2218 proposito
1694 2181 1745 2211 in-

975 2225 1036 2256 telli
1042 2226 1184 2264 gendum
1195 2229 1252 2264 est,
1268 2227 1338 2257 licet
1354 2237 1416 2258 non
1432 2229 1470 2258 sit
1484 2230 1587 2260 simile
1601 2233 1743 2272 omnino,

975 2279 1049 2317 quia
1073 2279 1158 2317 quod
1182 2280 1278 2309 semel
1299 2281 1523 2312 manducatum
1545 2286 1605 2321 est⁷
1629 2285 1745 2316 iterum

975 2331 1159 2361 manducari
1171 2341 1235 2361 non
1250 2335 1363 2371 potest3
1380 2333 1433 2364 sed
1445 2334 1513 2364 liaec
1528 2336 1654 2375 mulier,
1671 2347 1744 2378 quae

974 2383 1070 2413 semel
1085 2384 1212 2422 cognita
1225 2386 1282 2422 est,
1296 2385 1412 2415 iterum
1427 2390 1574 2426 cognosci
1589 2393 1699 2429 potest.

1015 2438 1042 2466 3.
1061 2436 1108 2467 Ad
1124 2436 1200 2466 illud
1215 2438 1299 2476 quod
1313 2438 1473 2477 objicitur,
1490 2441 1573 2479 quod
1588 2451 1682 2473 omne
1697 2453 1744 2474 sa-

974 2492 1170 2520 cramentum
1186 2493 1232 2519 cst
1247 2491 1376 2529 signum
1391 2493 1552 2532 sensibile,
1576 2495 1743 2527 dicendum

974 2542 1058 2581 quod
1075 2542 1153 2571 sicut
1170 2542 1343 2574 similitudo
1357 2546 1526 2584 corporalis
1537 2556 1632 2578 sensu
1644 2550 1741 2587 perci-

975 2595 1070 2634 pitur,
1089 2604 1152 2625 non
1175 2596 1295 2626 ratione
1316 2598 1380 2635 sui,
1401 2598 1454 2628 sed
1470 2599 1590 2630 ratione
1606 2601 1742 2639 qualita—

974 2651 1058 2685 tum,
1079 2648 1112 2678 in
1133 2648 1249 2687 quibus
1267 2652 1313 2680 est
1333 2651 1530 2689 assimilatio,
1555 2661 1627 2691 quae
1648 2663 1743 2685 sensu
