<?xml version="1.0" encoding="UTF-8"?>
<!DOCTYPE html PUBLIC "-//W3C//DTD XHTML 1.0 Transitional//EN"
    "http://www.w3.org/TR/xhtml1/DTD/xhtml1-transitional.dtd">
<html xmlns="http://www.w3.org/1999/xhtml" xml:lang="en" lang="en">
 <head>
  <title>
</title>
<meta http-equiv="Content-Type" content="text/html;charset=utf-8" />
  <meta name='ocr-system' content='tesseract 3.04.00' />
  <meta name='ocr-capabilities' content='ocr_page ocr_carea ocr_par ocr_line ocrx_word'/>
</head>
<body>
  <div class='ocr_page' id='page_1' title='image "./operaomniasixtiv06bonauoft/operaomniasixtiv06bonauoft_0299.png"; bbox 0 0 1991 3006; ppageno 0'>
   <div class='ocr_carea' id='block_1_1' title="bbox 797 221 1758 254">
    <p class='ocr_par' dir='ltr' id='par_1_1' title="bbox 797 221 1758 254">
     <span class='ocr_line' id='line_1_1' title="bbox 797 221 1758 254; baseline -0.003 -1"><span class='ocrx_word' id='word_1_1' title='bbox 797 221 983 254; x_wconf 88' lang='lat' dir='ltr'>DlSTlNCT.</span> <span class='ocrx_word' id='word_1_2' title='bbox 1006 221 1123 253; x_wconf 85' lang='lat' dir='ltr'>XXXII.</span> <span class='ocrx_word' id='word_1_3' title='bbox 1703 222 1758 251; x_wconf 77' lang='lat'>281</span> 
     </span>
    </p>
   </div>
   <div class='ocr_carea' id='block_1_2' title="bbox 165 286 1759 440">
    <p class='ocr_par' dir='ltr' id='par_1_2' title="bbox 165 286 1759 440">
     <span class='ocr_line' id='line_1_2' title="bbox 165 286 1758 331; baseline -0.006 -6"><span class='ocrx_word' id='word_1_4' title='bbox 165 294 265 324; x_wconf 87' lang='lat' dir='ltr'>coitus</span> <span class='ocrx_word' id='word_1_5' title='bbox 293 294 329 324; x_wconf 86' lang='lat' dir='ltr'>fit</span> <span class='ocrx_word' id='word_1_6' title='bbox 360 293 537 324; x_wconf 86' lang='lat' dir='ltr'>secundum</span> <span class='ocrx_word' id='word_1_7' title='bbox 565 292 719 331; x_wconf 88' lang='lat' dir='ltr'>impetum</span> <span class='ocrx_word' id='word_1_8' title='bbox 747 289 929 329; x_wconf 81' lang='lat' dir='ltr'>voluptatis.</span> <span class='ocrx_word' id='word_1_9' title='bbox 992 288 1093 318; x_wconf 90' lang='lat' dir='ltr'>monii</span> <span class='ocrx_word' id='word_1_10' title='bbox 1115 290 1364 325; x_wconf 74' lang='lat' dir='ltr'>sacramentum,</span> <span class='ocrx_word' id='word_1_11' title='bbox 1391 288 1466 327; x_wconf 79' lang='lat' dir='ltr'>quia</span> <span class='ocrx_word' id='word_1_12' title='bbox 1490 286 1651 327; x_wconf 82' lang='lat' dir='ltr'>cognoscit</span> <span class='ocrx_word' id='word_1_13' title='bbox 1672 295 1758 323; x_wconf 85' lang='lat' dir='ltr'>eam,</span> 
     </span>
     <span class='ocr_line' id='line_1_3' title="bbox 165 339 1759 384; baseline -0.005 -7"><span class='ocrx_word' id='word_1_14' title='bbox 165 347 309 377; x_wconf 81' lang='lat' dir='ltr'>Rationes</span> <span class='ocrx_word' id='word_1_15' title='bbox 332 355 408 377; x_wconf 89' lang='lat' dir='ltr'>vero</span> <span class='ocrx_word' id='word_1_16' title='bbox 431 346 469 376; x_wconf 82' lang='lat' dir='ltr'>ad</span> <span class='ocrx_word' id='word_1_17' title='bbox 491 345 671 384; x_wconf 85' lang='lat' dir='ltr'>oppositum</span> <span class='ocrx_word' id='word_1_18' title='bbox 696 343 869 383; x_wconf 85' lang='lat' dir='ltr'>procedunt</span> <span class='ocrx_word' id='word_1_19' title='bbox 884 351 933 372; x_wconf 89' lang='lat' dir='ltr'>se-</span> <span class='ocrx_word' id='word_1_20' title='bbox 991 342 1065 382; x_wconf 85' lang='lat' dir='ltr'>quia</span> <span class='ocrx_word' id='word_1_21' title='bbox 1082 350 1178 372; x_wconf 74' lang='lat' dir='ltr'>uxor:</span> <span class='ocrx_word' id='word_1_22' title='bbox 1197 350 1254 370; x_wconf 86' lang='lat' dir='ltr'>nec</span> <span class='ocrx_word' id='word_1_23' title='bbox 1268 340 1357 370; x_wconf 89' lang='lat' dir='ltr'>aliter</span> <span class='ocrx_word' id='word_1_24' title='bbox 1373 340 1579 370; x_wconf 84' lang='lat' dir='ltr'>delectaretur</span> <span class='ocrx_word' id='word_1_25' title='bbox 1588 340 1621 370; x_wconf 89' lang='lat' dir='ltr'>in</span> <span class='ocrx_word' id='word_1_26' title='bbox 1635 349 1681 377; x_wconf 64' lang='lat' dir='ltr'>ea,</span> <span class='ocrx_word' id='word_1_27' title='bbox 1699 339 1759 370; x_wconf 87' lang='lat' dir='ltr'>nisi</span> 
     </span>
     <span class='ocr_line' id='line_1_4' title="bbox 166 393 1549 440; baseline -0.006 -10"><span class='ocrx_word' id='word_1_28' title='bbox 166 400 304 430; x_wconf 90' lang='lat' dir='ltr'>cundum</span> <span class='ocrx_word' id='word_1_29' title='bbox 321 399 404 440; x_wconf 88' lang='lat' dir='ltr'>quod</span> <span class='ocrx_word' id='word_1_30' title='bbox 429 398 562 429; x_wconf 78' lang='lat' dir='ltr'>hahetur</span> <span class='ocrx_word' id='word_1_31' title='bbox 582 399 742 437; x_wconf 86' lang='lat' dir='ltr'>respectus</span> <span class='ocrx_word' id='word_1_32' title='bbox 764 396 804 427; x_wconf 88' lang='lat' dir='ltr'>ad</span> <span class='ocrx_word' id='word_1_33' title='bbox 823 396 931 426; x_wconf 82' lang='lat' dir='ltr'>matri—</span> <span class='ocrx_word' id='word_1_34' title='bbox 991 397 1071 425; x_wconf 82' lang='lat' dir='ltr'>esset</span> <span class='ocrx_word' id='word_1_35' title='bbox 1085 393 1358 425; x_wconf 79' lang='lat' dir='ltr'>matrimonialiter</span> <span class='ocrx_word' id='word_1_36' title='bbox 1373 394 1549 431; x_wconf 83' lang='lat' dir='ltr'>conjuncta.</span> 
     </span>
    </p>
   </div>
   <div class='ocr_carea' id='block_1_3' title="bbox 633 544 1291 590">
    <p class='ocr_par' dir='ltr' id='par_1_3' title="bbox 633 544 1291 590">
     <span class='ocr_line' id='line_1_5' title="bbox 633 544 1291 590; baseline -0.003 0"><span class='ocrx_word' id='word_1_37' title='bbox 633 544 1037 590; x_wconf 88' lang='lat' dir='ltr'><strong>DISTINCTIO</strong></span> <span class='ocrx_word' id='word_1_38' title='bbox 1086 545 1291 589; x_wconf 89' lang='lat' dir='ltr'>XXXII</span> 
     </span>
    </p>
   </div>
   <div class='ocr_carea' id='block_1_4' title="bbox 308 657 1611 685">
    <p class='ocr_par' dir='ltr' id='par_1_4' title="bbox 308 657 1611 685">
     <span class='ocr_line' id='line_1_6' title="bbox 308 657 1611 685; baseline -0.003 -4"><span class='ocrx_word' id='word_1_39' title='bbox 308 661 345 682; x_wconf 87' lang='lat' dir='ltr'>DE</span> <span class='ocrx_word' id='word_1_40' title='bbox 371 659 560 681; x_wconf 74' lang='lat' dir='ltr'>MATmMONIO</span> <span class='ocrx_word' id='word_1_41' title='bbox 585 659 741 681; x_wconf 76' lang='lat' dir='ltr'><strong>SECUNDUM</strong></span> <span class='ocrx_word' id='word_1_42' title='bbox 765 659 882 681; x_wconf 74' lang='lat' dir='ltr'>CAUSAM</span> <span class='ocrx_word' id='word_1_43' title='bbox 903 659 1032 680; x_wconf 78' lang='lat' dir='ltr'><strong>FINALEM</strong></span> <span class='ocrx_word' id='word_1_44' title='bbox 1056 658 1199 685; x_wconf 75' lang='lat' dir='ltr'><strong>QUANTUM</strong></span> <span class='ocrx_word' id='word_1_45' title='bbox 1224 658 1263 678; x_wconf 79' lang='lat' dir='ltr'>AD</span> <span class='ocrx_word' id='word_1_46' title='bbox 1287 657 1476 679; x_wconf 82' lang='lat' dir='ltr'>SOLUTIONEM</span> <span class='ocrx_word' id='word_1_47' title='bbox 1502 658 1611 679; x_wconf 78' lang='lat' dir='ltr'>DEBlTl.</span> 
     </span>
    </p>
   </div>
   <div class='ocr_carea' id='block_1_5' title="bbox 212 744 1881 807">
    <p class='ocr_par' dir='ltr' id='par_1_5' title="bbox 212 744 1881 807">
     <span class='ocr_line' id='line_1_7' title="bbox 212 744 1881 806; baseline -0.004 -25"><span class='ocrx_word' id='word_1_48' title='bbox 212 748 388 782; x_wconf 79' lang='lat' dir='ltr'>Sciendum</span> <span class='ocrx_word' id='word_1_49' title='bbox 404 749 500 781; x_wconf 87' lang='lat' dir='ltr'>etiam</span> <span class='ocrx_word' id='word_1_50' title='bbox 516 753 562 781; x_wconf 77' lang='lat' dir='ltr'>est</span> <span class='ocrx_word' id='word_1_51' title='bbox 577 752 598 789; x_wconf 88' lang='lat'>¹,</span> <span class='ocrx_word' id='word_1_52' title='bbox 615 749 692 793; x_wconf 79' lang='lat' dir='ltr'>quia</span> <span class='ocrx_word' id='word_1_53' title='bbox 706 760 778 781; x_wconf 85' lang='lat' dir='ltr'>cum</span> <span class='ocrx_word' id='word_1_54' title='bbox 792 749 825 780; x_wconf 92' lang='lat' dir='ltr'>in</span> <span class='ocrx_word' id='word_1_55' title='bbox 835 748 988 781; x_wconf 82' lang='lat' dir='ltr'>omnibus</span> <span class='ocrx_word' id='word_1_56' title='bbox 1003 748 1075 780; x_wconf 83' lang='lat' dir='ltr'>aliis</span> <span class='ocrx_word' id='word_1_57' title='bbox 1090 748 1141 780; x_wconf 87' lang='lat' dir='ltr'>vir</span> <span class='ocrx_word' id='word_1_58' title='bbox 1157 748 1263 792; x_wconf 76' lang='lat' dir='ltr'>praesit</span> <span class='ocrx_word' id='word_1_59' title='bbox 1280 746 1422 787; x_wconf 84' lang='lat' dir='ltr'>mulieri,</span> <span class='ocrx_word' id='word_1_60' title='bbox 1434 749 1471 777; x_wconf 91' lang='lat' dir='ltr'>ut</span> <span class='ocrx_word' id='word_1_61' title='bbox 1489 749 1585 789; x_wconf 85' lang='lat' dir='ltr'>caput</span> <span class='ocrx_word' id='word_1_62' title='bbox 1604 744 1731 788; x_wconf 80' lang='lat' dir='ltr'>corpori</span> <span class='ocrx_word' id='word_1_63' title='bbox 1746 770 1754 786; x_wconf 91' lang='lat'><em>‚</em></span> <span class='ocrx_word' id='word_1_64' title='bbox 1775 752 1805 806; x_wconf 50' lang='lat' dir='ltr'>{De</span> <span class='ocrx_word' id='word_1_65' title='bbox 1826 752 1881 772; x_wconf 74' lang='lat' dir='ltr'>sotu-</span> 
     </span>
     <span class='ocr_line' id='line_1_8' title="bbox 1786 794 1881 807; baseline 0 0"><span class='ocrx_word' id='word_1_66' title='bbox 1786 794 1881 807; x_wconf 63' lang='lat' dir='ltr'>‘onec-31·-</span> 
     </span>
    </p>
   </div>
   <div class='ocr_carea' id='block_1_6' title="bbox 166 803 1880 1945">
    <p class='ocr_par' dir='ltr' id='par_1_6' title="bbox 166 803 1880 1887">
     <span class='ocr_line' id='line_1_9' title="bbox 168 803 1880 850; baseline -0.003 -12"><span class='ocrx_word' id='word_1_67' title='bbox 168 810 214 839; x_wconf 86' lang='lat' dir='ltr'>est</span> <span class='ocrx_word' id='word_1_68' title='bbox 228 806 315 839; x_wconf 86' lang='lat' dir='ltr'>enim</span> <span class='ocrx_word' id='word_1_69' title='bbox 330 806 381 838; x_wconf 76' lang='lat' dir='ltr'>vir</span> <span class='ocrx_word' id='word_1_70' title='bbox 397 813 495 850; x_wconf 72' lang='lat' dir='ltr'>caput</span> <span class='ocrx_word' id='word_1_71' title='bbox 510 807 694 847; x_wconf 63' lang='lat' dir='ltr'>mulieris‘,</span> <span class='ocrx_word' id='word_1_72' title='bbox 712 807 746 838; x_wconf 92' lang='lat' dir='ltr'>in</span> <span class='ocrx_word' id='word_1_73' title='bbox 761 806 917 838; x_wconf 86' lang='lat' dir='ltr'>solvendo</span> <span class='ocrx_word' id='word_1_74' title='bbox 940 810 1047 838; x_wconf 83' lang='lat' dir='ltr'>tamen</span> <span class='ocrx_word' id='word_1_75' title='bbox 1067 805 1173 838; x_wconf 84' lang='lat' dir='ltr'>carnis</span> <span class='ocrx_word' id='word_1_76' title='bbox 1193 805 1301 837; x_wconf 83' lang='lat' dir='ltr'>debito</span> <span class='ocrx_word' id='word_1_77' title='bbox 1317 815 1409 848; x_wconf 82' lang='lat' dir='ltr'>pares</span> <span class='ocrx_word' id='word_1_78' title='bbox 1423 807 1510 836; x_wconf 89' lang='lat' dir='ltr'>sunt.</span> <span class='ocrx_word' id='word_1_79' title='bbox 1528 803 1603 835; x_wconf 84' lang='lat' dir='ltr'>Ideo</span> <span class='ocrx_word' id='word_1_80' title='bbox 1621 803 1756 845; x_wconf 85' lang='lat' dir='ltr'>Aposto-</span> <span class='ocrx_word' id='word_1_81' title='bbox 1775 819 1829 838; x_wconf 64' lang='lat' dir='ltr'>nans</span> <span class='ocrx_word' id='word_1_82' title='bbox 1845 819 1880 838; x_wconf 48' lang='lat' dir='ltr'>de-</span> 
     </span>
     <span class='ocr_line' id='line_1_10' title="bbox 168 849 1853 908; baseline -0.003 -12"><span class='ocrx_word' id='word_1_83' title='bbox 168 864 220 896; x_wconf 91' lang='lat' dir='ltr'>lus</span> <span class='ocrx_word' id='word_1_84' title='bbox 234 864 365 907; x_wconf 79' lang='lat' dir='ltr'>utrique</span> <span class='ocrx_word' id='word_1_85' title='bbox 382 864 503 907; x_wconf 86' lang='lat' dir='ltr'>pariter</span> <span class='ocrx_word' id='word_1_86' title='bbox 520 864 670 908; x_wconf 79' lang='lat' dir='ltr'>praecepit</span> <span class='ocrx_word' id='word_1_87' title='bbox 692 864 724 896; x_wconf 93' lang='lat' dir='ltr'>in</span> <span class='ocrx_word' id='word_1_88' title='bbox 741 864 799 896; x_wconf 83' lang='lat' dir='ltr'>hac</span> <span class='ocrx_word' id='word_1_89' title='bbox 815 875 912 896; x_wconf 82' lang='lat' dir='ltr'>causa</span> <span class='ocrx_word' id='word_1_90' title='bbox 927 864 988 896; x_wconf 90' lang='lat' dir='ltr'>sibi</span> <span class='ocrx_word' id='word_1_91' title='bbox 1005 864 1145 896; x_wconf 85' lang='lat' dir='ltr'>invicem</span> <span class='ocrx_word' id='word_1_92' title='bbox 1162 863 1276 907; x_wconf 85' lang='lat' dir='ltr'>subjici</span> <span class='ocrx_word' id='word_1_93' title='bbox 1291 888 1298 904; x_wconf 93' lang='lat'>,</span> <span class='ocrx_word' id='word_1_94' title='bbox 1315 862 1468 906; x_wconf 75' lang='lat' dir='ltr'>inquiens</span> <span class='ocrx_word' id='word_1_95' title='bbox 1481 861 1491 877; x_wconf 83' lang='lat'>³</span> <span class='ocrx_word' id='word_1_96' title='bbox 1505 874 1512 893; x_wconf 81' lang='lat' dir='ltr'>z</span> <span class='ocrx_word' id='word_1_97' title='bbox 1538 861 1595 893; x_wconf 73' lang='lat' dir='ltr'>Vz&#39;r</span> <span class='ocrx_word' id='word_1_98' title='bbox 1610 860 1754 892; x_wconf 71' lang='lat' dir='ltr'>debitum</span> <span class='ocrx_word' id='word_1_99' title='bbox 1809 849 1853 869; x_wconf 54' lang='grc' dir='ltr'>Μ’</span> 
     </span>
     <span class='ocr_line' id='line_1_11' title="bbox 168 918 1753 965; baseline -0.003 -11"><span class='ocrx_word' id='word_1_100' title='bbox 168 921 286 954; x_wconf 78' lang='lat' dir='ltr'>reddat</span> <span class='ocrx_word' id='word_1_101' title='bbox 298 922 394 954; x_wconf 71' lang='lat' dir='ltr'>uxori</span> <span class='ocrx_word' id='word_1_102' title='bbox 401 947 408 960; x_wconf 88' lang='lat'>‚</span> <span class='ocrx_word' id='word_1_103' title='bbox 425 922 578 954; x_wconf 73' lang='lat' dir='ltr'>similiter</span> <span class='ocrx_word' id='word_1_104' title='bbox 597 928 628 954; x_wconf 82' lang='lat' dir='ltr'>et</span> <span class='ocrx_word' id='word_1_105' title='bbox 648 933 728 953; x_wconf 65' lang='lat' dir='ltr'>azor</span> <span class='ocrx_word' id='word_1_106' title='bbox 743 921 814 953; x_wconf 73' lang='lat' dir='ltr'>viro</span> <span class='ocrx_word' id='word_1_107' title='bbox 830 934 840 953; x_wconf 86' lang='grc'>.·</span> <span class='ocrx_word' id='word_1_108' title='bbox 857 922 934 965; x_wconf 74' lang='lat' dir='ltr'>quia</span> <span class='ocrx_word' id='word_1_109' title='bbox 957 921 1074 953; x_wconf 72' lang='lat' dir='ltr'>mulier</span> <span class='ocrx_word' id='word_1_110' title='bbox 1096 932 1160 953; x_wconf 80' lang='lat' dir='ltr'>mm</span> <span class='ocrx_word' id='word_1_111' title='bbox 1182 921 1279 952; x_wconf 77' lang='lat' dir='ltr'>habet</span> <span class='ocrx_word' id='word_1_112' title='bbox 1297 926 1496 963; x_wconf 74' lang='lat' dir='ltr'>potestatem</span> <span class='ocrx_word' id='word_1_113' title='bbox 1519 919 1571 951; x_wconf 71' lang='lat' dir='ltr'>sui</span> <span class='ocrx_word' id='word_1_114' title='bbox 1594 918 1753 962; x_wconf 72' lang='lat' dir='ltr'>corporis,</span> 
     </span>
     <span class='ocr_line' id='line_1_12' title="bbox 167 977 1756 1023; baseline -0.002 -12"><span class='ocrx_word' id='word_1_115' title='bbox 167 979 224 1011; x_wconf 84' lang='lat' dir='ltr'>secl</span> <span class='ocrx_word' id='word_1_116' title='bbox 246 979 294 1011; x_wconf 75' lang='grc' dir='ltr'>υἱν</span> <span class='ocrx_word' id='word_1_117' title='bbox 311 992 320 1010; x_wconf 89' lang='grc'>.·</span> <span class='ocrx_word' id='word_1_118' title='bbox 335 979 488 1011; x_wconf 69' lang='lat' dir='ltr'>simililer</span> <span class='ocrx_word' id='word_1_119' title='bbox 506 985 537 1011; x_wconf 78' lang='lat' dir='ltr'>ec</span> <span class='ocrx_word' id='word_1_120' title='bbox 558 979 608 1011; x_wconf 78' lang='lat' dir='ltr'>vir</span> <span class='ocrx_word' id='word_1_121' title='bbox 629 990 694 1011; x_wconf 75' lang='lat'><strong><em>71072</em></strong></span> <span class='ocrx_word' id='word_1_122' title='bbox 713 979 809 1011; x_wconf 76' lang='lat' dir='ltr'>habet</span> <span class='ocrx_word' id='word_1_123' title='bbox 825 985 1025 1023; x_wconf 78' lang='lat' dir='ltr'>potestatem</span> <span class='ocrx_word' id='word_1_124' title='bbox 1041 979 1093 1010; x_wconf 72' lang='lat' dir='ltr'>sm·</span> <span class='ocrx_word' id='word_1_125' title='bbox 1107 979 1249 1022; x_wconf 72' lang='lat' dir='ltr'>corporis</span> <span class='ocrx_word' id='word_1_126' title='bbox 1263 1004 1270 1019; x_wconf 80' lang='lat'><em>‚</em></span> <span class='ocrx_word' id='word_1_127' title='bbox 1287 977 1344 1010; x_wconf 66' lang='lat' dir='ltr'>secl</span> <span class='ocrx_word' id='word_1_128' title='bbox 1358 978 1475 1010; x_wconf 76' lang='lat' dir='ltr'>mulier</span> <span class='ocrx_word' id='word_1_129' title='bbox 1493 989 1502 1008; x_wconf 88' lang='lat'><em>:</em></span> <span class='ocrx_word' id='word_1_130' title='bbox 1518 977 1597 1020; x_wconf 76' lang='lat' dir='ltr'>quia</span> <span class='ocrx_word' id='word_1_131' title='bbox 1611 987 1670 1008; x_wconf 88' lang='lat' dir='ltr'>nec</span> <span class='ocrx_word' id='word_1_132' title='bbox 1684 987 1756 1008; x_wconf 90' lang='lat' dir='ltr'>mu-</span> 
     </span>
     <span class='ocr_line' id='line_1_13' title="bbox 167 1034 1754 1079; baseline -0.002 -11"><span class='ocrx_word' id='word_1_133' title='bbox 167 1036 228 1068; x_wconf 87' lang='lat' dir='ltr'>lier</span> <span class='ocrx_word' id='word_1_134' title='bbox 241 1036 282 1068; x_wconf 89' lang='lat' dir='ltr'>ad</span> <span class='ocrx_word' id='word_1_135' title='bbox 297 1036 400 1069; x_wconf 87' lang='lat' dir='ltr'>alium</span> <span class='ocrx_word' id='word_1_136' title='bbox 417 1036 526 1068; x_wconf 85' lang='lat' dir='ltr'>virum</span> <span class='ocrx_word' id='word_1_137' title='bbox 537 1063 545 1077; x_wconf 92' lang='lat'>,</span> <span class='ocrx_word' id='word_1_138' title='bbox 564 1048 622 1069; x_wconf 86' lang='lat' dir='ltr'>nec</span> <span class='ocrx_word' id='word_1_139' title='bbox 638 1037 688 1069; x_wconf 86' lang='lat' dir='ltr'>vir</span> <span class='ocrx_word' id='word_1_140' title='bbox 703 1036 742 1068; x_wconf 84' lang='lat' dir='ltr'>ad</span> <span class='ocrx_word' id='word_1_141' title='bbox 759 1037 857 1068; x_wconf 86' lang='lat' dir='ltr'>aliam</span> <span class='ocrx_word' id='word_1_142' title='bbox 876 1036 1048 1068; x_wconf 88' lang='lat' dir='ltr'>mulierem</span> <span class='ocrx_word' id='word_1_143' title='bbox 1066 1040 1254 1079; x_wconf 82' lang='lat' dir='ltr'>potestatem</span> <span class='ocrx_word' id='word_1_144' title='bbox 1270 1035 1320 1068; x_wconf 89' lang='lat' dir='ltr'>sui</span> <span class='ocrx_word' id='word_1_145' title='bbox 1340 1035 1483 1079; x_wconf 86' lang='lat' dir='ltr'>eorporis</span> <span class='ocrx_word' id='word_1_146' title='bbox 1499 1034 1614 1075; x_wconf 81' lang='lat' dir='ltr'>babet3</span> <span class='ocrx_word' id='word_1_147' title='bbox 1633 1045 1691 1066; x_wconf 89' lang='lat' dir='ltr'>nec</span> <span class='ocrx_word' id='word_1_148' title='bbox 1705 1034 1754 1065; x_wconf 87' lang='lat' dir='ltr'>vir</span> 
     </span>
     <span class='ocr_line' id='line_1_14' title="bbox 167 1092 1756 1138; baseline -0.002 -12"><span class='ocrx_word' id='word_1_149' title='bbox 167 1093 206 1126; x_wconf 82' lang='lat' dir='ltr'>ad</span> <span class='ocrx_word' id='word_1_150' title='bbox 220 1093 454 1126; x_wconf 78' lang='lat' dir='ltr'>continendum</span> <span class='ocrx_word' id='word_1_151' title='bbox 468 1120 475 1135; x_wconf 94' lang='lat'>‚</span> <span class='ocrx_word' id='word_1_152' title='bbox 494 1105 552 1126; x_wconf 87' lang='lat' dir='ltr'>nec</span> <span class='ocrx_word' id='word_1_153' title='bbox 574 1094 693 1126; x_wconf 89' lang='lat' dir='ltr'>mulier</span> <span class='ocrx_word' id='word_1_154' title='bbox 718 1098 906 1138; x_wconf 81' lang='lat' dir='ltr'>potestatem</span> <span class='ocrx_word' id='word_1_155' title='bbox 927 1093 1025 1126; x_wconf 87' lang='lat' dir='ltr'>habet</span> <span class='ocrx_word' id='word_1_156' title='bbox 1040 1094 1108 1125; x_wconf 86' lang='lat' dir='ltr'>sine</span> <span class='ocrx_word' id='word_1_157' title='bbox 1124 1097 1240 1125; x_wconf 84' lang='lat' dir='ltr'>mutuo</span> <span class='ocrx_word' id='word_1_158' title='bbox 1256 1104 1413 1125; x_wconf 89' lang='lat' dir='ltr'>consensu</span> <span class='ocrx_word' id='word_1_159' title='bbox 1430 1105 1437 1132; x_wconf 89' lang='lat'>;</span> <span class='ocrx_word' id='word_1_160' title='bbox 1454 1093 1508 1124; x_wconf 90' lang='lat' dir='ltr'>sed</span> <span class='ocrx_word' id='word_1_161' title='bbox 1525 1092 1606 1124; x_wconf 86' lang='lat' dir='ltr'>alter</span> <span class='ocrx_word' id='word_1_162' title='bbox 1621 1092 1756 1124; x_wconf 83' lang='lat' dir='ltr'>alterius</span> 
     </span>
     <span class='ocr_line' id='line_1_15' title="bbox 167 1149 1755 1196; baseline -0.001 -13"><span class='ocrx_word' id='word_1_163' title='bbox 167 1155 354 1195; x_wconf 84' lang='lat' dir='ltr'>potestatem</span> <span class='ocrx_word' id='word_1_164' title='bbox 371 1151 467 1184; x_wconf 85' lang='lat' dir='ltr'>habet</span> <span class='ocrx_word' id='word_1_165' title='bbox 483 1152 646 1195; x_wconf 87' lang='lat' dir='ltr'>corporis,</span> <span class='ocrx_word' id='word_1_166' title='bbox 663 1156 699 1184; x_wconf 87' lang='lat' dir='ltr'>ut</span> <span class='ocrx_word' id='word_1_167' title='bbox 722 1151 866 1196; x_wconf 79' lang='lat' dir='ltr'>poscenti</span> <span class='ocrx_word' id='word_1_168' title='bbox 889 1151 983 1184; x_wconf 82' lang='lat' dir='ltr'>alteri</span> <span class='ocrx_word' id='word_1_169' title='bbox 1010 1162 1075 1183; x_wconf 90' lang='lat' dir='ltr'>non</span> <span class='ocrx_word' id='word_1_170' title='bbox 1090 1151 1184 1183; x_wconf 80' lang='lat' dir='ltr'>liceat</span> <span class='ocrx_word' id='word_1_171' title='bbox 1208 1150 1301 1183; x_wconf 86' lang='lat' dir='ltr'>alteri</span> <span class='ocrx_word' id='word_1_172' title='bbox 1327 1161 1445 1193; x_wconf 70' lang='lat' dir='ltr'>negare</span> <span class='ocrx_word' id='word_1_173' title='bbox 1466 1149 1624 1182; x_wconf 87' lang='lat' dir='ltr'>debitum.</span> <span class='ocrx_word' id='word_1_174' title='bbox 1643 1150 1679 1181; x_wconf 92' lang='lat' dir='ltr'>In</span> <span class='ocrx_word' id='word_1_175' title='bbox 1695 1149 1755 1181; x_wconf 90' lang='lat' dir='ltr'>hoc</span> 
     </span>
     <span class='ocr_line' id='line_1_16' title="bbox 166 1207 1756 1254; baseline -0.002 -13"><span class='ocrx_word' id='word_1_176' title='bbox 166 1209 253 1241; x_wconf 90' lang='lat' dir='ltr'>enim</span> <span class='ocrx_word' id='word_1_177' title='bbox 269 1220 361 1253; x_wconf 88' lang='lat' dir='ltr'>pares</span> <span class='ocrx_word' id='word_1_178' title='bbox 374 1214 468 1250; x_wconf 85' lang='lat' dir='ltr'>sunt,</span> <span class='ocrx_word' id='word_1_179' title='bbox 487 1209 565 1254; x_wconf 87' lang='lat' dir='ltr'>quia</span> <span class='ocrx_word' id='word_1_180' title='bbox 582 1221 639 1242; x_wconf 88' lang='lat' dir='ltr'>nec</span> <span class='ocrx_word' id='word_1_181' title='bbox 655 1210 726 1242; x_wconf 90' lang='lat' dir='ltr'>viro</span> <span class='ocrx_word' id='word_1_182' title='bbox 737 1236 745 1250; x_wconf 88' lang='lat'>,</span> <span class='ocrx_word' id='word_1_183' title='bbox 762 1220 820 1241; x_wconf 91' lang='lat' dir='ltr'>nec</span> <span class='ocrx_word' id='word_1_184' title='bbox 836 1209 967 1242; x_wconf 86' lang='lat' dir='ltr'>mulieri</span> <span class='ocrx_word' id='word_1_185' title='bbox 987 1220 1105 1253; x_wconf 87' lang='lat' dir='ltr'>corpus</span> <span class='ocrx_word' id='word_1_186' title='bbox 1119 1220 1214 1241; x_wconf 86' lang='lat' dir='ltr'>suum</span> <span class='ocrx_word' id='word_1_187' title='bbox 1230 1209 1305 1241; x_wconf 86' lang='lat' dir='ltr'>licet</span> <span class='ocrx_word' id='word_1_188' title='bbox 1321 1208 1378 1240; x_wconf 86' lang='lat' dir='ltr'>alii</span> <span class='ocrx_word' id='word_1_189' title='bbox 1396 1208 1540 1249; x_wconf 82' lang='lat' dir='ltr'>tradere;</span> <span class='ocrx_word' id='word_1_190' title='bbox 1560 1207 1614 1239; x_wconf 88' lang='lat' dir='ltr'>sed</span> <span class='ocrx_word' id='word_1_191' title='bbox 1630 1207 1691 1238; x_wconf 91' lang='lat' dir='ltr'>sibi</span> <span class='ocrx_word' id='word_1_192' title='bbox 1706 1207 1756 1239; x_wconf 88' lang='lat' dir='ltr'>in-</span> 
     </span>
     <span class='ocr_line' id='line_1_17' title="bbox 166 1264 1756 1311; baseline -0.002 -12"><span class='ocrx_word' id='word_1_193' title='bbox 166 1266 269 1299; x_wconf 80' lang='lat' dir='ltr'>vicem</span> <span class='ocrx_word' id='word_1_194' title='bbox 285 1267 446 1299; x_wconf 75' lang='lat' dir='ltr'>debitores</span> <span class='ocrx_word' id='word_1_195' title='bbox 469 1271 546 1299; x_wconf 90' lang='lat' dir='ltr'>sunt</span> <span class='ocrx_word' id='word_1_196' title='bbox 570 1267 604 1298; x_wconf 90' lang='lat' dir='ltr'>in</span> <span class='ocrx_word' id='word_1_197' title='bbox 630 1267 688 1299; x_wconf 87' lang='lat' dir='ltr'>hac</span> <span class='ocrx_word' id='word_1_198' title='bbox 711 1278 827 1307; x_wconf 83' lang='lat' dir='ltr'>causa,</span> <span class='ocrx_word' id='word_1_199' title='bbox 849 1278 889 1299; x_wconf 89' lang='lat' dir='ltr'>ne</span> <span class='ocrx_word' id='word_1_200' title='bbox 910 1267 1063 1311; x_wconf 86' lang='lat' dir='ltr'>peccandi</span> <span class='ocrx_word' id='word_1_201' title='bbox 1087 1267 1183 1299; x_wconf 81' lang='lat' dir='ltr'>detur</span> <span class='ocrx_word' id='word_1_202' title='bbox 1206 1267 1328 1299; x_wconf 81' lang='lat' dir='ltr'>occasio</span> <span class='ocrx_word' id='word_1_203' title='bbox 1347 1278 1353 1297; x_wconf 91' lang='lat'>:</span> <span class='ocrx_word' id='word_1_204' title='bbox 1372 1278 1428 1309; x_wconf 85' lang='lat' dir='ltr'>per</span> <span class='ocrx_word' id='word_1_205' title='bbox 1453 1266 1541 1309; x_wconf 82' lang='lat' dir='ltr'>quod</span> <span class='ocrx_word' id='word_1_206' title='bbox 1564 1276 1630 1298; x_wconf 91' lang='lat' dir='ltr'>non</span> <span class='ocrx_word' id='word_1_207' title='bbox 1652 1264 1756 1297; x_wconf 86' lang='lat' dir='ltr'>domi-</span> 
     </span>
     <span class='ocr_line' id='line_1_18' title="bbox 168 1323 1755 1368; baseline -0.001 -12"><span class='ocrx_word' id='word_1_208' title='bbox 168 1324 260 1356; x_wconf 87' lang='lat' dir='ltr'>nium</span> <span class='ocrx_word' id='word_1_209' title='bbox 276 1324 402 1356; x_wconf 87' lang='lat' dir='ltr'>tollitur</span> <span class='ocrx_word' id='word_1_210' title='bbox 415 1324 486 1357; x_wconf 81' lang='lat' dir='ltr'>viro</span> <span class='ocrx_word' id='word_1_211' title='bbox 503 1351 510 1365; x_wconf 95' lang='lat'>,</span> <span class='ocrx_word' id='word_1_212' title='bbox 528 1325 582 1357; x_wconf 73' lang='lat' dir='ltr'>sed</span> <span class='ocrx_word' id='word_1_213' title='bbox 599 1324 728 1357; x_wconf 85' lang='lat' dir='ltr'>vitium.</span> <span class='ocrx_word' id='word_1_214' title='bbox 747 1324 872 1357; x_wconf 79' lang='lat' dir='ltr'>Debent</span> <span class='ocrx_word' id='word_1_215' title='bbox 887 1324 974 1356; x_wconf 80' lang='lat' dir='ltr'>enim</span> <span class='ocrx_word' id='word_1_216' title='bbox 991 1326 1000 1341; x_wconf 66' lang='lat'>&#39;⁴</span> <span class='ocrx_word' id='word_1_217' title='bbox 1014 1324 1074 1356; x_wconf 89' lang='lat' dir='ltr'>sibi</span> <span class='ocrx_word' id='word_1_218' title='bbox 1090 1324 1256 1368; x_wconf 77' lang='lat' dir='ltr'>conjugati</span> <span class='ocrx_word' id='word_1_219' title='bbox 1275 1335 1340 1357; x_wconf 86' lang='lat' dir='ltr'>non</span> <span class='ocrx_word' id='word_1_220' title='bbox 1355 1324 1460 1356; x_wconf 91' lang='lat' dir='ltr'>solum</span> <span class='ocrx_word' id='word_1_221' title='bbox 1477 1324 1578 1368; x_wconf 84' lang='lat' dir='ltr'>ipsius</span> <span class='ocrx_word' id='word_1_222' title='bbox 1592 1334 1688 1355; x_wconf 77' lang='lat' dir='ltr'>sexus</span> <span class='ocrx_word' id='word_1_223' title='bbox 1704 1323 1755 1355; x_wconf 91' lang='lat' dir='ltr'>sui</span> 
     </span>
     <span class='ocr_line' id='line_1_19' title="bbox 166 1381 1755 1426; baseline -0.001 -12"><span class='ocrx_word' id='word_1_224' title='bbox 166 1382 398 1415; x_wconf 83' lang='lat' dir='ltr'>commiscendi</span> <span class='ocrx_word' id='word_1_225' title='bbox 421 1382 517 1415; x_wconf 88' lang='lat' dir='ltr'>fidem</span> <span class='ocrx_word' id='word_1_226' title='bbox 534 1382 714 1415; x_wconf 83' lang='lat' dir='ltr'>liberorum</span> <span class='ocrx_word' id='word_1_227' title='bbox 730 1382 1007 1426; x_wconf 75' lang='lat' dir='ltr'>procreandorum</span> <span class='ocrx_word' id='word_1_228' title='bbox 1023 1393 1135 1422; x_wconf 84' lang='lat' dir='ltr'>causa,</span> <span class='ocrx_word' id='word_1_229' title='bbox 1154 1393 1227 1426; x_wconf 77' lang='lat' dir='ltr'>quae</span> <span class='ocrx_word' id='word_1_230' title='bbox 1243 1382 1348 1425; x_wconf 87' lang='lat' dir='ltr'>prima</span> <span class='ocrx_word' id='word_1_231' title='bbox 1366 1386 1412 1414; x_wconf 88' lang='lat' dir='ltr'>est</span> <span class='ocrx_word' id='word_1_232' title='bbox 1426 1382 1460 1413; x_wconf 92' lang='lat' dir='ltr'>in</span> <span class='ocrx_word' id='word_1_233' title='bbox 1477 1382 1545 1425; x_wconf 85' lang='lat' dir='ltr'>ipsa</span> <span class='ocrx_word' id='word_1_234' title='bbox 1561 1381 1755 1413; x_wconf 70' lang='lat' dir='ltr'>mortalitate</span> 
     </span>
     <span class='ocr_line' id='line_1_20' title="bbox 167 1438 1756 1484; baseline -0.001 -13"><span class='ocrx_word' id='word_1_235' title='bbox 167 1439 316 1479; x_wconf 85' lang='lat' dir='ltr'>societas,</span> <span class='ocrx_word' id='word_1_236' title='bbox 334 1450 449 1472; x_wconf 89' lang='lat' dir='ltr'>verum</span> <span class='ocrx_word' id='word_1_237' title='bbox 466 1439 562 1472; x_wconf 88' lang='lat' dir='ltr'>etiam</span> <span class='ocrx_word' id='word_1_238' title='bbox 583 1440 782 1472; x_wconf 85' lang='lat' dir='ltr'>infirmitatis</span> <span class='ocrx_word' id='word_1_239' title='bbox 804 1440 945 1472; x_wconf 88' lang='lat' dir='ltr'>invicem</span> <span class='ocrx_word' id='word_1_240' title='bbox 966 1440 1180 1484; x_wconf 59' lang='lat' dir='ltr'>excipiendae,</span> <span class='ocrx_word' id='word_1_241' title='bbox 1197 1440 1238 1471; x_wconf 85' lang='lat' dir='ltr'>ad</span> <span class='ocrx_word' id='word_1_242' title='bbox 1260 1439 1389 1471; x_wconf 85' lang='lat' dir='ltr'>illicitos</span> <span class='ocrx_word' id='word_1_243' title='bbox 1403 1439 1594 1472; x_wconf 82' lang='lat' dir='ltr'>concubitus</span> <span class='ocrx_word' id='word_1_244' title='bbox 1609 1438 1756 1471; x_wconf 88' lang='lat' dir='ltr'>devitan-</span> 
     </span>
     <span class='ocr_line' id='line_1_21' title="bbox 166 1495 1755 1540; baseline -0.001 -11"><span class='ocrx_word' id='word_1_245' title='bbox 166 1497 239 1539; x_wconf 93' lang='lat' dir='ltr'>dos,</span> <span class='ocrx_word' id='word_1_246' title='bbox 257 1500 408 1529; x_wconf 85' lang='lat' dir='ltr'>mutuam</span> <span class='ocrx_word' id='word_1_247' title='bbox 430 1496 572 1540; x_wconf 78' lang='lat' dir='ltr'>quodam</span> <span class='ocrx_word' id='word_1_248' title='bbox 598 1497 693 1529; x_wconf 89' lang='lat' dir='ltr'>modo</span> <span class='ocrx_word' id='word_1_249' title='bbox 717 1498 907 1529; x_wconf 81' lang='lat' dir='ltr'>servitutem</span> <span class='ocrx_word' id='word_1_250' title='bbox 927 1510 933 1529; x_wconf 91' lang='lat'>:</span> <span class='ocrx_word' id='word_1_251' title='bbox 951 1502 987 1530; x_wconf 92' lang='lat' dir='ltr'>ut</span> <span class='ocrx_word' id='word_1_252' title='bbox 1003 1497 1061 1529; x_wconf 89' lang='lat' dir='ltr'>etsi</span> <span class='ocrx_word' id='word_1_253' title='bbox 1076 1497 1169 1529; x_wconf 82' lang='lat' dir='ltr'>alteri</span> <span class='ocrx_word' id='word_1_254' title='bbox 1185 1508 1298 1529; x_wconf 84' lang='lat' dir='ltr'>eorum</span> <span class='ocrx_word' id='word_1_255' title='bbox 1315 1497 1515 1529; x_wconf 74' lang='lat' dir='ltr'>continentia</span> <span class='ocrx_word' id='word_1_256' title='bbox 1530 1497 1654 1540; x_wconf 78' lang='lat' dir='ltr'>placeat</span> <span class='ocrx_word' id='word_1_257' title='bbox 1667 1522 1675 1538; x_wconf 85' lang='lat'>,</span> <span class='ocrx_word' id='word_1_258' title='bbox 1693 1495 1755 1528; x_wconf 87' lang='lat' dir='ltr'>nisi</span> 
     </span>
     <span class='ocr_line' id='line_1_22' title="bbox 167 1554 1753 1598; baseline 0 -12"><span class='ocrx_word' id='word_1_259' title='bbox 167 1565 204 1587; x_wconf 81' lang='lat' dir='ltr'>ex</span> <span class='ocrx_word' id='word_1_260' title='bbox 229 1554 364 1587; x_wconf 87' lang='lat' dir='ltr'>alterius</span> <span class='ocrx_word' id='word_1_261' title='bbox 390 1565 549 1587; x_wconf 87' lang='lat' dir='ltr'>consensu</span> <span class='ocrx_word' id='word_1_262' title='bbox 572 1565 638 1587; x_wconf 89' lang='lat' dir='ltr'>non</span> <span class='ocrx_word' id='word_1_263' title='bbox 663 1555 772 1598; x_wconf 78' lang='lat' dir='ltr'>possit.</span> <span class='ocrx_word' id='word_1_264' title='bbox 797 1555 846 1587; x_wconf 81' lang='lat' dir='ltr'>Ad</span> <span class='ocrx_word' id='word_1_265' title='bbox 867 1555 926 1587; x_wconf 90' lang='lat' dir='ltr'>hoc</span> <span class='ocrx_word' id='word_1_266' title='bbox 946 1556 1034 1588; x_wconf 90' lang='lat' dir='ltr'>enim</span> <span class='ocrx_word' id='word_1_267' title='bbox 1058 1559 1173 1587; x_wconf 79' lang='lat' dir='ltr'>neuter</span> <span class='ocrx_word' id='word_1_268' title='bbox 1195 1554 1292 1587; x_wconf 84' lang='lat' dir='ltr'>habet</span> <span class='ocrx_word' id='word_1_269' title='bbox 1311 1558 1500 1598; x_wconf 84' lang='lat' dir='ltr'>potestatem</span> <span class='ocrx_word' id='word_1_270' title='bbox 1517 1555 1566 1586; x_wconf 88' lang='lat' dir='ltr'>sui</span> <span class='ocrx_word' id='word_1_271' title='bbox 1585 1554 1728 1598; x_wconf 88' lang='lat' dir='ltr'>corporis</span> <span class='ocrx_word' id='word_1_272' title='bbox 1747 1565 1753 1585; x_wconf 94' lang='lat'><strong>:</strong></span> 
     </span>
     <span class='ocr_line' id='line_1_23' title="bbox 167 1611 1758 1657; baseline -0.001 -12"><span class='ocrx_word' id='word_1_273' title='bbox 167 1612 255 1657; x_wconf 87' lang='lat' dir='ltr'>quod</span> <span class='ocrx_word' id='word_1_274' title='bbox 269 1612 348 1645; x_wconf 86' lang='lat' dir='ltr'>adeo</span> <span class='ocrx_word' id='word_1_275' title='bbox 362 1623 477 1645; x_wconf 88' lang='lat' dir='ltr'>verum</span> <span class='ocrx_word' id='word_1_276' title='bbox 493 1618 556 1653; x_wconf 81' lang='lat' dir='ltr'>est,</span> <span class='ocrx_word' id='word_1_277' title='bbox 573 1616 609 1645; x_wconf 92' lang='lat' dir='ltr'>ut</span> <span class='ocrx_word' id='word_1_278' title='bbox 631 1613 728 1645; x_wconf 84' lang='lat' dir='ltr'>etiam</span> <span class='ocrx_word' id='word_1_279' title='bbox 750 1613 838 1657; x_wconf 85' lang='lat' dir='ltr'>quod</span> <span class='ocrx_word' id='word_1_280' title='bbox 864 1624 930 1645; x_wconf 90' lang='lat' dir='ltr'>non</span> <span class='ocrx_word' id='word_1_281' title='bbox 949 1613 1095 1645; x_wconf 81' lang='lat' dir='ltr'>filiorum</span> <span class='ocrx_word' id='word_1_282' title='bbox 1120 1612 1396 1656; x_wconf 82' lang='lat' dir='ltr'>procreandorum</span> <span class='ocrx_word' id='word_1_283' title='bbox 1410 1638 1417 1652; x_wconf 92' lang='lat'>,</span> <span class='ocrx_word' id='word_1_284' title='bbox 1435 1612 1490 1644; x_wconf 79' lang='lat' dir='ltr'>sed</span> <span class='ocrx_word' id='word_1_285' title='bbox 1513 1611 1714 1644; x_wconf 82' lang='lat' dir='ltr'>infirmitatis</span> <span class='ocrx_word' id='word_1_286' title='bbox 1727 1615 1758 1644; x_wconf 84' lang='lat' dir='ltr'>et</span> 
     </span>
     <span class='ocr_line' id='line_1_24' title="bbox 167 1670 1755 1714; baseline -0.001 -12"><span class='ocrx_word' id='word_1_287' title='bbox 167 1670 376 1703; x_wconf 66' lang='lat' dir='ltr'>continentiae</span> <span class='ocrx_word' id='word_1_288' title='bbox 391 1681 487 1703; x_wconf 88' lang='lat' dir='ltr'>causa</span> <span class='ocrx_word' id='word_1_289' title='bbox 501 1671 635 1714; x_wconf 85' lang='lat' dir='ltr'>expetit,</span> <span class='ocrx_word' id='word_1_290' title='bbox 652 1671 703 1703; x_wconf 87' lang='lat' dir='ltr'>vel</span> <span class='ocrx_word' id='word_1_291' title='bbox 725 1671 781 1703; x_wconf 88' lang='lat' dir='ltr'>ille</span> <span class='ocrx_word' id='word_1_292' title='bbox 797 1671 835 1703; x_wconf 89' lang='lat' dir='ltr'>de</span> <span class='ocrx_word' id='word_1_293' title='bbox 852 1670 1078 1711; x_wconf 87' lang='lat' dir='ltr'>matrimonio,</span> <span class='ocrx_word' id='word_1_294' title='bbox 1096 1671 1147 1703; x_wconf 91' lang='lat' dir='ltr'>vel</span> <span class='ocrx_word' id='word_1_295' title='bbox 1166 1670 1238 1711; x_wconf 82' lang='lat' dir='ltr'>illa,</span> <span class='ocrx_word' id='word_1_296' title='bbox 1257 1681 1322 1702; x_wconf 90' lang='lat' dir='ltr'>non</span> <span class='ocrx_word' id='word_1_297' title='bbox 1337 1670 1397 1702; x_wconf 88' lang='lat' dir='ltr'>sibi</span> <span class='ocrx_word' id='word_1_298' title='bbox 1413 1670 1609 1702; x_wconf 84' lang='lat' dir='ltr'>alterutrum</span> <span class='ocrx_word' id='word_1_299' title='bbox 1624 1673 1755 1712; x_wconf 82' lang='lat' dir='ltr'>negent,</span> 
     </span>
     <span class='ocr_line' id='line_1_25' title="bbox 168 1726 1758 1772; baseline -0.002 -11"><span class='ocrx_word' id='word_1_300' title='bbox 168 1739 208 1761; x_wconf 90' lang='lat' dir='ltr'>ne</span> <span class='ocrx_word' id='word_1_301' title='bbox 229 1739 286 1771; x_wconf 88' lang='lat' dir='ltr'>per</span> <span class='ocrx_word' id='word_1_302' title='bbox 310 1728 369 1760; x_wconf 90' lang='lat' dir='ltr'>hoc</span> <span class='ocrx_word' id='word_1_303' title='bbox 383 1728 528 1760; x_wconf 78' lang='lat' dir='ltr'>incidant</span> <span class='ocrx_word' id='word_1_304' title='bbox 543 1728 577 1760; x_wconf 89' lang='lat' dir='ltr'>in</span> <span class='ocrx_word' id='word_1_305' title='bbox 597 1728 798 1761; x_wconf 82' lang='lat' dir='ltr'>damnabiles</span> <span class='ocrx_word' id='word_1_306' title='bbox 820 1729 1032 1772; x_wconf 82' lang='lat' dir='ltr'>corruptelas.</span> <span class='ocrx_word' id='word_1_307' title='bbox 1050 1728 1198 1761; x_wconf 82' lang='lat' dir='ltr'>Reddere</span> <span class='ocrx_word' id='word_1_308' title='bbox 1222 1728 1308 1760; x_wconf 89' lang='lat' dir='ltr'>enim</span> <span class='ocrx_word' id='word_1_309' title='bbox 1329 1727 1477 1759; x_wconf 85' lang='lat' dir='ltr'>debitum</span> <span class='ocrx_word' id='word_1_310' title='bbox 1496 1727 1668 1770; x_wconf 84' lang='lat' dir='ltr'>conjugale</span> <span class='ocrx_word' id='word_1_311' title='bbox 1683 1726 1758 1758; x_wconf 90' lang='lat' dir='ltr'>nul-</span> 
     </span>
     <span class='ocr_line' id='line_1_26' title="bbox 169 1784 1759 1829; baseline -0.001 -12"><span class='ocrx_word' id='word_1_312' title='bbox 169 1785 232 1817; x_wconf 91' lang='lat' dir='ltr'>lius</span> <span class='ocrx_word' id='word_1_313' title='bbox 247 1789 293 1818; x_wconf 92' lang='lat' dir='ltr'>est</span> <span class='ocrx_word' id='word_1_314' title='bbox 307 1785 453 1818; x_wconf 87' lang='lat' dir='ltr'>criminis</span> <span class='ocrx_word' id='word_1_315' title='bbox 469 1798 475 1817; x_wconf 92' lang='lat'>:</span> <span class='ocrx_word' id='word_1_316' title='bbox 497 1786 626 1829; x_wconf 77' lang='lat' dir='ltr'>exigere</span> <span class='ocrx_word' id='word_1_317' title='bbox 642 1790 752 1819; x_wconf 86' lang='lat' dir='ltr'>autem</span> <span class='ocrx_word' id='word_1_318' title='bbox 773 1787 859 1819; x_wconf 82' lang='lat' dir='ltr'>ultra</span> <span class='ocrx_word' id='word_1_319' title='bbox 874 1787 1053 1829; x_wconf 71' lang='lat' dir='ltr'>generandi</span> <span class='ocrx_word' id='word_1_320' title='bbox 1069 1787 1293 1818; x_wconf 66' lang='lat' dir='ltr'>necessitatem</span> <span class='ocrx_word' id='word_1_321' title='bbox 1308 1786 1405 1829; x_wconf 85' lang='lat' dir='ltr'>culpa</span> <span class='ocrx_word' id='word_1_322' title='bbox 1420 1789 1467 1817; x_wconf 91' lang='lat' dir='ltr'>est</span> <span class='ocrx_word' id='word_1_323' title='bbox 1482 1785 1616 1818; x_wconf 80' lang='lat' dir='ltr'>venialis</span> <span class='ocrx_word' id='word_1_324' title='bbox 1634 1797 1640 1816; x_wconf 87' lang='grc'>;</span> <span class='ocrx_word' id='word_1_325' title='bbox 1657 1784 1759 1817; x_wconf 87' lang='lat' dir='ltr'>forni-</span> 
     </span>
     <span class='ocr_line' id='line_1_27' title="bbox 168 1843 974 1887; baseline 0.001 -12"><span class='ocrx_word' id='word_1_326' title='bbox 168 1843 233 1875; x_wconf 88' lang='lat' dir='ltr'>cari</span> <span class='ocrx_word' id='word_1_327' title='bbox 247 1854 325 1876; x_wconf 85' lang='lat' dir='ltr'>vero</span> <span class='ocrx_word' id='word_1_328' title='bbox 340 1843 391 1875; x_wconf 93' lang='lat' dir='ltr'>vel</span> <span class='ocrx_word' id='word_1_329' title='bbox 409 1843 563 1876; x_wconf 72' lang='lat' dir='ltr'>moechari</span> <span class='ocrx_word' id='word_1_330' title='bbox 580 1844 739 1887; x_wconf 90' lang='lat' dir='ltr'>puniendi</span> <span class='ocrx_word' id='word_1_331' title='bbox 755 1848 802 1876; x_wconf 87' lang='lat' dir='ltr'>est</span> <span class='ocrx_word' id='word_1_332' title='bbox 816 1844 974 1876; x_wconf 89' lang='lat' dir='ltr'>criminis.</span> 
     </span>
    </p>

    <p class='ocr_par' dir='ltr' id='par_1_7' title="bbox 212 1898 1858 1945">
     <span class='ocr_line' id='line_1_28' title="bbox 212 1898 1858 1945; baseline -0.001 -12"><span class='ocrx_word' id='word_1_333' title='bbox 212 1900 306 1939; x_wconf 85' lang='lat' dir='ltr'>Quod</span> <span class='ocrx_word' id='word_1_334' title='bbox 323 1911 398 1933; x_wconf 86' lang='lat' dir='ltr'>vero</span> <span class='ocrx_word' id='word_1_335' title='bbox 413 1901 481 1933; x_wconf 87' lang='lat' dir='ltr'>sine</span> <span class='ocrx_word' id='word_1_336' title='bbox 497 1912 653 1933; x_wconf 86' lang='lat' dir='ltr'>consensu</span> <span class='ocrx_word' id='word_1_337' title='bbox 678 1901 789 1933; x_wconf 68' lang='lat' dir='ltr'>uxoris</span> <span class='ocrx_word' id='word_1_338' title='bbox 805 1901 854 1933; x_wconf 91' lang='lat' dir='ltr'>vir</span> <span class='ocrx_word' id='word_1_339' title='bbox 874 1901 1039 1934; x_wconf 86' lang='lat' dir='ltr'>continere</span> <span class='ocrx_word' id='word_1_340' title='bbox 1063 1913 1129 1933; x_wconf 90' lang='lat' dir='ltr'>non</span> <span class='ocrx_word' id='word_1_341' title='bbox 1146 1902 1268 1942; x_wconf 74' lang='lat' dir='ltr'>valeat,</span> <span class='ocrx_word' id='word_1_342' title='bbox 1287 1901 1425 1934; x_wconf 89' lang='lat' dir='ltr'>subditis</span> <span class='ocrx_word' id='word_1_343' title='bbox 1446 1901 1604 1945; x_wconf 85' lang='lat' dir='ltr'>probatur</span> <span class='ocrx_word' id='word_1_344' title='bbox 1617 1901 1760 1933; x_wconf 85' lang='lat' dir='ltr'>testimo-</span> <span class='ocrx_word' id='word_1_345' title='bbox 1797 1898 1858 1922; x_wconf 69' lang='lat'>0⁰⁰⁶</span> 
     </span>
    </p>
   </div>
   <div class='ocr_carea' id='block_1_7' title="bbox 169 1934 1870 2003">
    <p class='ocr_par' dir='ltr' id='par_1_8' title="bbox 169 1934 1870 2003">
     <span class='ocr_line' id='line_1_29' title="bbox 1795 1934 1869 1952; baseline 0 -1"><span class='ocrx_word' id='word_1_346' title='bbox 1795 1934 1869 1952; x_wconf 77' lang='lat' dir='ltr'>neuter</span> 
     </span>
     <span class='ocr_line' id='line_1_30' title="bbox 169 1957 1870 2003; baseline 0 -14"><span class='ocrx_word' id='word_1_347' title='bbox 169 1958 242 1990; x_wconf 91' lang='lat' dir='ltr'>niis.</span> <span class='ocrx_word' id='word_1_348' title='bbox 260 1957 315 1990; x_wconf 92' lang='lat' dir='ltr'>Ait</span> <span class='ocrx_word' id='word_1_349' title='bbox 337 1958 424 1990; x_wconf 81' lang='lat' dir='ltr'>enim</span> <span class='ocrx_word' id='word_1_350' title='bbox 448 1959 655 2001; x_wconf 82' lang='lat' dir='ltr'>Augustinus</span> <span class='ocrx_word' id='word_1_351' title='bbox 670 1959 702 1990; x_wconf 86' lang='lat'>⁵:</span> <span class='ocrx_word' id='word_1_352' title='bbox 724 1972 740 1990; x_wconf 72' lang='grc' dir='ltr'>α</span> <span class='ocrx_word' id='word_1_353' title='bbox 765 1958 800 1991; x_wconf 83' lang='lat' dir='ltr'>Si</span> <span class='ocrx_word' id='word_1_354' title='bbox 825 1958 909 1991; x_wconf 86' lang='lat' dir='ltr'>dicat</span> <span class='ocrx_word' id='word_1_355' title='bbox 934 1959 985 1991; x_wconf 85' lang='lat' dir='ltr'>vir</span> <span class='ocrx_word' id='word_1_356' title='bbox 1007 1971 1014 1991; x_wconf 75' lang='grc' dir='ltr'><strong><em>ε</em></strong></span> <span class='ocrx_word' id='word_1_357' title='bbox 1034 1959 1210 1992; x_wconf 74' lang='lat' dir='ltr'>Continere</span> <span class='ocrx_word' id='word_1_358' title='bbox 1227 1960 1305 2003; x_wconf 77' lang='lat' dir='ltr'>jam</span> <span class='ocrx_word' id='word_1_359' title='bbox 1329 1959 1399 1991; x_wconf 85' lang='lat' dir='ltr'>volo</span> <span class='ocrx_word' id='word_1_360' title='bbox 1411 1970 1424 1999; x_wconf 89' lang='lat'>,·</span> <span class='ocrx_word' id='word_1_361' title='bbox 1446 1959 1530 1993; x_wconf 87' lang='lat' dir='ltr'>Nolo</span> <span class='ocrx_word' id='word_1_362' title='bbox 1551 1962 1660 1990; x_wconf 86' lang='lat' dir='ltr'>autem</span> <span class='ocrx_word' id='word_1_363' title='bbox 1683 1958 1761 1990; x_wconf 83' lang='lat' dir='ltr'>dicit</span> <span class='ocrx_word' id='word_1_364' title='bbox 1794 1962 1870 1985; x_wconf 56' lang='lat' dir='ltr'>valeat-</span> 
     </span>
    </p>
   </div>
   <div class='ocr_carea' id='block_1_8' title="bbox 170 1999 1886 2464">
    <p class='ocr_par' dir='ltr' id='par_1_9' title="bbox 170 1999 1886 2464">
     <span class='ocr_line' id='line_1_31' title="bbox 171 1999 1886 2061; baseline -0.001 -13"><span class='ocrx_word' id='word_1_365' title='bbox 171 2026 273 2056; x_wconf 77' lang='lat' dir='ltr'>uxor3</span> <span class='ocrx_word' id='word_1_366' title='bbox 291 2027 357 2048; x_wconf 91' lang='lat' dir='ltr'>non</span> <span class='ocrx_word' id='word_1_367' title='bbox 382 2020 486 2059; x_wconf 87' lang='lat' dir='ltr'>potest</span> <span class='ocrx_word' id='word_1_368' title='bbox 504 2017 559 2059; x_wconf 76' lang='lat' dir='ltr'>(a).</span> <span class='ocrx_word' id='word_1_369' title='bbox 577 2016 670 2055; x_wconf 86' lang='lat' dir='ltr'>Quod</span> <span class='ocrx_word' id='word_1_370' title='bbox 697 2016 787 2049; x_wconf 87' lang='lat' dir='ltr'>enim</span> <span class='ocrx_word' id='word_1_371' title='bbox 806 2020 837 2049; x_wconf 88' lang='lat' dir='ltr'>tu</span> <span class='ocrx_word' id='word_1_372' title='bbox 856 2015 903 2049; x_wconf 88' lang='lat' dir='ltr'>vis</span> <span class='ocrx_word' id='word_1_373' title='bbox 927 2043 934 2057; x_wconf 92' lang='lat'>‚</span> <span class='ocrx_word' id='word_1_374' title='bbox 953 2017 1010 2050; x_wconf 88' lang='lat' dir='ltr'>illa</span> <span class='ocrx_word' id='word_1_375' title='bbox 1026 2029 1091 2050; x_wconf 93' lang='lat' dir='ltr'>non</span> <span class='ocrx_word' id='word_1_376' title='bbox 1108 2018 1180 2050; x_wconf 90' lang='lat' dir='ltr'>vult</span> <span class='ocrx_word' id='word_1_377' title='bbox 1195 2017 1248 2060; x_wconf 71' lang='lat' dir='ltr'>(b).</span> <span class='ocrx_word' id='word_1_378' title='bbox 1264 2016 1437 2061; x_wconf 82' lang='lat' dir='ltr'>Numquid</span> <span class='ocrx_word' id='word_1_379' title='bbox 1454 2028 1510 2060; x_wconf 88' lang='lat' dir='ltr'>per</span> <span class='ocrx_word' id='word_1_380' title='bbox 1525 2015 1760 2049; x_wconf 83' lang='lat' dir='ltr'>continentiam</span> <span class='ocrx_word' id='word_1_381' title='bbox 1780 1999 1886 2043; x_wconf 47' lang='lat' dir='ltr'>ciiiilmffini</span> 
     </span>
     <span class='ocr_line' id='line_1_32' title="bbox 171 2062 1879 2119; baseline 0.002 -15"><span class='ocrx_word' id='word_1_382' title='bbox 171 2077 259 2105; x_wconf 87' lang='lat' dir='ltr'>tuam</span> <span class='ocrx_word' id='word_1_383' title='bbox 276 2073 332 2105; x_wconf 87' lang='lat' dir='ltr'>illa</span> <span class='ocrx_word' id='word_1_384' title='bbox 349 2073 444 2105; x_wconf 88' lang='lat' dir='ltr'>debet</span> <span class='ocrx_word' id='word_1_385' title='bbox 458 2072 529 2105; x_wconf 83' lang='lat' dir='ltr'>fieri</span> <span class='ocrx_word' id='word_1_386' title='bbox 545 2073 741 2106; x_wconf 71' lang='lat' dir='ltr'>fornicaria?</span> <span class='ocrx_word' id='word_1_387' title='bbox 764 2074 799 2106; x_wconf 86' lang='lat' dir='ltr'>Si</span> <span class='ocrx_word' id='word_1_388' title='bbox 821 2074 876 2106; x_wconf 84' lang='lat' dir='ltr'>alii</span> <span class='ocrx_word' id='word_1_389' title='bbox 902 2075 1047 2119; x_wconf 87' lang='lat' dir='ltr'>nupserit</span> <span class='ocrx_word' id='word_1_390' title='bbox 1074 2079 1102 2107; x_wconf 86' lang='lat' dir='ltr'>te</span> <span class='ocrx_word' id='word_1_391' title='bbox 1126 2075 1217 2116; x_wconf 85' lang='lat' dir='ltr'>vivo,</span> <span class='ocrx_word' id='word_1_392' title='bbox 1242 2074 1390 2107; x_wconf 81' lang='lat' dir='ltr'>adultera</span> <span class='ocrx_word' id='word_1_393' title='bbox 1412 2074 1484 2106; x_wconf 88' lang='lat' dir='ltr'>erit.</span> <span class='ocrx_word' id='word_1_394' title='bbox 1510 2073 1583 2106; x_wconf 90' lang='lat' dir='ltr'>Non</span> <span class='ocrx_word' id='word_1_395' title='bbox 1609 2073 1682 2105; x_wconf 85' lang='lat' dir='ltr'>vult</span> <span class='ocrx_word' id='word_1_396' title='bbox 1705 2073 1761 2105; x_wconf 85' lang='lat' dir='ltr'>tali</span> <span class='ocrx_word' id='word_1_397' title='bbox 1790 2062 1879 2107; x_wconf 45' lang='lat' dir='ltr'>coffisseu‘</span> 
     </span>
     <span class='ocr_line' id='line_1_33' title="bbox 170 2130 1761 2176; baseline 0 -14"><span class='ocrx_word' id='word_1_398' title='bbox 170 2131 260 2164; x_wconf 87' lang='lat' dir='ltr'>lucro</span> <span class='ocrx_word' id='word_1_399' title='bbox 272 2131 359 2164; x_wconf 87' lang='lat' dir='ltr'>Deus</span> <span class='ocrx_word' id='word_1_400' title='bbox 374 2131 437 2164; x_wconf 88' lang='lat' dir='ltr'>tale</span> <span class='ocrx_word' id='word_1_401' title='bbox 452 2131 611 2164; x_wconf 85' lang='lat' dir='ltr'>damnum</span> <span class='ocrx_word' id='word_1_402' title='bbox 636 2133 839 2176; x_wconf 87' lang='lat' dir='ltr'>compensari</span> <span class='ocrx_word' id='word_1_403' title='bbox 858 2134 909 2175; x_wconf 71' lang='lat' dir='ltr'>(c).</span> <span class='ocrx_word' id='word_1_404' title='bbox 929 2133 1040 2165; x_wconf 82' lang='lat' dir='ltr'>Redde</span> <span class='ocrx_word' id='word_1_405' title='bbox 1055 2133 1221 2174; x_wconf 88' lang='lat' dir='ltr'>debitum,</span> <span class='ocrx_word' id='word_1_406' title='bbox 1240 2136 1270 2164; x_wconf 88' lang='lat' dir='ltr'>et</span> <span class='ocrx_word' id='word_1_407' title='bbox 1293 2133 1320 2164; x_wconf 89' lang='lat' dir='ltr'>si</span> <span class='ocrx_word' id='word_1_408' title='bbox 1342 2143 1407 2164; x_wconf 92' lang='lat' dir='ltr'>non</span> <span class='ocrx_word' id='word_1_409' title='bbox 1432 2131 1552 2175; x_wconf 73' lang='lat' dir='ltr'>exigis,</span> <span class='ocrx_word' id='word_1_410' title='bbox 1570 2131 1677 2164; x_wconf 85' lang='lat' dir='ltr'>redde.</span> <span class='ocrx_word' id='word_1_411' title='bbox 1698 2130 1761 2163; x_wconf 90' lang='lat' dir='ltr'>Pro</span> 
     </span>
     <span class='ocr_line' id='line_1_34' title="bbox 170 2188 1761 2234; baseline 0 -14"><span class='ocrx_word' id='word_1_412' title='bbox 170 2188 423 2221; x_wconf 85' lang='lat' dir='ltr'>sanctificatione</span> <span class='ocrx_word' id='word_1_413' title='bbox 447 2189 589 2232; x_wconf 82' lang='lat' dir='ltr'>perfecta</span> <span class='ocrx_word' id='word_1_414' title='bbox 606 2189 693 2221; x_wconf 88' lang='lat' dir='ltr'>Deus</span> <span class='ocrx_word' id='word_1_415' title='bbox 719 2189 777 2222; x_wconf 89' lang='lat' dir='ltr'>tibi</span> <span class='ocrx_word' id='word_1_416' title='bbox 800 2190 1019 2234; x_wconf 85' lang='lat' dir='ltr'>computabit,</span> <span class='ocrx_word' id='word_1_417' title='bbox 1037 2190 1063 2222; x_wconf 84' lang='lat' dir='ltr'>si</span> <span class='ocrx_word' id='word_1_418' title='bbox 1080 2201 1146 2223; x_wconf 91' lang='lat' dir='ltr'>non</span> <span class='ocrx_word' id='word_1_419' title='bbox 1168 2190 1255 2234; x_wconf 88' lang='lat' dir='ltr'>quod</span> <span class='ocrx_word' id='word_1_420' title='bbox 1274 2190 1331 2223; x_wconf 92' lang='lat' dir='ltr'>tibi</span> <span class='ocrx_word' id='word_1_421' title='bbox 1354 2190 1491 2222; x_wconf 87' lang='lat' dir='ltr'>debetur</span> <span class='ocrx_word' id='word_1_422' title='bbox 1506 2189 1550 2234; x_wconf 83' lang='lat' dir='ltr'>(cl)</span> <span class='ocrx_word' id='word_1_423' title='bbox 1568 2189 1689 2232; x_wconf 81' lang='lat' dir='ltr'>exigis,</span> <span class='ocrx_word' id='word_1_424' title='bbox 1706 2188 1761 2221; x_wconf 92' lang='lat' dir='ltr'>sed</span> 
     </span>
     <span class='ocr_line' id='line_1_35' title="bbox 172 2245 1762 2291; baseline 0 -13"><span class='ocrx_word' id='word_1_425' title='bbox 172 2245 279 2278; x_wconf 85' lang='lat' dir='ltr'>reddis</span> <span class='ocrx_word' id='word_1_426' title='bbox 293 2246 381 2290; x_wconf 86' lang='lat' dir='ltr'>quod</span> <span class='ocrx_word' id='word_1_427' title='bbox 397 2246 493 2279; x_wconf 85' lang='lat' dir='ltr'>debes</span> <span class='ocrx_word' id='word_1_428' title='bbox 511 2247 545 2289; x_wconf 76' lang='lat' dir='ltr'>(e)</span> <span class='ocrx_word' id='word_1_429' title='bbox 565 2247 668 2280; x_wconf 86' lang='lat' dir='ltr'>uxori.</span> <span class='ocrx_word' id='word_1_430' title='bbox 690 2260 706 2277; x_wconf 55' lang='grc' dir='ltr'>ν)</span> <span class='ocrx_word' id='word_1_431' title='bbox 720 2247 808 2279; x_wconf 84' lang='lat' dir='ltr'>Idem</span> <span class='ocrx_word' id='word_1_432' title='bbox 825 2259 831 2278; x_wconf 76' lang='lat' dir='ltr'>z</span> <span class='ocrx_word' id='word_1_433' title='bbox 856 2261 871 2279; x_wconf 85' lang='lat'>«</span> <span class='ocrx_word' id='word_1_434' title='bbox 891 2247 1078 2280; x_wconf 86' lang='lat' dir='ltr'>Secundum</span> <span class='ocrx_word' id='word_1_435' title='bbox 1101 2248 1200 2280; x_wconf 86' lang='lat' dir='ltr'>verba</span> <span class='ocrx_word' id='word_1_436' title='bbox 1226 2247 1418 2291; x_wconf 80' lang='lat' dir='ltr'>apostolica,</span> <span class='ocrx_word' id='word_1_437' title='bbox 1436 2247 1562 2279; x_wconf 82' lang='lat' dir='ltr'>etiamsi</span> <span class='ocrx_word' id='word_1_438' title='bbox 1588 2246 1638 2279; x_wconf 87' lang='lat' dir='ltr'>vir</span> <span class='ocrx_word' id='word_1_439' title='bbox 1660 2246 1762 2279; x_wconf 86' lang='lat' dir='ltr'>conti-</span> 
     </span>
     <span class='ocr_line' id='line_1_36' title="bbox 173 2304 1761 2348; baseline 0 -12"><span class='ocrx_word' id='word_1_440' title='bbox 173 2314 249 2336; x_wconf 90' lang='lat' dir='ltr'>nere</span> <span class='ocrx_word' id='word_1_441' title='bbox 265 2304 439 2345; x_wconf 88' lang='lat' dir='ltr'>voluisset,</span> <span class='ocrx_word' id='word_1_442' title='bbox 458 2308 488 2337; x_wconf 89' lang='lat' dir='ltr'>et</span> <span class='ocrx_word' id='word_1_443' title='bbox 504 2308 538 2337; x_wconf 90' lang='lat' dir='ltr'>tu</span> <span class='ocrx_word' id='word_1_444' title='bbox 556 2305 734 2346; x_wconf 83' lang='lat' dir='ltr'>noluisses,</span> <span class='ocrx_word' id='word_1_445' title='bbox 750 2305 897 2338; x_wconf 86' lang='lat' dir='ltr'>debitum</span> <span class='ocrx_word' id='word_1_446' title='bbox 914 2305 973 2338; x_wconf 89' lang='lat' dir='ltr'>tibi</span> <span class='ocrx_word' id='word_1_447' title='bbox 990 2305 1124 2338; x_wconf 81' lang='lat' dir='ltr'>reddere</span> <span class='ocrx_word' id='word_1_448' title='bbox 1141 2309 1329 2347; x_wconf 80' lang='lat' dir='ltr'>cogeretur,</span> <span class='ocrx_word' id='word_1_449' title='bbox 1347 2309 1377 2337; x_wconf 88' lang='lat' dir='ltr'>et</span> <span class='ocrx_word' id='word_1_450' title='bbox 1401 2305 1451 2337; x_wconf 91' lang='lat' dir='ltr'>illi</span> <span class='ocrx_word' id='word_1_451' title='bbox 1475 2304 1561 2336; x_wconf 90' lang='lat' dir='ltr'>Deus</span> <span class='ocrx_word' id='word_1_452' title='bbox 1585 2304 1761 2348; x_wconf 86' lang='lat' dir='ltr'>imputaret</span> 
     </span>
     <span class='ocr_line' id='line_1_37' title="bbox 173 2361 1758 2403; baseline 0 -10"><span class='ocrx_word' id='word_1_453' title='bbox 173 2361 421 2402; x_wconf 86' lang='lat' dir='ltr'>continentiam,</span> <span class='ocrx_word' id='word_1_454' title='bbox 440 2362 466 2394; x_wconf 85' lang='lat' dir='ltr'>si</span> <span class='ocrx_word' id='word_1_455' title='bbox 481 2373 546 2394; x_wconf 90' lang='lat' dir='ltr'>non</span> <span class='ocrx_word' id='word_1_456' title='bbox 568 2373 654 2403; x_wconf 79' lang='lat' dir='ltr'>suae,</span> <span class='ocrx_word' id='word_1_457' title='bbox 671 2363 726 2395; x_wconf 81' lang='lat' dir='ltr'>scd</span> <span class='ocrx_word' id='word_1_458' title='bbox 743 2367 804 2396; x_wconf 79' lang='lat' dir='ltr'>tuae</span> <span class='ocrx_word' id='word_1_459' title='bbox 820 2363 1052 2396; x_wconf 86' lang='lat' dir='ltr'>concederetur</span> <span class='ocrx_word' id='word_1_460' title='bbox 1068 2363 1270 2403; x_wconf 84' lang='lat' dir='ltr'>infirmitati,</span> <span class='ocrx_word' id='word_1_461' title='bbox 1290 2374 1329 2395; x_wconf 84' lang='lat' dir='ltr'>ne</span> <span class='ocrx_word' id='word_1_462' title='bbox 1345 2363 1378 2395; x_wconf 90' lang='lat' dir='ltr'>in</span> <span class='ocrx_word' id='word_1_463' title='bbox 1393 2362 1597 2394; x_wconf 88' lang='lat' dir='ltr'>adulterium</span> <span class='ocrx_word' id='word_1_464' title='bbox 1618 2362 1758 2394; x_wconf 77' lang='lat' dir='ltr'>caderes,</span> 
     </span>
     <span class='ocr_line' id='line_1_38' title="bbox 172 2418 1759 2464; baseline 0 -14"><span class='ocrx_word' id='word_1_465' title='bbox 172 2418 326 2462; x_wconf 86' lang='lat' dir='ltr'>Quisquis</span> <span class='ocrx_word' id='word_1_466' title='bbox 340 2429 417 2462; x_wconf 83' lang='lat' dir='ltr'>ergo</span> <span class='ocrx_word' id='word_1_467' title='bbox 432 2420 630 2463; x_wconf 88' lang='lat' dir='ltr'>compatiens</span> <span class='ocrx_word' id='word_1_468' title='bbox 653 2420 837 2453; x_wconf 77' lang='lat' dir='ltr'>infirmitati</span> <span class='ocrx_word' id='word_1_469' title='bbox 862 2421 974 2453; x_wconf 83' lang='lat' dir='ltr'>uxoris</span> <span class='ocrx_word' id='word_1_470' title='bbox 990 2420 1112 2461; x_wconf 80' lang='lat' dir='ltr'>reddit,</span> <span class='ocrx_word' id='word_1_471' title='bbox 1131 2432 1196 2453; x_wconf 91' lang='lat' dir='ltr'>non</span> <span class='ocrx_word' id='word_1_472' title='bbox 1212 2420 1313 2464; x_wconf 80' lang='lat' dir='ltr'>exigit</span> <span class='ocrx_word' id='word_1_473' title='bbox 1328 2420 1492 2460; x_wconf 80' lang='lat' dir='ltr'>debitum;</span> <span class='ocrx_word' id='word_1_474' title='bbox 1511 2424 1568 2452; x_wconf 86' lang='lat' dir='ltr'>aut</span> <span class='ocrx_word' id='word_1_475' title='bbox 1581 2420 1608 2452; x_wconf 89' lang='lat' dir='ltr'>si</span> <span class='ocrx_word' id='word_1_476' title='bbox 1628 2423 1759 2464; x_wconf 88' lang='lat' dir='ltr'>propter</span> 
     </span>
    </p>
   </div>
   <div class='ocr_carea' id='block_1_9' title="bbox 171 2475 1758 2523">
    <p class='ocr_par' dir='ltr' id='par_1_10' title="bbox 171 2475 1758 2523">
     <span class='ocr_line' id='line_1_39' title="bbox 171 2475 1758 2523; baseline 0.001 -16"><span class='ocrx_word' id='word_1_477' title='bbox 171 2475 335 2519; x_wconf 83' lang='lat' dir='ltr'>propriam</span> <span class='ocrx_word' id='word_1_478' title='bbox 350 2476 576 2509; x_wconf 84' lang='lat' dir='ltr'>infirmitatem</span> <span class='ocrx_word' id='word_1_479' title='bbox 591 2477 685 2510; x_wconf 81' lang='lat' dir='ltr'>duxit</span> <span class='ocrx_word' id='word_1_480' title='bbox 706 2489 842 2510; x_wconf 83' lang='lat' dir='ltr'>uxorem</span> <span class='ocrx_word' id='word_1_481' title='bbox 857 2478 1016 2523; x_wconf 81' lang='lat' dir='ltr'>plangens</span> <span class='ocrx_word' id='word_1_482' title='bbox 1035 2478 1142 2522; x_wconf 89' lang='lat' dir='ltr'>potius</span> <span class='ocrx_word' id='word_1_483' title='bbox 1153 2504 1161 2520; x_wconf 96' lang='lat'>,</span> <span class='ocrx_word' id='word_1_484' title='bbox 1178 2478 1257 2522; x_wconf 85' lang='lat' dir='ltr'>quia</span> <span class='ocrx_word' id='word_1_485' title='bbox 1272 2478 1342 2510; x_wconf 86' lang='lat' dir='ltr'>sine</span> <span class='ocrx_word' id='word_1_486' title='bbox 1358 2489 1459 2511; x_wconf 80' lang='lat' dir='ltr'>uxore</span> <span class='ocrx_word' id='word_1_487' title='bbox 1475 2489 1542 2510; x_wconf 88' lang='lat' dir='ltr'>csse</span> <span class='ocrx_word' id='word_1_488' title='bbox 1558 2489 1624 2510; x_wconf 91' lang='lat' dir='ltr'>non</span> <span class='ocrx_word' id='word_1_489' title='bbox 1642 2477 1758 2521; x_wconf 85' lang='lat' dir='ltr'>potuit,</span> 
     </span>
    </p>
   </div>
   <div class='ocr_carea' id='block_1_10' title="bbox 171 2577 1759 2648">
    <p class='ocr_par' dir='ltr' id='par_1_11' title="bbox 171 2577 1759 2648">
     <span class='ocr_line' id='line_1_40' title="bbox 201 2577 1759 2612; baseline 0.001 -12"><span class='ocrx_word' id='word_1_490' title='bbox 201 2577 293 2607; x_wconf 76' lang='lat' dir='ltr'>¹Aug.‚</span> <span class='ocrx_word' id='word_1_491' title='bbox 307 2579 370 2600; x_wconf 77' lang='lat' dir='ltr'>cont.</span> <span class='ocrx_word' id='word_1_492' title='bbox 387 2578 518 2606; x_wconf 79' lang='lat' dir='ltr'>Faustum,</span> <span class='ocrx_word' id='word_1_493' title='bbox 534 2578 576 2602; x_wconf 86' lang='lat' dir='ltr'>lib.</span> <span class='ocrx_word' id='word_1_494' title='bbox 595 2580 671 2608; x_wconf 76' lang='lat' dir='ltr'>xxu,</span> <span class='ocrx_word' id='word_1_495' title='bbox 685 2587 707 2604; x_wconf 89' lang='lat' dir='ltr'>c.</span> <span class='ocrx_word' id='word_1_496' title='bbox 725 2586 742 2611; x_wconf 84' lang='lat'>1,</span> <span class='ocrx_word' id='word_1_497' title='bbox 757 2581 839 2611; x_wconf 82' lang='lat' dir='ltr'>quoad</span> <span class='ocrx_word' id='word_1_498' title='bbox 857 2587 976 2608; x_wconf 80' lang='lat' dir='ltr'>sensum,</span> <span class='ocrx_word' id='word_1_499' title='bbox 994 2583 1017 2605; x_wconf 82' lang='lat' dir='ltr'>ct</span> <span class='ocrx_word' id='word_1_500' title='bbox 1034 2581 1141 2605; x_wconf 81' lang='lat' dir='ltr'>habetur</span> <span class='ocrx_word' id='word_1_501' title='bbox 1155 2588 1223 2605; x_wconf 89' lang='lat' dir='ltr'>caus.</span> <span class='ocrx_word' id='word_1_502' title='bbox 1241 2586 1334 2609; x_wconf 63' lang='lat' dir='ltr'>nixu!q</span> <span class='ocrx_word' id='word_1_503' title='bbox 1351 2588 1375 2612; x_wconf 87' lang='lat' dir='ltr'>q.</span> <span class='ocrx_word' id='word_1_504' title='bbox 1388 2587 1412 2609; x_wconf 90' lang='lat' dir='ltr'>v,</span> <span class='ocrx_word' id='word_1_505' title='bbox 1428 2587 1451 2605; x_wconf 84' lang='lat' dir='ltr'>c.</span> <span class='ocrx_word' id='word_1_506' title='bbox 1467 2581 1496 2604; x_wconf 77' lang='lat' dir='ltr'>Si</span> <span class='ocrx_word' id='word_1_507' title='bbox 1510 2581 1585 2605; x_wconf 74' lang='lat' dir='ltr'>[licat.</span> <span class='ocrx_word' id='word_1_508' title='bbox 1598 2592 1625 2597; x_wconf 94' lang='lat'>-</span> <span class='ocrx_word' id='word_1_509' title='bbox 1639 2579 1647 2593; x_wconf 81' lang='lat'><em>²</em></span> <span class='ocrx_word' id='word_1_510' title='bbox 1660 2579 1759 2610; x_wconf 61' lang='lat' dir='ltr'>Ephes„</span> 
     </span>
     <span class='ocr_line' id='line_1_41' title="bbox 171 2612 1645 2648; baseline -0.001 -10"><span class='ocrx_word' id='word_1_511' title='bbox 171 2617 194 2640; x_wconf 83' lang='lat' dir='ltr'>V,</span> <span class='ocrx_word' id='word_1_512' title='bbox 212 2613 251 2636; x_wconf 81' lang='lat'>23.</span> <span class='ocrx_word' id='word_1_513' title='bbox 264 2625 293 2630; x_wconf 87' lang='lat'><em>-</em></span> <span class='ocrx_word' id='word_1_514' title='bbox 305 2612 334 2635; x_wconf 64' lang='grc' dir='ltr'>3Ι</span> <span class='ocrx_word' id='word_1_515' title='bbox 351 2612 418 2643; x_wconf 64' lang='lat' dir='ltr'>Cor„</span> <span class='ocrx_word' id='word_1_516' title='bbox 432 2619 476 2643; x_wconf 79' lang='lat' dir='ltr'>vn,</span> <span class='ocrx_word' id='word_1_517' title='bbox 495 2616 546 2638; x_wconf 79' lang='grc'>3-4.</span> <span class='ocrx_word' id='word_1_518' title='bbox 559 2626 587 2632; x_wconf 88' lang='lat'>-—</span> <span class='ocrx_word' id='word_1_519' title='bbox 603 2615 613 2631; x_wconf 76' lang='lat'><strong>⁴</strong></span> <span class='ocrx_word' id='word_1_520' title='bbox 624 2619 697 2646; x_wconf 56' lang='lat' dir='ltr'>Aug„</span> <span class='ocrx_word' id='word_1_521' title='bbox 712 2616 742 2639; x_wconf 83' lang='lat' dir='ltr'>de</span> <span class='ocrx_word' id='word_1_522' title='bbox 754 2617 814 2640; x_wconf 79' lang='lat' dir='ltr'>Bon.</span> <span class='ocrx_word' id='word_1_523' title='bbox 831 2618 949 2648; x_wconf 61' lang='lat' dir='ltr'>Consuq„</span> <span class='ocrx_word' id='word_1_524' title='bbox 963 2624 984 2640; x_wconf 87' lang='lat' dir='ltr'>c.</span> <span class='ocrx_word' id='word_1_525' title='bbox 999 2623 1022 2640; x_wconf 70' lang='lat' dir='ltr'>vt</span> <span class='ocrx_word' id='word_1_526' title='bbox 1038 2619 1062 2641; x_wconf 88' lang='lat' dir='ltr'>et</span> <span class='ocrx_word' id='word_1_527' title='bbox 1075 2623 1160 2641; x_wconf 76' lang='lat' dir='ltr'>v11.—</span> <span class='ocrx_word' id='word_1_528' title='bbox 1174 2618 1184 2634; x_wconf 81' lang='lat'>⁵</span> <span class='ocrx_word' id='word_1_529' title='bbox 1198 2617 1244 2647; x_wconf 84' lang='lat' dir='ltr'>ld.‚</span> <span class='ocrx_word' id='word_1_530' title='bbox 1260 2617 1352 2640; x_wconf 78' lang='lat' dir='ltr'>Enorr.</span> <span class='ocrx_word' id='word_1_531' title='bbox 1367 2618 1392 2640; x_wconf 81' lang='lat' dir='ltr'>in</span> <span class='ocrx_word' id='word_1_532' title='bbox 1408 2617 1447 2640; x_wconf 68' lang='lat' dir='ltr'>Ps,</span> <span class='ocrx_word' id='word_1_533' title='bbox 1463 2623 1549 2646; x_wconf 74' lang='lat' dir='ltr'>cxmx,</span> <span class='ocrx_word' id='word_1_534' title='bbox 1566 2623 1590 2639; x_wconf 89' lang='lat' dir='ltr'>n.</span> <span class='ocrx_word' id='word_1_535' title='bbox 1612 2616 1645 2638; x_wconf 65' lang='lat'>15.</span> 
     </span>
    </p>
   </div>
   <div class='ocr_carea' id='block_1_11' title="bbox 171 2664 1760 2733">
    <p class='ocr_par' dir='ltr' id='par_1_12' title="bbox 171 2664 1760 2733">
     <span class='ocr_line' id='line_1_42' title="bbox 210 2664 1760 2700; baseline 0.005 -12"><span class='ocrx_word' id='word_1_536' title='bbox 210 2674 233 2692; x_wconf 46' lang='lat' dir='ltr'>us</span> <span class='ocrx_word' id='word_1_537' title='bbox 250 2664 316 2688; x_wconf 70' lang='lat' dir='ltr'>L&#39;clz&#39;t.</span> <span class='ocrx_word' id='word_1_538' title='bbox 335 2665 421 2689; x_wconf 73' lang='lat' dir='ltr'>Bened.</span> <span class='ocrx_word' id='word_1_539' title='bbox 438 2666 501 2690; x_wconf 84' lang='lat' dir='ltr'>Nolo</span> <span class='ocrx_word' id='word_1_540' title='bbox 514 2666 566 2697; x_wconf 82' lang='lat' dir='ltr'>jam</span> <span class='ocrx_word' id='word_1_541' title='bbox 583 2674 703 2699; x_wconf 67' lang='lat' dir='ltr'>uxorem5</span> <span class='ocrx_word' id='word_1_542' title='bbox 722 2676 772 2693; x_wconf 85' lang='lat' dir='ltr'>non</span> <span class='ocrx_word' id='word_1_543' title='bbox 792 2671 905 2700; x_wconf 80' lang='lat' dir='ltr'>potes.—</span> <span class='ocrx_word' id='word_1_544' title='bbox 925 2670 960 2699; x_wconf 74' lang='lat' dir='ltr'>(b)</span> <span class='ocrx_word' id='word_1_545' title='bbox 977 2670 1041 2699; x_wconf 83' lang='lat' dir='ltr'>Quid</span> <span class='ocrx_word' id='word_1_546' title='bbox 1058 2670 1078 2694; x_wconf 73' lang='lat' dir='ltr'>si</span> <span class='ocrx_word' id='word_1_547' title='bbox 1093 2672 1119 2694; x_wconf 89' lang='lat' dir='ltr'>tu</span> <span class='ocrx_word' id='word_1_548' title='bbox 1136 2671 1181 2699; x_wconf 68' lang='lat' dir='ltr'>viS,</span> <span class='ocrx_word' id='word_1_549' title='bbox 1195 2673 1219 2694; x_wconf 83' lang='lat' dir='ltr'>et</span> <span class='ocrx_word' id='word_1_550' title='bbox 1236 2671 1276 2694; x_wconf 80' lang='lat' dir='ltr'>illa</span> <span class='ocrx_word' id='word_1_551' title='bbox 1289 2677 1340 2694; x_wconf 88' lang='lat' dir='ltr'>non</span> <span class='ocrx_word' id='word_1_552' title='bbox 1358 2670 1433 2694; x_wconf 81' lang='lat' dir='ltr'>vult‘?</span> <span class='ocrx_word' id='word_1_553' title='bbox 1445 2683 1472 2687; x_wconf 97' lang='lat'><strong>—</strong></span> <span class='ocrx_word' id='word_1_554' title='bbox 1489 2670 1518 2699; x_wconf 74' lang='lat' dir='ltr'>(c)</span> <span class='ocrx_word' id='word_1_555' title='bbox 1536 2669 1715 2698; x_wconf 67' lang='lat' dir='ltr'>Compensare-</span> <span class='ocrx_word' id='word_1_556' title='bbox 1731 2679 1760 2686; x_wconf 78' lang='grc'>-</span> 
     </span>
     <span class='ocr_line' id='line_1_43' title="bbox 171 2700 616 2733; baseline 0.007 -9"><span class='ocrx_word' id='word_1_557' title='bbox 171 2701 204 2731; x_wconf 82' lang='lat' dir='ltr'>(d)</span> <span class='ocrx_word' id='word_1_558' title='bbox 221 2700 293 2730; x_wconf 74' lang='lat' dir='ltr'>Qucd</span> <span class='ocrx_word' id='word_1_559' title='bbox 308 2700 392 2725; x_wconf 84' lang='lat' dir='ltr'>debet.</span> <span class='ocrx_word' id='word_1_560' title='bbox 409 2714 433 2718; x_wconf 93' lang='lat'><em>-</em></span> <span class='ocrx_word' id='word_1_561' title='bbox 452 2702 482 2733; x_wconf 84' lang='lat' dir='ltr'>(e)</span> <span class='ocrx_word' id='word_1_562' title='bbox 499 2702 616 2727; x_wconf 82' lang='lat' dir='ltr'>Debetur.</span> 
     </span>
    </p>
   </div>
  </div>
 </body>
</html>
