1991 3006
130 767 162 787 Ad
179 774 198 792 o)
209 773 230 792 p.

138 1777 232 1798 Fundam

239 260 295 288 326

238 326 284 354 est
299 324 353 355 ubi
367 323 448 355 Deus
458 325 617 364 operatur,
631 325 667 354 ut
679 325 743 354 tota
753 332 862 360 cansa;
877 322 931 353 sed
945 331 1007 353 non

239 379 285 408 est
299 377 343 407 sic
359 377 390 407 in
402 377 616 414 matrimonio,
633 377 698 407 imo
714 385 838 406 necesse
853 378 899 406 est
914 375 1008 406 inter-

240 431 349 461 venire
381 439 569 461 consensum
600 431 794 470 legitimum.
830 429 986 460 Praeterea
1000 453 1007 465 ‚

241 484 381 523 operatio
398 484 457 514 ista
472 484 686 524 praesupponit
703 483 866 514 materiam
886 483 916 512 in
935 491 1008 521 qua.

509 591 686 628 QUAESTlo
705 591 712 621 Ι
721 591 742 621 Ι.

314 673 355 698 Αη
370 673 537 698 matrimonii
551 671 739 706 impedimenta
756 672 811 697 sint
823 671 907 705 plura
926 671 941 696 ¹.

287 750 469 781 Denumero
479 750 1012 789 etsuffieientiaimpedimentorum

247 806 457 843 matrimonii;
484 808 512 835 et
534 805 618 845 quod
634 805 697 835 sint
722 805 839 843 multa,
864 805 1014 836 videtur:

247 860 321 900 quia
335 859 561 898 impedimenta
576 861 651 888 sunt
666 861 793 898 propter
807 858 1016 897 privationem

248 914 298 944 vel
310 913 464 943 defectum
480 913 555 942 boni
571 912 764 942 matrimonii
782 923 788 942 ι
807 911 861 942 sed
877 912 1017 941 desectus

248 966 322 997 boni
345 965 462 996 malum
482 968 537 1003 est,
555 967 585 995 et
600 965 651 1004 (a),
669 967 705 995 ut
724 964 798 995 dicit
815 964 982 1004 Dionysius
994 963 1016 1000 ²,

249 1020 369 1050 malum
385 1021 430 1049 est
446 1019 575 1048 infinitis
597 1018 707 1055 modis,
724 1017 872 1057 quamvis
897 1017 1018 1047 bonum

249 1074 287 1103 sit
301 1081 365 1103 uno
388 1072 481 1102 modo
503 1083 508 1101 :
527 1080 604 1111 ergo
624 1070 754 1101 infinitis
774 1069 875 1100 modis
895 1070 1019 1100 videtur

250 1127 334 1166 quod
350 1127 448 1166 possit
463 1125 618 1165 impediri.

290 1182 319 1210 2.
351 1180 428 1210 Item
456 1179 683 1219 impedimenta
714 1177 907 1208 matrimonii
943 1177 1020 1207 acci-

251 1234 383 1273 piuntur
397 1233 570 1263 secundum
587 1232 758 1262 accidentia
780 1239 989 1271 personarum
1011 1238 1018 1259 :

252 1288 316 1324 sed,
334 1289 369 1317 ut
393 1286 461 1317 vult
479 1285 688 1324 Philosophus
707 1285 728 1321 ³,
755 1284 925 1315 accidentia
947 1287 1021 1314 sunt

252 1340 388 1371 infinita:
407 1348 487 1378 ergo
507 1342 537 1369 et
558 1338 793 1378 impedimenta.
817 1337 916 1377 Major
938 1340 1020 1377 patet

252 1393 457 1424 discurrendo
487 1393 519 1423 in
545 1392 698 1430 singulis3
725 1392 831 1422 minor
857 1394 939 1431 patet
968 1401 1023 1431 per

254 1446 493 1486 Philosophum.
846 1449 849 1452 ⁴

293 1501 322 1530 3.
349 1499 426 1529 ltem
450 1499 678 1539 impedimenta
701 1499 892 1529 matrimonii
922 1499 1023 1538 respi-

255 1553 344 1583 oiunt
361 1552 555 1583 matrimonii
570 1552 781 1582 conditionem
793 1575 802 1588 ,
819 1554 849 1582 et
866 1551 941 1582 illud
958 1561 1024 1582 res-

258 1606 331 1645 picit
359 1615 510 1645 personas
538 1604 735 1643 singulares:
763 1605 817 1634 sed
846 1605 1024 1643 singularia

257 1660 330 1688 sunt
345 1658 473 1688 infinita
486 1660 517 1688 et
534 1657 774 1688 indeterminata
790 1668 797 1687 :
813 1666 893 1696 ergo
907 1658 937 1687 et
954 1666 1024 1687 ma-

258 1711 397 1742 trimonii
412 1710 648 1750 impedimenta.

297 1765 410 1795 Contra
426 1775 433 1795 z
452 1764 535 1795 Nihil
546 1764 678 1803 impedit
692 1764 948 1800 matrimonium,
966 1764 1026 1793 nisi

258 1818 432 1849 fecundum
456 1817 688 1849 institutionem
714 1816 766 1847 Dei
787 1816 836 1846 vel
863 1816 1023 1846 Ecclesiae:

258 1872 309 1902 sed
329 1872 482 1902 institutio
499 1871 562 1909 Dei,
581 1870 631 1901 vel
644 1870 801 1907 Eccleskn,
819 1873 974 1909 quantum
989 1870 1028 1901 ad

258 1925 497 1956 matrimonium
520 1926 567 1954 est
589 1924 620 1954 in
643 1924 858 1954 determinatis
873 1924 1027 1954 conditio-

259 1979 368 2009 nibus:
381 1987 470 2017 ergo,
488 1980 545 2008 etc.

300 2031 377 2062 Item
389 2031 582 2070 impossibile
596 2033 641 2060 est
657 2030 736 2060 seire
750 2029 855 2067 legem
871 2029 1030 2059 matrimo-

260 2085 316 2123 nii,
329 2087 360 2115 et
370 2084 545 2121 vinculum,
559 2083 620 2113 nisi
632 2083 771 2113 sciantur
785 2082 848 2119 illa,
860 2091 932 2121 quae
948 2082 1031 2112 istud

261 2138 425 2169 vinculum
448 2137 575 2168 solvunt
594 2147 600 2166 z
623 2137 675 2167 sed
698 2136 748 2166 lex
766 2135 959 2166 matrimonii
985 2138 1031 2166 est

260 2191 351 2222 nohis
370 2190 576 2222 determinata
599 2201 604 2220 :
632 2198 710 2228 ergo
731 2190 762 2219 et
786 2188 1028 2228 impedimenta;

262 2254 342 2284 ergo
357 2247 431 2275 sunt
446 2244 480 2274 iu
494 2253 629 2274 numero
644 2243 788 2273 diffinito.

304 2298 380 2328 Item
403 2298 461 2328 hoc
484 2298 586 2337 ipsum
610 2297 762 2336 probatur
783 2304 838 2335 per
863 2295 921 2325 hoe
947 2295 1031 2335 quod

263 2350 414 2389 Magister
429 2350 466 2379 de
486 2350 671 2389 hujiismodi
692 2349 890 2386 determinat,
908 2351 938 2379 et
960 2349 1032 2379 doc-

263 2403 348 2433 trina
362 2403 427 2433 dat:
445 2403 498 2432 sed
518 2404 542 2432 si
566 2412 629 2433 non
649 2407 752 2433 essent
768 2403 801 2432 in
823 2412 957 2433 numero
979 2402 1032 2433 de-

265 2456 443 2492 terminato,
460 2465 522 2485 non
539 2456 642 2486 daret:
662 2465 754 2494 ergo,
766 2458 824 2486 etc.

300 2555 306 2569 ¹
325 2554 365 2583 Cf.
385 2554 410 2577 S.
431 2553 531 2583 Tbonr,
551 2553 575 2576 in
598 2554 684 2584 Suppl.
707 2561 730 2583 μ.
753 2554 799 2580 ΗΙ,
817 2561 841 2583 q.
864 2560 890 2582 L,
907 2556 953 2576 nrt.
971 2560 994 2582 l;
1012 2554 1037 2576 et

269 2593 298 2615 lV
313 2590 458 2620 Sent.‚dist.
469 2596 558 2620 xxxiv,
572 2598 596 2621 q.
616 2597 632 2620 1,
645 2592 691 2613 art.
710 2593 733 2619 1;
748 2590 896 2619 bichardus,
912 2591 940 2613 lx'
957 2590 1015 2613 Seu!
1027 2607 1035 2617 ‚

267 2627 316 2650 dist
340 2632 430 2656 xxxu,
445 2633 471 2656 q.
490 2631 510 2656 ῖς
529 2626 650 2655 Duraud.,
669 2626 697 2648 ΙΥ
712 2627 789 2655 Sene„
801 2625 857 2649 dist.
875 2631 961 2655 xxxn’,
975 2632 1000 2656 q.
1014 2631 1035 2654 ¹3

267 2662 357 2686 Thom.
380 2664 492 2691 Argeum
516 2662 546 2684 ΙΥ
568 2663 644 2687 Seni..
665 2661 721 2684 <list
743 2667 831 2687 xxxiv,
855 2668 879 2691 q.
903 2667 919 2690 1,
941 2662 987 2684 art.
1011 2662 1033 2689 l;

271 2697 358 2727 Steph.
372 2697 449 2725 Brut,
467 2697 496 2720 lv
513 2696 593 2726 Seni„
609 2696 665 2719 dist.
680 2701 798 2726 ··xxlv.q.
815 2702 847 2725 115
860 2697 911 2719 Pet.
929 2696 959 2719 de
968 2696 1015 2719 Tar
1028 2714 1035 2725 ‚

272 2733 302 2756 lV
311 2733 388 2762 Seni„
402 2732 458 2756 dist.
475 2737 565 2762 xxxiv,
580 2739 604 2763 q.
622 2738 685 2756 11.—
703 2733 712 2747 ²
728 2731 842 2762 Dionys..
853 2732 943 2754 demo.
954 2731 1037 2760 Nom„

796 254 1100 286 SENTENTtARtm
1126 255 1198 286 LlB.
1222 255 1272 286 IV.

1338 376 1560 408 CONCLUSlO.

1067 462 1237 489 Matrimonii
1262 463 1451 498 impedimenta
1478 464 1513 490 ad
1539 471 1675 490 numerum
1705 463 1837 491 duodena-

1103 508 1172 532 rium
1186 506 1195 521 ⁸
1210 507 1390 540 deducuntur,
1407 516 1465 542 quoe
1479 510 1619 535 sumuntur
1633 516 1649 534 a
1664 508 1765 540 multis,
1781 516 1838 543 quoe

1104 553 1132 577 in
1147 555 1312 578 sacramento
1325 554 1504 587 reperiuntur.

1112 637 1201 678 [tesp.
1221 639 1259 668 ad
1274 648 1346 678 arg.
1364 639 1535 670 Dicendum
1555 639 1640 679 quod
1661 639 1721 670 hoc
1735 647 1837 669 sacra-

1072 694 1214 722 mentum
1226 692 1321 722 habet
1332 692 1557 732 impedimenta
1567 692 1658 732 plura
1671 703 1677 722 :
1689 691 1742 723 sed
1754 700 1840 732 quae-

1071 744 1142 774 dam
1156 745 1331 784 impediunt
1344 754 1384 775 ex
1399 746 1609 784 congruitate,
1622 748 1652 776 et
1665 745 1722 776 isla
1731 745 1840 776 dicun-

1071 800 1124 828 tur
1143 798 1295 837 impedire
1316 798 1576 835 contrahendum,
1602 798 1655 828 sed
1679 806 1743 828 non
1763 797 1839 827 diri-

1073 860 1158 880 mere
1170 851 1238 890 jam
1251 853 1461 889 contractum,
1473 854 1508 881 ut
1522 853 1568 881 est
1583 850 1728 881 Ecclesiae
1742 850 1839 880 inter-

1073 904 1202 942 dictum,
1221 905 1246 934 si
1263 904 1318 935 fiat
1333 904 1486 942 clanculo,
1503 907 1533 934 et
1553 906 1695 944 tempore
1718 904 1841 942 feriato,

1073 958 1148 997 quia
1174 958 1246 988 talia
1272 959 1444 998 respiciunt
1469 958 1700 989 solemnitatem
1729 957 1843 988 matri-

1075 1012 1184 1042 monii.
1211 1012 1362 1049 Quaedam
1385 1013 1563 1052 impediunt
1582 1013 1619 1043 de
1645 1012 1841 1047 necessitate,

1074 1065 1149 1105 quia
1164 1074 1227 1095 non
1245 1068 1304 1095 stat
1327 1075 1400 1096 cum
1421 1066 1466 1097 eis
1482 1067 1715 1096 sacramentum
1733 1075 1740 1095 ι
1758 1064 1844 1096 unde

1075 1119 1223 1149 dicuntur
1249 1119 1401 1159 impedire
1421 1119 1692 1156 contrahendum,
1715 1120 1746 1149 et
1765 1118 1844 1149 diri-

1076 1181 1161 1202 mere
1180 1174 1387 1210 contractum,
1403 1173 1479 1213 quia
1497 1173 1644 1212 quamvis
1662 1174 1743 1202 esset
1769 1180 1846 1203 con-

1077 1227 1211 1255 tractum
1228 1225 1266 1255 de
1281 1226 1371 1263 facto,
1390 1228 1496 1255 tamen
1514 1226 1547 1255 in
1563 1225 1695 1256 veritate
1710 1233 1775 1255 non
1789 1224 1846 1254 fuit

1077 1280 1309 1308 sacramentum
1322 1302 1330 1316 ‚
1360 1287 1418 1308 neo
1452 1278 1691 1309 matrimonium
1720 1285 1844 1307 verum.

1079 1331 1305 1371 Impedimenta
1323 1335 1429 1363 autem
1445 1332 1497 1362 illa
1515 1332 1566 1362 his
1587 1331 1731 1362 versibus
1745 1329 1845 1361 conti-

1079 1387 1212 1422 nentur,
1235 1386 1273 1416 de
1297 1386 1413 1426 quibus
1434 1386 1514 1416 infra
1535 1385 1704 1416 habebitur
1724 1383 1846 1423 sigilla-

1080 1439 1155 1468 tim:

1112 1519 1197 1548 Error,
1210 1519 1330 1548 conditio,
1343 1520 1442 1545 votum,
1453 1518 1582 1548 cognatio,
1602 1517 1708 1546 crimen,

1111 1554 1197 1578 Cultus
1213 1554 1354 1584 disparitas,
1370 1554 1418 1582 vis,
1433 1553 1505 1583 ordo,
1519 1553 1643 1583 ligamen,
1658 1552 1787 1581 honestas,

1113 1590 1137 1613 Si
1148 1590 1181 1612 sis
1191 1590 1282 1617 affinis,
1294 1589 1313 1612 si
1324 1590 1387 1612 l'orte
1401 1588 1469 1612 coire
1479 1588 1605 1619 nequibis.

1114 1626 1173 1649 lloec
1187 1625 1306 1649 socianda
1319 1627 1405 1649 vetant
1419 1625 1651 1655 connubia,juncta
1663 1625 1810 1648 retractant.

1123 1705 1163 1735 De
1177 1705 1366 1735 sufficientia
1379 1713 1459 1743 ergo
1472 1704 1784 1744 impedimentorum,
1801 1703 1848 1734 di-

1866 871 1948 898 [xpus.

1865 1729 1974 1751 Sufflcien·

1082 1759 1217 1789 cendum
1228 1758 1313 1798 quod
1328 1758 1591 1797 impedimentum
1607 1757 1653 1794 fit,
1667 1757 1735 1787 sive
1752 1758 1852 1796 potest
1866 1761 1895 1780 ¹³³
1906 1760 1970 1786 impe·

1083 1811 1151 1841 fieri
1167 1820 1206 1841 ex
1217 1811 1415 1850 quadruplici
1426 1819 1530 1840 causa.
1548 1809 1626 1840 Nam
1643 1818 1682 1840 ex
1698 1809 1852 1840 efficiente

1084 1874 1177 1895 causa
1192 1864 1360 1904 provenire
1374 1865 1505 1903 possunt
1520 1863 1591 1893 tria.
1604 1861 1750 1892 Efficiens
1759 1871 1855 1893 causa

1085 1920 1131 1948 est
1145 1926 1316 1948 consensus
1330 1927 1336 1947 :
1349 1917 1387 1947 ad
1399 1925 1588 1946 consensum
1603 1917 1709 1946 autem
1727 1923 1856 1946 concur-

1085 1972 1125 2001 rit
1138 1971 1229 2008 ratio,
1246 1972 1277 2000 et
1294 1970 1450 2001 voluntas.
1473 1968 1586 2000 Contra
1599 1969 1729 1999 rationis
1750 1970 1856 1998 actum

1086 2027 1133 2054 est
1148 2033 1252 2060 error;
1275 2025 1383 2053 contra
1407 2025 1511 2052 actum
1531 2022 1714 2060 voluntatis,
1735 2021 1784 2051 vis
1807 2020 1857 2051 vel

1087 2077 1251 2113 violentim
1275 2077 1383 2106 contra
1402 2077 1507 2105 actum
1531 2074 1698 2113 utriusque
1721 2072 1857 2103 conditio

1087 2130 1262 2166 servitutis,
1282 2137 1355 2168 quae
1377 2127 1507 2167 impedit
1524 2127 1638 2166 partim
1653 2128 1780 2166 propter
1801 2125 1855 2155 de-

1087 2185 1204 2214 fectum
1226 2181 1395 2219 libertatis,
1417 2180 1531 2220 purtim
1553 2181 1680 2219 propter
1703 2187 1855 2209 errorem.

1092 2236 1139 2267 Ex
1154 2239 1240 2276 parte
1255 2244 1359 2266 causae
1374 2233 1556 2271 materialis,
1573 2233 1644 2270 tria,
1658 2233 1732 2273 quia
1747 2231 1857 2263 matri-

1092 2291 1236 2320 monium
1266 2292 1313 2320 est
1340 2288 1520 2328 conjunctio
1555 2286 1731 2317 voluntarie
1757 2286 1858 2317 intro-

1090 2345 1183 2375 ducta
1199 2354 1206 2374 :
1223 2352 1302 2382 ergo
1317 2344 1364 2372 est
1377 2349 1586 2381 personarum
1597 2339 1786 2370 naturaliter
1799 2339 1860 2369 dis-

1090 2399 1284 2437 paratarum.
1297 2394 1462 2434 Conjuneti
1475 2402 1555 2432 ergo
1571 2393 1774 2432 proximitate
1787 2394 1861 2423 sunt

1089 2450 1186 2490 inepti
1201 2450 1240 2480 ad
1258 2447 1509 2479 matrimonium.
1531 2446 1592 2477 Sed
1608 2446 1767 2486 conjuncti
1789 2454 1860 2486 pos-

1091 2506 1164 2534 sunt
1179 2512 1246 2534 esse
1262 2502 1436 2542 tripliciter,
1453 2498 1740 2538 consanguinitate,
1756 2498 1859 2530 affini-

1092 2560 1164 2595 tate,
1176 2556 1300 2597 justitia
1323 2554 1456 2595 publicae
1477 2553 1666 2591 honestatis,
1689 2561 1760 2592 quae
1783 2561 1860 2583 con-

1092 2650 1114 2664 c.
1133 2647 1179 2670 vn,
1193 2641 1260 2664 eirca
1274 2640 1360 2664 finem.
1374 2652 1397 2656 —
1411 2639 1419 2653 ³
1429 2638 1560 2668 Colligitur
1571 2645 1601 2661 ex
1613 2638 1642 2662 xl
1657 2636 1774 2667 Metaph..
1789 2643 1803 2660 c
1825 2641 1860 2664 tx,

1093 2679 1115 2700 ρῖ
1129 2676 1306 2706 Χ11ἱ;,υενιιμ1ι,,
1322 2676 1422 2699 contex.
1439 2676 1461 2698 3.
1471 2687 1500 2691 -—
1511 2674 1627 2697 ‘Scilicet
1640 2675 1698 2697 ante
1709 2679 1780 2696 conc.
1792 2671 1859 2697 Trid.

1126 2731 1155 2757 (a)
1173 2728 1232 2750 θαι,
1248 2725 1298 2749 edit
1323 2724 1388 2748 deest
1403 2725 1435 2747 et.

1866 1792 1971 1812 dimentu-

1903 1828 1958 1843 rum.

1870 1865 1939 1885 Causa
1956 1865 1975 1883 t.

1874 2262 1939 2283 Causa
1956 2262 1978 2280 2.
