1991 3006
110 2242 141 2262 Ad
160 2249 215 2269 opp.

243 188 299 216 444

282 256 311 283 1.
328 253 375 283 Ad
388 253 466 283 illud
480 262 560 292 ergo
575 254 659 293 quod
678 255 836 293 objicitur,
858 254 941 294 qnod
959 263 1007 284 sa-

241 308 438 336 cramentum
457 306 601 344 iteratur,
618 307 785 338 dicendum
804 308 888 348 quod
904 317 1008 338 sacra-

241 361 383 389 mentum
399 359 506 390 iterari
521 369 586 390 non
601 360 728 399 dicitur,
746 362 804 391 nisi
821 362 923 401 primo
940 371 1006 392 ma-

241 414 333 442 nente
358 423 364 442 :
390 412 442 442 sed
470 413 610 453 primum
642 416 689 444 est
720 415 877 451 solutum,
909 424 1008 446 uxore

240 467 375 496 mortua.

279 522 307 550 ⁶2.
326 520 374 550 Ad
394 520 471 551 illud
487 521 570 561 quod
586 522 744 561 objicitur,
766 522 849 562 quod
871 525 917 553 est
936 523 1008 554 vin-

239 572 347 603 culum
363 574 543 605 animarum
567 585 639 615 qnae
661 578 735 606 sunt
760 578 938 616 perpetuae,
960 576 1006 607 ‹li-

238 626 372 656 cendnm
388 627 470 667 qnod
487 628 593 658 anima
608 631 637 659 et
652 632 698 659 est
712 629 829 665 anima,
846 631 874 659 et
891 631 936 659 est
950 630 1009 669 spi·

239 680 333 718 ritus3
356 683 386 711 et
405 690 469 712 non
487 685 533 712 est
548 683 713 713 vinculum
733 683 931 721 animarum,
950 684 1008 714 nisi

237 735 270 764 in
289 737 443 774 quantum
459 737 635 775 conjunctae
651 737 853 776 corporibus:
878 737 1008 769 ordina—

236 789 290 818 tur
303 788 387 818 enim
407 788 466 819 hoc
485 789 648 819 vinculum
665 789 707 819 'ad
728 790 833 819 carnis
853 792 1007 822 commix-

236 841 371 871 tionem:
384 842 454 871 ideo
464 842 610 878 solvitur,
624 852 696 873 cum
710 843 817 873 anima
828 847 1004 883 separatur,

237 896 267 924 et
281 894 393 924 desinit
412 895 564 925 animare.

277 949 295 978 3
315 950 345 977 et
364 950 394 978 lt.
416 947 464 978 Ad
485 948 561 978 illud
581 949 664 988 quod
684 949 832 988 objicitur
849 951 931 990 quod
958 961 1007 981 se-

236 1000 348 1030 cundae
366 1001 486 1040 nuptiae
506 1010 634 1032 carnem
655 1002 816 1041 dividunt,
838 1004 1006 1036 dicendum

236 1053 320 1093 quod
332 1053 390 1084 hoc
400 1057 446 1084 est
454 1055 667 1094 peraccidens,
676 1056 752 1095 quin
762 1056 865 1095 primo
877 1058 1004 1096 uniunt,

236 1109 266 1136 et
280 1116 336 1146 per
353 1116 548 1147 consequens
567 1108 733 1139 dividunt:
753 1111 783 1139 ct
804 1110 847 1139 sie
865 1113 938 1140 sunt
952 1121 1005 1141 sa-

236 1162 432 1190 cramentum
448 1161 568 1192 ratione
581 1162 720 1199 unionis,
738 1172 799 1192 non
819 1164 938 1193 ratione
954 1165 1004 1194 di-

236 1212 376 1243 visionis.
397 1213 531 1252 Tamen,
548 1215 624 1254 quia
645 1215 756 1245 divisio
778 1217 1007 1249 concomitatur

235 1266 400 1305 unionem,
418 1277 480 1297 non
492 1270 538 1298 est
548 1269 585 1298 de
596 1269 784 1308 perfectione
797 1273 984 1302 sacramenti
997 1283 1004 1304 :

235 1319 305 1350 ideo
320 1329 382 1350 non
398 1320 529 1351 debetur
539 1322 568 1352 ei
580 1324 667 1352 tanta
680 1323 875 1354 solemnitas:
889 1327 918 1355 et
931 1326 1006 1365 quia

235 1372 409 1403 benedictio
432 1376 478 1404 est
501 1375 539 1405 ad
567 1376 816 1414 solemnitatem,
845 1378 915 1408 ideo
930 1380 1005 1409 tales

235 1425 357 1465 nuptiae
380 1436 445 1457 non
468 1428 720 1459 benedicuntur:
738 1432 767 1460 et
791 1431 833 1460 sie
855 1434 938 1470 patet
959 1442 1006 1463 se-

235 1487 347 1517 quens.
365 1480 423 1510 Sed
444 1481 669 1512 attendendum
688 1483 771 1523 quod
795 1484 916 1524 nuptiae
938 1495 1005 1525 pos-

232 1534 305 1562 sunt
320 1542 387 1563 esse
409 1535 555 1566 secundae
577 1545 617 1566 ex
636 1538 724 1576 parte
744 1537 819 1574 viri,
839 1541 869 1568 et
893 1539 1003 1578 primae

231 1594 270 1616 ex
292 1589 380 1625 parte
403 1588 560 1625 mulieris,
584 1589 634 1619 vel
657 1599 674 1619 e
695 1600 864 1629 converso,
891 1592 941 1622 vel
965 1603 1003 1623 ex

231 1641 319 1678 parte
348 1640 526 1681 utriusque.
560 1642 593 1672 In
622 1643 725 1683 primo
753 1654 828 1675 casu
863 1646 1004 1677 salvatur

231 1692 311 1723 ratio
328 1695 535 1733 sacramenti,
552 1696 696 1727 Christus
711 1698 795 1728 enim
811 1699 921 1729 unitur
937 1700 1003 1739 plu-

231 1745 320 1776 ribus
343 1746 526 1786 animabus,
552 1751 583 1779 et
605 1750 662 1779 sibi
684 1760 736 1780 eas
758 1751 947 1791 desponsat;
970 1754 1003 1783 in

231 1799 368 1830 secundo
388 1809 477 1837 casu,
494 1802 617 1840 minus;
641 1804 672 1833 in
694 1804 786 1835 tertio
805 1805 955 1836 minime:
973 1808 1003 1836 et

230 1852 300 1883 ideo
327 1853 356 1883 in
378 1854 482 1893 primo
504 1865 594 1893 casu,
611 1866 683 1887 cum
699 1857 814 1888 mulier
832 1861 877 1889 est
894 1860 1000 1899 virgo,

230 1907 378 1945 quamvis
403 1908 452 1937 vir
476 1909 515 1939 sit
535 1909 703 1948 bigamus,
728 1911 846 1951 nuptiae
870 1912 1001 1943 benedi-

230 1962 356 1991 cuntur.

489 2050 667 2087 QUAESTlO
690 2051 743 2083 111.

327 2138 373 2165 An
386 2139 508 2166 secwzdae
521 2142 625 2175 nuplioe
639 2142 692 2168 sint
707 2142 872 2170 honorabiles
884 2143 900 2169 ¹.

272 2226 384 2258 Utrum
398 2229 545 2260 seeundae
566 2230 684 2270 nuptiae
701 2231 763 2261 sint
778 2231 998 2269 honorabiles;

230 2281 260 2309 et
274 2281 359 2319 quod
374 2281 429 2318 sic,
440 2282 582 2313 videtur:
604 2286 630 2313 1.
649 2284 725 2323 quia
739 2284 772 2314 in
787 2285 874 2315 omni
893 2285 957 2322 illo,
968 2285 1001 2316 in

229 2342 293 2372 quo
317 2333 457 2364 salvatur
475 2336 555 2365 ratio
584 2336 706 2367 honesti
722 2361 729 2375 ,
755 2338 896 2368 salvatur
922 2338 1000 2368 ratio

228 2385 422 2416 honorabilis
438 2398 444 2417 :
462 2388 516 2418 sed
536 2388 569 2418 in
593 2390 738 2420 secundis
758 2391 877 2430 nuptiis
896 2391 998 2421 salva-

229 2443 282 2471 tur
305 2442 387 2472 ratio
410 2442 553 2480 honesti,
576 2445 651 2484 quia
675 2445 794 2475 vitatur
816 2446 1001 2476 inhonestas

229 2493 466 2526 fornicationis:
485 2505 576 2535 ergo,
595 2499 652 2527 etc.

270 2549 300 2578 Ξ.
319 2547 397 2578 Item
411 2548 514 2587 gloria
533 2551 579 2579 est
594 2550 691 2590 patris
706 2550 786 2581 filios
802 2560 999 2582 successores

230 2599 263 2630 in
285 2600 376 2631 bonis
390 2602 582 2642 relinquere,
605 2605 635 2634 et
654 2604 793 2635 maxime
815 2605 912 2636 bonos
927 2605 1002 2636 :sed

265 2661 269 2671 “·
289 2660 330 2687 Cf.
350 2661 478 2693 Richard„
497 2663 528 2687 lV
548 2663 628 2693 sent„
646 2664 704 2688 dist..
726 2670 793 2695 xm,
813 2672 836 2696 q.
860 2671 892 2695 ¹¹3
913 2665 1000 2695 Steph.

799 186 1108 219 SENTENTIARUM
1132 188 1204 219 LlB.
1229 188 1277 219 w.

1064 255 1246 295 frequenter
1261 256 1292 286 in
1319 255 1429 294 primis
1445 256 1563 296 nuptiis
1578 265 1643 287 non
1660 258 1831 298 acquirun-

1065 310 1117 338 tur
1134 308 1200 345 tilii,
1218 309 1270 339 serl
1285 309 1316 338 in
1332 310 1497 340 secundis:
1515 319 1594 349 ergo
1606 311 1734 341 videtur
1748 311 1833 350 quod

1065 372 1128 392 non
1145 363 1271 393 habenti
1289 363 1406 402 prolem
1417 388 1424 400 ,
1442 363 1625 394 honorabile
1641 364 1678 394 sit
1694 363 1833 395 secundo

1063 416 1194 446 nubere.

1105 471 1133 498 3.
1153 468 1229 499 ltem
1245 468 1352 499 omnia
1365 471 1560 500 sacramenta
1574 469 1683 500 divina
1697 471 1834 503 suntho-

1065 522 1205 552 noranda
1222 531 1229 552 ε
1247 531 1324 561 ergo
1339 531 1433 552 omne
1448 522 1533 562 quod
1548 525 1632 553 tenet
1645 523 1678 553 in
1693 533 1726 555 se
1740 525 1834 556 ratio-

1064 585 1136 605 nem
1153 576 1359 613 sacramenti,
1377 577 1461 606 tenet
1486 576 1639 606 rationem
1661 577 1833 609 honorabi-

1064 629 1119 660 lis:
1137 630 1188 660 sed
1203 630 1349 660 ses-undae
1361 629 1480 668 nnptiae
1493 631 1567 659 sunt
1582 630 1780 670 hujusmodi,
1797 634 1834 662 ut

1064 683 1151 723 prius
1168 683 1335 722 probatum
1351 685 1397 712 est
1414 694 1420 713 ς
1437 692 1516 722 ergo
1542 684 1688 715 secundae
1711 684 1833 725 nuptiae

1064 739 1138 767 sunt
1153 736 1362 766 honorabiles.

1103 792 1132 820 4.
1154 790 1227 819 ttem
1244 789 1276 819 in
1290 789 1360 828 lege
1374 790 1460 829 ²,qui
1477 790 1603 821 nolebat
1614 791 1768 823 suscitare
1781 802 1829 824 se-

1064 853 1137 874 men
1155 843 1279 880 fratris,
1296 843 1481 873 extrahebat
1502 843 1614 874 mulier
1637 844 1830 876 calceamen-

1063 900 1130 927 tum
1146 897 1184 927 de
1201 896 1294 935 tede,
1313 898 1341 926 et
1357 896 1515 935 expuebat
1538 897 1571 927 in
1587 897 1699 928 faciem
1715 899 1785 938 eJus
1799 899 1832 929 in

1063 951 1192 990 signum
1207 950 1364 989 opprobrii
1380 950 1562 989 sempiterni
1576 961 1582 980 ε
1596 959 1674 989 ergo
1692 951 1716 981 si
1732 952 1833 983 multo

1064 1004 1166 1043 magis
1181 1004 1271 1033 debet
1287 1003 1358 1042 quis
1369 1003 1519 1032 sollicitus
1533 1012 1600 1034 esse
1614 1004 1651 1034 de
1662 1005 1749 1044 prole
1761 1015 1830 1044 sua,

1063 1067 1159 1098 quam
1175 1058 1212 1087 de
1227 1057 1328 1086 aliena
1339 1080 1346 1093 ,
1357 1056 1481 1086 videtur
1495 1057 1579 1095 quod
1599 1058 1624 1087 si
1639 1058 1754 1098 aliquis
1767 1068 1831 1089 non

1063 1112 1181 1141 liabens
1196 1110 1276 1140 tilios
1290 1109 1328 1139 de
1351 1109 1450 1148 prima
1464 1118 1565 1140 uxore
1576 1134 1583 1147 ,
1600 1111 1666 1150 ipsa
1687 1114 1811 1143 mortua
1823 1137 1830 1150 ‚

1063 1165 1140 1196 nolit
1155 1164 1341 1194 contrahere
1361 1173 1432 1193 eum
1451 1163 1526 1201 alin,
1543 1164 1627 1203 quod
1644 1164 1683 1195 sit
1698 1165 1756 1195 sibi
1772 1175 1829 1206 op-

1063 1218 1227 1259 probrium
1245 1225 1252 1246 :
1276 1225 1372 1254 ergo,
1395 1216 1434 1245 ab
1453 1216 1605 1256 oppositis
1617 1240 1625 1255 ,
1641 1219 1830 1251 contrahere

1062 1281 1135 1303 eum
1154 1269 1290 1300 secunda
1305 1271 1349 1298 est
1369 1268 1592 1300 honorificum.
1616 1269 1649 1300 Si
1670 1272 1706 1301 tu
1727 1272 1828 1312 dicas,

1062 1325 1143 1366 qnod
1161 1333 1250 1354 secus
1271 1325 1314 1353 est
1337 1331 1421 1352 nune
1446 1323 1477 1352 in
1503 1322 1573 1362 lege
1596 1333 1698 1363 nova,
1722 1325 1755 1356 in
1769 1336 1832 1366 qua

1062 1378 1217 1420 quaeritur
1251 1375 1424 1407 fecunditas
1458 1377 1572 1406 mentis
1600 1378 1703 1417 magis
1735 1389 1831 1419 quam

1061 1433 1195 1469 ventri53
1212 1431 1359 1470 objicitur
1378 1430 1410 1459 in
1425 1430 1618 1460 contrarium
1631 1455 1638 1468 ‚
1654 1432 1737 1471 quod
1754 1433 1830 1465 illud

1062 1496 1126 1518 non
1143 1485 1255 1521 solvit,
1272 1483 1345 1523 quia
1371 1482 1395 1512 si
1418 1482 1536 1522 aliquid
1555 1485 1602 1513 est
1622 1484 1757 1523 bonum,
1773 1494 1830 1517 sua

1061 1540 1227 1572 iteratione
1244 1546 1308 1567 non
1323 1537 1359 1566 fit
1382 1536 1502 1566 malum
1514 1560 1522 1574 ,
1539 1536 1592 1567 sed
1608 1536 1738 1575 melius,
1756 1539 1832 1578 quia

1061 1593 1177 1633 duplex
1193 1592 1314 1621 bonum
1336 1589 1449 1620 melius
1469 1591 1534 1627 est,
1558 1599 1654 1629 quam
1669 1590 1805 1630 simplex
1822 1603 1828 1622 :

1061 1656 1140 1684 ergo
1149 1646 1172 1675 si
1192 1644 1309 1683 aliquid
1326 1646 1371 1673 est
1384 1642 1581 1678 honorabile,
1594 1652 1651 1673 sua
1666 1643 1831 1675 iteratione

1060 1684 1125 1731 non
1139 1700 1175 1729 fit
1189 1696 1414 1737 vituperabile:
1432 1696 1483 1725 sed
1500 1695 1611 1735 primae
1625 1697 1746 1736 nuptiae
1756 1700 1832 1729 sunt

1061 1751 1261 1783 honorabiles
1279 1761 1284 1780 :
1300 1758 1390 1788 ergo.
1407 1751 1465 1779 etc.

1102 1805 1215 1835 ‘fontia
1236 1815 1242 1834 :

1061 1860 1207 1889 arcentur*
1223 1857 1363 1887 honestae
1378 1865 1533 1895 personae,
1550 1865 1588 1886 ne
1602 1856 1765 1887 intersint:
1778 1857 1830 1888 sed

1060 1911 1207 1943 secundae
1222 1910 1342 1949 nuptiae
1359 1911 1431 1939 sunt
1446 1909 1649 1948 hujusmodi:
1664 1918 1753 1949 ergo,
1770 1912 1829 1941 etc.

1060 1966 1160 2005 Major
1174 1963 1341 1994 manifesta
1357 1965 1413 1992 est.
1432 1962 1533 1993 Minor
1557 1962 1710 2002 probatur
1722 1972 1778 2003 per
1790 1964 1829 1994 il-

1059 2020 1114 2050 lud
1140 2017 1341 2049 Caesariensis
1369 2016 1492 2046 concilii
1506 2040 1513 2052 ,
1531 2017 1616 2055 quod
1643 2017 1773 2056 ponitur
1796 2017 1830 2048 in

1058 2074 1162 2104 littera
1179 2083 1185 2101 :
1214 2083 1228 2099 «
1244 2070 1468 2110 Presbyterum
1480 2093 1489 2106 ,
1507 2070 1638 2108 inquam
1653 2093 1660 2106 ,
1676 2070 1830 2109 prandere

1059 2127 1091 2157 in
1107 2124 1225 2165 nuptiis
1239 2123 1360 2162 bigami
1373 2131 1438 2152 non
1454 2122 1621 2159 convenit,
1640 2131 1713 2153 cum
1727 2123 1827 2162 poeni-

1059 2179 1156 2211 tentia
1171 2178 1323 2216 bigamus
1337 2175 1488 2214 indigeat.
1505 2187 1518 2203 »
1539 2175 1636 2213 Ergo,
1652 2177 1712 2206 etc.

1100 2233 1177 2263 Item
1199 2239 1293 2261 omne
1319 2229 1396 2259 illud
1417 2231 1464 2259 est
1486 2228 1652 2267 indecens,
1668 2237 1725 2268 per
1745 2230 1829 2269 quod

1059 2284 1193 2315 efficitur
1207 2281 1280 2321 quis
1293 2281 1418 2319 ineptus
1436 2279 1475 2309 ad
1495 2279 1631 2318 gradum
1647 2279 1829 2318 dignitatis,

1059 2337 1097 2367 ad
1112 2344 1206 2376 quem
1219 2334 1307 2373 prius
1321 2334 1388 2362 erat
1401 2332 1534 2362 idoneus
1552 2343 1558 2362 :
1575 2332 1630 2362 sed
1646 2341 1701 2371 per
1715 2341 1831 2363 secun-

1059 2391 1114 2421 das
1127 2388 1253 2428 nuptias
1268 2386 1404 2417 efficitur
1419 2385 1490 2424 quis
1500 2385 1626 2424 ineptus
1637 2385 1677 2416 ad
1692 2386 1830 2424 gradum

1059 2441 1233 2476 sacerdotii,
1251 2440 1290 2470 ad
1305 2448 1402 2479 quem
1419 2440 1486 2468 erat
1509 2437 1596 2477 prius
1621 2440 1714 2477 aptus
1729 2449 1735 2469 :
1752 2448 1830 2478 ergo

1059 2495 1212 2526 secundas
1232 2492 1360 2532 nuptias
1384 2490 1571 2521 contrahere
1594 2493 1641 2520 est
1664 2491 1827 2531 vitupera-

1060 2548 1121 2579 bile
1136 2552 1165 2578 et
1180 2547 1372 2577 indecorum.

1060 2628 1164 2659 Brulef.,
1181 2628 1209 2650 tv
1228 2627 1307 2656 Sent.,
1322 2626 1379 2649 dist.
1394 2630 1457 2654 xm,
1471 2631 1494 2654 q.
1512 2630 1554 2654 rx;
1568 2624 1656 2648 Petrus
1670 2623 1702 2649 de
1716 2625 1828 2653 Terent„

1060 2665 1092 2688 tv
1108 2664 1185 2691 Sene..
1199 2663 1256 2687 dist.
1270 2668 1337 2692 xm,
1349 2668 1375 2693 q.
1390 2667 1414 2685 x.
1428 2673 1458 2678 -—
1472 2660 1482 2676 *¹
1496 2660 1606 2689 Denter„
1620 2665 1680 2689 xxv,
1696 2661 1719 2684 9.

1265 1804 1365 1833 Omne
1387 1802 1463 1833 illud
1485 1804 1531 1832 est
1550 1802 1712 1842 indecens,
1729 1813 1747 1834 a
1768 1813 1832 1844 quo
1847 1814 1950 1835 Fundam.
