1991 3006
724 213 908 244 DISTINCT.
933 213 1036 244 xxiv.
1062 213 1161 243 PARS
1189 214 1224 243 ΙΙ.
1711 219 1767 247 ’163

184 279 224 312 ab
239 280 396 324 Episcopo
411 280 551 324 qualiter
568 280 603 312 in
625 280 734 313 officio
756 291 815 312 suo
834 291 927 322 agere
950 279 1099 320 debeant,
1121 280 1161 312 ab
1184 280 1409 314 archidiacono
1436 283 1599 327 accipiunt
1619 283 1769 316 candela-

183 337 280 370 brum
295 349 370 370 cum
385 348 489 378 cereo,
503 341 533 370 et
549 338 680 370 urceolo
695 349 835 370 vacuum
846 341 866 369 ¹.
878 337 947 369 Hoc
962 337 1106 369 officium
1118 337 1278 370 Dominus
1289 350 1320 371 se
1332 339 1450 372 habere
1461 344 1608 381 testatur,
1621 340 1745 373 dicens²
1760 353 1766 372 ε

183 395 255 438 Εζμ)
275 406 348 427 sum
371 395 429 427 luz*
447 394 566 427 mundi
584 408 594 426 .·
610 396 666 439 qui
683 395 828 439 sequitur
843 407 905 433 me,
924 406 989 427 non
1004 395 1154 427 {mzbulat
1170 395 1204 427 in
1222 395 1371 428 tenebris.
1389 397 1496 440 Hujus
1515 397 1613 430 officii
1627 397 1766 430 formam

183 452 234 484 illi
257 452 411 493 gerebant.
434 451 468 484 in
489 453 590 485 veteri
614 457 804 485 testamento
821 458 844 493 ³,
870 453 927 496 qui
952 453 1100 485 lucernas
1123 453 1309 486 candelabri
1331 455 1583 498 componebant,
1609 460 1639 488 et
1659 467 1768 488 accen—

183 510 302 542 debant
317 510 392 552 igne
407 510 538 551 caelesti,
555 511 595 543 ad
610 511 844 543 illuminandas
859 510 1007 543 tenebras
1022 511 1241 555 aquilonares.

228 567 368 606 Quintus
382 571 428 599 est
442 567 520 600 ordo
536 567 831 601 subdiaconorum.
849 567 958 600 Graere
973 568 1219 612 Hypodiacones
1241 573 1400 602 vocantur
1414 575 1442 612 ¹²,
1460 583 1542 614 quos
1557 583 1614 604 nos
1630 571 1769 604 Subdia-
1785 586 1814 606 με
1835 584 1888 606 Sub-

183 635 278 657 conos
291 623 441 657 dicimus.
467 624 531 663 Qui
546 625 617 657 ideo
633 625 677 657 sic
692 625 911 669 appellantur,
930 626 1007 669 quia
1024 625 1191 669 subjacent
1207 628 1372 671 praeceptis
1396 632 1427 660 et
1448 628 1563 661 officiis
1577 629 1765 663 levitarum.

182 681 369 714 Oblationes
392 681 478 714 enim
503 682 539 714 in
564 682 683 726 templo
705 694 722 714 a
748 682 900 715 fidelibus
920 683 1111 726 suscipiunt,
1135 687 1165 715 et
1192 684 1301 716 levitis
1325 685 1589 729 superponendas
1612 686 1769 719 altaribus

182 739 344 771 deferunt.
370 739 413 771 Hi
437 739 523 782 apud
543 740 696 773 Hebraeos
719 739 905 772 Nathinnaei
928 741 1145 781 vocabantur,
1163 741 1196 773 id
1219 745 1286 782 est,
1305 742 1337 774 in
1353 742 1538 775 humilitate
1553 743 1691 776 Domino
1706 755 1772 776 ser-

182 797 306 830 vientes
319 802 340 829 ⁵.
358 797 409 829 Ad
432 797 678 830 Snbdiaconum
703 797 842 842 pertinet
869 797 999 830 calicem
1026 803 1057 830 et
1082 803 1231 842 patenam
1256 799 1295 831 ad
1312 799 1412 832 altare
1431 800 1550 832 Christi
1574 800 1711 841 deferre,
1741 805 1772 833 et

182 855 289 887 levitis
307 854 445 895 tradere,
463 855 573 899 eisque
599 855 796 888 ministrare.
820 855 994 888 Urceolum
1015 867 1147 899 quoque
1171 861 1201 888 et
1227 868 1345 900 aquam
1370 857 1522 890 manilem
1546 862 1576 890 et
1600 862 1772 890 manuter-

183 912 274 955 gium
290 912 449 955 episcopo,
460 916 491 944 et
502 913 709 956 presbyteris,
721 917 751 945 et
766 913 873 945 levitis
888 924 946 957 pro
961 913 1109 946 lavandis
1123 914 1299 947 antealtare
1314 916 1465 948 manibus
1480 927 1599 960 aquam
1614 916 1770 960 praebere.

183 969 242 1002 His
256 969 308 1001 lex
330 969 536 1002 continentia]
560 970 752 1014 imponitur,
770 970 849 1014 quia
872 971 968 1003 altari
993 971 1260 1015 propinquantes,
1285 984 1361 1005 vasa
1385 973 1529 1017 corporis
1551 978 1581 1005 et
1604 973 1774 1016 sanguinis

183 1026 302 1059 Christi
324 1031 463 1070 portant.
488 1027 581 1060 Unde
602 1027 686 1060 illud
708 1028 844 1071 implere
865 1028 984 1060 debent
1005 1033 1015 1047 ἢ
1035 1041 1040 1060 :
1062 1028 1293 1069 Mmzclamim',
1324 1030 1379 1073 qui
1398 1031 1495 1074 fertis
1524 1042 1604 1063 vasa
1625 1031 1771 1064 Domini.

184 1084 233 1116 Ad
250 1084 308 1117 hos
322 1084 418 1117 etiam
436 1085 576 1128 pertinet
591 1089 719 1118 tantum
735 1085 773 1118 de
789 1086 1009 1118 oblationibus
1024 1097 1143 1130 ponere
1159 1087 1193 1119 in
1209 1087 1316 1129 altari,
1334 1092 1496 1131 quantum
1512 1088 1659 1122 sufficere
1677 1089 1776 1133 possit

183 1142 316 1186 populo,
338 1153 396 1174 nec
420 1153 486 1175 non
511 1143 704 1186 corporalia,
733 1148 764 1175 et
788 1143 900 1187 pallas,
924 1147 955 1175 et
983 1144 1194 1176 substratoria
1223 1144 1344 1177 lavare.
1368 1146 1410 1178 Hi
1434 1159 1448 1176 «
1476 1157 1550 1178 cum
1567 1147 1774 1187 ordinantur,

183 1199 345 1244 accipiunt
359 1199 398 1232 de
413 1211 512 1232 manu
529 1200 669 1244 episcopi
684 1205 834 1244 patenam
851 1206 881 1233 et
896 1201 1027 1233 calicem
1044 1213 1202 1243 vacuum,
1219 1202 1259 1234 ab
1274 1202 1500 1236 archidiacono
1515 1215 1591 1236 vero
1607 1204 1776 1236 urceolum

183 1268 257 1290 cum
272 1269 358 1301 aqua
373 1258 509 1299 manili,
527 1262 557 1290 et
574 1259 817 1301 manutergium
833 1263 842 1279 ⁷
862 1285 868 1290 .
891 1272 907 1289 »
924 1259 992 1291 Hoc
1011 1259 1118 1291 officio
1140 1271 1219 1292 usus
1239 1264 1286 1292 est
1306 1260 1485 1302 Dominus,
1507 1261 1638 1305 qnando
1653 1262 1662 1278 ⁸
1678 1262 1777 1294 linteo

183 1316 415 1359 seproecinzz't,
433 1322 463 1349 et
477 1315 611 1348 mittens
628 1327 751 1359 aquam
766 1316 801 1348 z'n
810 1317 947 1360 pelvim,
966 1316 1064 1360 pedes
1079 1316 1312 1361 discipulorzmz
1329 1318 1423 1359 lavit,
1442 1324 1472 1350 et
1486 1319 1585 1351 linteo
1602 1320 1704 1352 tersit.

230 1373 447 1406 Diaconorum
471 1373 549 1405 ordo
568 1374 577 1389 ⁹
594 1375 729 1406 ‘sextum
754 1378 841 1406 tenet
862 1374 970 1406 locum
992 1378 1122 1418 propter
1147 1375 1266 1407 senarii
1291 1376 1532 1419 perfectionem.
1559 1377 1619 1409 Hic
1643 1377 1721 1410 ordo
1743 1378 1777 1410 in

185 1431 286 1462 veteri
310 1435 500 1463 testamento
526 1442 541 1463 a
570 1431 657 1463 tribu
683 1431 761 1463 Levi
786 1443 905 1464 nomen
930 1433 1051 1475 accepit
1079 1433 1129 1465 vel
1150 1432 1272 1464 traxit:
1299 1433 1454 1466 dicuntur
1477 1434 1563 1466 enim
1588 1439 1620 1467 et
1643 1435 1774 1468 Levitae.

185 1488 340 1531 Praecepit
354 1488 475 1532 quippe
490 1488 651 1520 Dominus
666 1488 770 1532 Moysi
784 1515 791 1529 ,
810 1494 845 1521 ut
864 1493 934 1533 post
949 1489 1188 1522 ordinationem
1204 1491 1315 1523 Aaron
1332 1495 1363 1523 et
1376 1491 1521 1524 filiorum
1546 1492 1628 1535 ejus,
1646 1503 1777 1536 prorsus

186 1545 289 1578 tribus
303 1545 382 1578 Levi
397 1546 436 1578 ad
452 1545 556 1578 divini
571 1545 679 1578 cultus
695 1546 875 1579 ministeria
896 1547 1119 1587 ordinaretur,
1138 1552 1168 1579 et
1189 1553 1432 1582 consecraretur
1454 1549 1593 1582 Domino
1609 1563 1616 1591 3
1634 1554 1665 1582 et
1679 1551 1778 1583 servi-

187 1608 257 1636 rent
273 1615 330 1648 pro
345 1604 444 1636 Israel
459 1615 567 1636 coram
586 1605 696 1637 Aaron
712 1609 742 1637 et
762 1604 839 1637 filiis
855 1605 925 1649 ejus
940 1605 973 1637 in
989 1605 1199 1638 tabernaculo
1215 1607 1236 1625 ¹0
1251 1619 1258 1645 ;
1280 1606 1407 1650 ipsique
1427 1611 1590 1649 gestarent
1605 1619 1729 1649 arcam,
1747 1613 1779 1641 et

186 1661 433 1694 tabernaculum
446 1687 453 1701 ‚
471 1666 502 1694 et
524 1662 634 1694 omnia
657 1673 733 1695 vasa
756 1663 846 1706 ejus;
868 1663 946 1695 etin
966 1663 1105 1695 circuitu
1126 1663 1328 1695 tabernaculi
1349 1664 1564 1705 excubarent,
1582 1669 1612 1697 et
1636 1665 1670 1698 in
1690 1669 1779 1698 tran-

186 1719 360 1762 sportando
374 1719 584 1752 tabernaculo
599 1719 661 1763 ipsi
682 1720 900 1764 deponerent,
923 1731 1121 1764 rursumque
1141 1726 1373 1765 componerent
1388 1721 1419 1754 ¹¹.
1447 1723 1474 1754 A
1498 1722 1615 1765 viginti
1631 1723 1779 1768 quinque

186 1777 280 1808 annis
294 1781 326 1808 et
340 1787 439 1820 supra
450 1776 533 1820 jussi
546 1782 623 1810 sunt
642 1777 762 1809 servire
778 1778 812 1809 in
836 1778 1045 1810 tabernaculo
1061 1783 1082 1799 ¹²
1103 1792 1109 1811 z
1135 1790 1234 1822 qnam
1257 1779 1405 1820 regulam
1424 1779 1459 1812 in
1483 1792 1568 1813 novo
1589 1784 1778 1814 testamento

186 1834 286 1866 sancti
302 1839 407 1878 patres
422 1835 663 1867 constituerunt
679 1848 686 1875 ;
705 1835 783 1878 qnia
798 1835 865 1867 haec
881 1839 959 1868 astas
972 1835 1011 1867 ad
1027 1836 1160 1868 ferenda
1175 1847 1273 1868 onera
1288 1841 1335 1868 est
1350 1836 1493 1869 robusta.
1512 1838 1633 1870 Levitae
1649 1849 1725 1882 ergo
1740 1850 1778 1871 ex

187 1891 318 1924 nomine
339 1892 478 1924 auctoris
494 1892 598 1925 vocati
622 1896 697 1924 sunt
717 1893 748 1924 ¹³.
775 1892 820 1924 De
845 1893 923 1925 Levi
946 1892 1033 1925 enim
1050 1893 1169 1925 Levitae
1194 1894 1297 1926 exorti
1321 1898 1416 1935 sunt,
1434 1906 1452 1927 a
1472 1895 1593 1939 quibus
1608 1896 1642 1928 in
1658 1897 1778 1940 templo

188 1950 315 1992 mystici
337 1950 528 1982 sacramenti
544 1950 696 1994 mysteria
715 1950 941 1994 explebantur.
965 1950 1006 1982 Hi
1022 1961 1125 1993 graece
1140 1950 1309 1992 diacones,
1326 1951 1426 1984 latine
1445 1952 1585 1985 ministri
1610 1953 1776 1995 dicuntur,

189 2006 267 2049 quia
290 2006 373 2038 sicut
396 2007 430 2039 in
450 2007 612 2040 sacerdote
631 2007 839 2048 consecratIO,
864 2008 908 2040 ita
932 2011 962 2040 et
986 2007 1019 2039 in
1045 2008 1182 2041 diacono
1207 2008 1353 2052 mysterii
1373 2009 1570 2053 dispensatio
1591 2010 1730 2044 habetur
1745 2012 1777 2044 ¹⁴.

190 2063 239 2096 Ad
259 2063 438 2097 Diaconum
456 2065 596 2109 pertinet
610 2065 757 2098 assistere
772 2065 1008 2107 sacerdotibus,
1026 2069 1057 2098 et
1072 2065 1256 2098 ministrare
1271 2066 1305 2098 in
1323 2066 1476 2100 omnibus
1497 2079 1570 2112 quae
1585 2072 1731 2111 aguntur
1745 2069 1778 2100 in

188 2113 395 2155 sacramentis
411 2122 547 2164 Christi,
565 2122 684 2155 scilieet
699 2123 732 2155 in
748 2123 928 2167 baptismo,
947 2123 981 2155 in
1005 2122 1193 2164 chrismate,
1211 2124 1246 2156 in
1271 2128 1387 2167 patena
1412 2128 1443 2157 et
1461 2125 1558 2158 calice
1573 2152 1580 2167 ,
1600 2126 1780 2159 oblationes

189 2190 320 2224 quoque
343 2180 476 2221 inferre,
499 2184 529 2212 et
552 2180 723 2224 disponere
741 2181 774 2213 in
795 2181 911 2222 altari3
938 2192 1130 2225 componere
1155 2181 1252 2213 etiam
1272 2193 1416 2215 mensam
1442 2183 1574 2216 Domini
1594 2188 1624 2216 et
1638 2184 1777 2225 vestire,

188 2248 316 2270 crucem
330 2237 431 2278 ferre,
449 2242 480 2270 et
495 2238 667 2280 praedicare
683 2238 905 2281 evangelium,
922 2242 953 2271 et
969 2238 1136 2282 epistolam
1151 2238 1191 2271 ad
1206 2239 1378 2283 populum.
1396 2239 1478 2272 Nam
1494 2241 1577 2273 sicut
1591 2241 1780 2274 Lectoribus

189 2293 291 2327 Vetus
304 2295 565 2336 Testamentum,
581 2295 625 2328 ita
644 2295 807 2328 Diaconus
821 2295 952 2328 Novum
975 2295 1148 2340 przedicare
1169 2301 1365 2340 praeceptum
1390 2302 1446 2330 est.
1476 2298 1526 2331 Ad
1552 2298 1659 2343 ipsum
1684 2299 1780 2332 etiam

189 2352 327 2394 pertinet
350 2352 495 2385 officium
519 2364 664 2396 precum,
688 2353 832 2385 recitatio
854 2353 1163 2386 catechumenorum
1188 2354 1372 2387 nominum.
1396 2357 1464 2399 lpse
1486 2360 1664 2400 praemonet
1687 2368 1781 2389 aures

189 2408 306 2442 habere
326 2410 366 2442 ad
386 2410 576 2451 Dominum,
596 2411 664 2455 ipse
687 2411 786 2444 donat
807 2422 928 2456 pacem,
951 2415 981 2443 et
1006 2411 1072 2455 ipse
1096 2411 1281 2444 annuntiat.
1302 2412 1395 2450 Quod
1421 2418 1529 2446 autem
1546 2414 1623 2446 huic
1642 2414 1748 2447 ordini
1763 2426 1782 2446 a

223 2502 312 2526 ¹Conc.
325 2502 414 2526 Carth.
431 2504 472 2533 lv,
489 2510 511 2527 c.
528 2509 553 2527 v1
567 2505 592 2527 et
605 2504 720 2531 habetur,
737 2504 794 2527 dist.
810 2494 885 2533 rxin,
901 2513 922 2528 ι.-,
946 2504 1072 2534 Acolystzts.
1084 2516 1113 2520 —
1127 2505 1137 2519 ²
1148 2505 1228 2533 Joaa„
1244 2510 1300 2533 vni,
1315 2506 1350 2528 12.
1364 2518 1395 2521 —
1409 2506 1417 2518 ³
1433 2506 1523 2537 Eoeod„
1539 2513 1620 2538 xxvu,
1636 2508 1678 2537 213
1696 2508 1781 2538 Lavit„

191 2542 226 2564 vi,
241 2538 312 2560 12—
323 2537 409 2568 ΙἸεἰιἸ.,
429 2538 548 2569 Είῃηιοί.,
563 2539 606 2562 lib.
624 2540 678 2570 vu,
694 2546 768 2568 c.xu,
785 2542 809 2563 et
824 2540 939 2569 hahetur,
956 2540 1013 2563 dist.
1033 2545 1091 2569 xxx,
1112 2547 1133 2563 c.
1147 2540 1238 2564 Clerm‘.
1250 2541 1294 2557 —5
1309 2541 1377 2569 isid„
1390 2540 1423 2564 nd
1435 2542 1605 2571 LGlisredztm,
1626 2545 1650 2566 ct
1664 2543 1779 2572 habetur,

190 2571 246 2596 dist.
263 2578 323 2602 xxv,
341 2580 363 2596 c.
379 2574 512 2602 Pet-lectis5
532 2575 609 2605 ling,
625 2575 668 2598 lib.
688 2575 719 2605 ΙΙ,
737 2582 762 2606 p.
781 2575 822 2604 ΙΙΙ,
843 2583 863 2599 c.
884 2581 919 2598 lx.
934 2588 964 2592 -
982 2575 992 2590 θ
1007 2575 1065 2602 Ira..
1083 2581 1128 2604 Lu,
1146 2577 1182 2599 11.
1195 2588 1225 2592 —
1246 2574 1253 2591 7
1276 2575 1347 2600 Cone.
1369 2576 1456 2600 Carth.
1478 2578 1521 2608 lV,
1538 2586 1561 2602 c.
1578 2579 1601 2607 5,
1623 2580 1647 2601 et
1667 2578 1782 2612 liabetur,

190 2607 248 2631 dist.
263 2614 339 2637 xxm,
356 2615 378 2632 c.
397 2609 574 2633 Subdiaconus.
585 2623 616 2627 —
631 2610 732 2641 ³.loan.,
747 2616 805 2640 xni,
820 2612 843 2635 5.
860 2623 890 2628 —
905 2612 913 2625 ⁹
927 2611 1003 2641 nug„
1019 2610 1062 2633 lib.
1078 2610 1107 2640 ΙΙ,
1123 2617 1147 2640 p.
1166 2611 1207 2640 tlt,
1225 2618 1246 2634 c.
1262 2616 1314 2635 xvi.
1328 2624 1356 2629 -
1373 2613 1389 2626 ¹⁰
1406 2612 1493 2641 Num„
1510 2619 1547 2643 ni,
1564 2615 1629 2643 5-10,
1645 2614 1728 2644 25-26,
1743 2616 1781 2643 31,

189 2643 271 2668 36-38.
282 2656 313 2661 -
325 2644 343 2659 ¹¹
356 2643 443 2674 Num„
455 2650 491 2674 ιν,
507 2646 573 2676 4-15,
584 2647 666 2675 fiis-27,
680 2647 762 2669 31-32.
772 2659 801 2664 —
816 2646 833 2662 ¹²
843 2646 929 2675 Num„
943 2652 1001 2675 vul,
1011 2647 1049 2670 2⁷0.
1066 2645 1209 2675 —·³1sid.,
1225 2646 1345 2676 Etymol..
1362 2647 1404 2671 lib.
1418 2648 1473 2677 vu,
1489 2650 1513 2672 et
1525 2648 1643 2677 habetur,
1655 2648 1711 2672 dist.
1728 2654 1782 2678 xxi,

190 2686 212 2702 c.
229 2678 321 2703 eleros.
332 2691 364 2698 -
375 2678 393 2695 ¹⁶
404 2679 467 2704 Dist.
483 2686 544 2710 xxv,
561 2687 583 2705 c.
597 2680 725 2704 Perleca'e.

1784 616 1886 637 diaconis.

1793 1399 1824 1419 De
1848 1398 1899 1419 Din-

1794 1435 1862 1450 conis.
