1991 3006
88 634 117 654 De
139 636 191 653 statu

86 667 106 685 et
116 665 190 684 eondi-

87 695 142 714 tione
151 702 191 714 ma*

105 726 171 746 lorum

87 758 131 782 pust
139 763 190 775 mor»

112 790 131 807 te
137 793 162 806 22.

211 211 267 240 523¹.
767 210 1075 243 SENTENTIARUM
1097 212 1172 244 LIB.
1198 212 1246 244 lV.

683 362 1103 410 DISTINCTIO
1153 363 1324 409 XLVI

230 477 269 498 AN
282 477 383 500 VALDE
395 479 484 501 MALIS
499 479 595 502 DETUR
610 480 767 502 MI'I'IGATIO
783 480 892 510 ΜΕΝ-Ἐς
910 481 981 506 QUID
995 481 1050 502 PER
1065 481 1301 503 Mistznlcossnlnl
1318 482 1354 504 ET
1369 482 1526 504 JUSTlTiAM
1542 483 1777 514 leELLIGATum

618 533 654 554 ET
675 533 819 559 QUOMODO
839 534 867 554 ΙΝ
887 533 961 554 OMNI
982 534 1076 556 OPERE
1097 535 1145 556 DEI
1166 534 1383 557 1NveN1AN'rL'n.

251 621 314 654 Sed
332 622 492 666 quaeritur
508 622 559 656 hic
576 624 614 657 de
631 624 725 657 valde
741 625 851 666 malis,
870 629 981 658 utrum
998 630 1029 658 et
1051 626 1111 669 ipsi
1130 627 1163 658 in
1183 626 1294 671 aliqua
1318 637 1491 672 poenarum
1515 626 1719 669 mitigatione
1737 626 1797 660 Dei

208 679 461 712 misericordiam
482 681 641 723 sentiant,
662 686 695 715 ut
713 683 821 715 minus
833 709 840 723 ,
858 694 957 727 qnam
974 684 1169 724 meruerint,
1189 684 1382 728 puniantur.
1400 684 1541 724 Quidam
1557 688 1731 717 autumant
1745 695 1799 717 eos

206 737 333 770 nullam
355 737 587 771 relevationem
610 750 714 783 poenae
739 740 927 782 habituros,
946 741 1033 784 quod
1055 742 1251 774 confirmant
1265 741 1377 775 Jacobi
1399 742 1590 774 auctoritate
1608 741 1769 775 direntis¹
1787 754 1795 773 :

204 794 370 827 chclc'cium
392 796 462 828 sine
480 796 704 829 misericordia
735 797 789 829 fiet
812 797 882 837 illi,
906 798 962 842 qui
985 810 1051 831 non
1069 799 1149 842 fecit
1174 798 1448 831 misericordiam.
1471 799 1678 842 Augustinus
1700 799 1797 832 etiam

205 852 250 884 ait
264 855 295 884 ²:
316 867 331 883 (t
350 853 569 886 Misericordia
585 855 834 899 hic,j11dicium
855 856 888 888 in
911 856 1034 888 futuro.
1057 870 1072 887 n
1093 856 1181 889 Idem
1205 856 1409 898 distinguens
1432 855 1598 900 quomodo
1613 867 1725 888 omnes
1739 856 1799 889 vioe

204 909 332 942 Domini
352 911 416 943 sint
438 911 657 945 misericordia
671 916 702 945 et
718 913 837 945 veritas
851 939 858 953 ,
875 913 920 945 ait
936 917 946 932 ³
963 926 969 945 ε
988 914 1074 956 Erga
1097 918 1224 946 sanatos
1244 925 1358 946 omncs
1379 914 1441 946 viae
1464 914 1522 946 Dei
1550 912 1772 946 misericordia
1788 925 1794 944 ι

204 977 280 1009 erga
302 967 432 1011 iniquos
445 979 558 1001 omnes
577 970 617 1012 (a)
635 970 775 1010 veritas3
793 970 871 1015 quia
885 976 915 1003 et
931 971 965 1003 in
984 971 1164 1015 judicando
1184 971 1361 1012 subvenit,
1379 975 1410 1003 et
1431 971 1476 1004 ita
1490 982 1556 1003 non
1570 971 1660 1003 deest
1674 970 1799 1003 miseri-

203 1024 332 1065 cordia;
350 1029 381 1057 et
397 1025 431 1058 in
446 1027 629 1060 miserando
645 1027 677 1060 id
693 1028 824 1060 exhibet
844 1028 932 1072 quod
952 1028 1122 1072 promisit,
1141 1040 1181 1060 ne
1201 1029 1283 1061 desit
1299 1029 1429 1061 veritas,
1450 1029 1537 1071 Erga
1557 1039 1670 1061 omnes
1689 1032 1797 1061 autem

203 1093 286 1126 quos
308 1082 446 1123 liberat,
469 1088 500 1116 et
521 1084 736 1126 condemnat,
762 1096 875 1118 omnes
896 1085 959 1118 viae
981 1090 1059 1118 sunt
1080 1086 1303 1118 misericordia
1326 1090 1357 1117 et
1383 1086 1526 1127 veritas;
1550 1086 1628 1130 quia
1651 1086 1709 1118 ubi
1732 1097 1798 1119 non

203 1140 393 1182 miseretur,
412 1141 561 1175 vindictae
582 1143 702 1175 veritas
726 1142 868 1175 datur.»
889 1143 1023 1184 Dicens,
1045 1156 1061 1174 «
1084 1144 1141 1175 ubi
1168 1155 1234 1176 non
1257 1143 1446 1184 miseretur,
1464 1157 1480 1174 »
1499 1143 1553 1176 dat
1576 1143 1721 1186 intelligi
1739 1143 1799 1176 ali-

203 1197 282 1241 quid
297 1209 316 1230 a
340 1198 406 1231 Deo
430 1198 523 1240 fieri,
548 1200 604 1232 ubi
629 1200 696 1244 ipse
719 1212 785 1233 non
813 1201 996 1233 miseretur.
1022 1201 1084 1234 Sed
1111 1201 1161 1233 liis
1180 1201 1321 1234 occurrit
1345 1201 1434 1245 quod
1459 1201 1504 1234 ait
1529 1200 1741 1234 Cassiodorus
1763 1201 1798 1234 in

204 1255 420 1297 Psalmumn,
438 1257 576 1301 loquens
599 1257 638 1289 de
664 1258 885 1291 misericordia
907 1263 938 1290 et
963 1259 1082 1302 pietate
1108 1258 1177 1290 Dei.
1205 1272 1221 1289 «
1248 1259 1306 1291 11ae
1328 1258 1420 1299 duze,
1446 1258 1573 1302 inquit,
1598 1269 1649 1290 res
1672 1258 1798 1302 judicio

203 1312 260 1345 Dei
276 1324 402 1357 semper
418 1313 581 1358 adjunctae
594 1319 682 1347 sunt.
701 1329 715 1345 n
736 1315 821 1357 Ergo
838 1320 868 1347 et
885 1316 919 1348 in
936 1316 1108 1360 punitione
1135 1316 1299 1348 malorum
1323 1327 1388 1348 non
1408 1320 1455 1348 est
1471 1315 1601 1359 justitia
1615 1316 1686 1348 sine
1702 1316 1797 1348 mise-

204 1370 352 1403 ricordia.
374 1370 459 1404 [dem
475 1371 514 1404 de
530 1371 656 1415 judicio
671 1377 702 1404 et
718 1373 939 1405 misericordia
954 1374 998 1406 ait
1016 1378 1023 1392 ⁸
1041 1386 1048 1405 :
1071 1386 1087 1405 κ
1103 1373 1176 1406 Haec
1191 1374 1257 1406 duo
1274 1378 1389 1406 mutua
1403 1374 1553 1406 societate
1571 1373 1633 1406 sibi
1646 1373 1797 1418 jungun-

202 1432 268 1461 tur.
285 1429 322 1460 In
338 1428 389 1461 his
410 1429 552 1462 breviter
576 1431 685 1463 onmia
710 1442 808 1475 opera
832 1431 889 1463 Dei
913 1431 1063 1463 includit.
1082 1444 1097 1462 »
1118 1432 1327 1474 Augustinus
1341 1443 1474 1475 quoque
1490 1431 1689 1475 respondens
1704 1431 1770 1464 illis
1786 1457 1794 1472 ,

202 1486 259 1530 qui
279 1487 493 1531 reproborum
513 1488 673 1532 supplicia
688 1488 789 1521 {inem
803 1488 957 1520 habitura
981 1489 1203 1530 contendunt,
1222 1489 1268 1521 ita
1284 1489 1418 1521 illorum
1435 1488 1565 1532 repellit
1583 1489 1772 1533 opinionem
1785 1514 1793 1530 ‚

201 1554 345 1576 asserens
369 1545 523 1589 reprobos
546 1549 704 1589 perpetuo
732 1546 935 1590 puniendos,
962 1550 997 1578 ut
1023 1558 1138 1579 eorum
1155 1546 1316 1590 supplicia
1332 1546 1488 1588 mittigari
1503 1545 1711 1590 aliquatenus
1727 1556 1792 1578 non

202 1604 308 1644 neget.
326 1614 343 1632 «
360 1601 494 1634 Frustra
507 1628 515 1643 ,
532 1603 641 1646 inquit
655 1605 664 1621 ⁵
676 1629 684 1643 ‚
702 1603 854 1635 nonnulli
880 1607 1036 1636 {eternam
1061 1604 1325 1635 (lamnandorum
1349 1614 1479 1647 poenam
1498 1607 1529 1635 et
1543 1603 1706 1636 cruciatus
1725 1603 1795 1637 sine

202 1658 442 1692 intermissione
457 1664 630 1704 perpetuos
647 1660 792 1693 humano
812 1660 1010 1693 miserantur
1025 1661 1144 1694 affectu
1157 1687 1164 1701 ,
1181 1665 1279 1704 atque
1304 1661 1348 1692 ita
1372 1661 1524 1693 futurum
1539 1657 1616 1693 ’esse
1638 1671 1705 1693 uon
1727 1671 1796 1694 cre-

201 1716 284 1749 dunt
306 1728 313 1748 t
335 1727 401 1750 non
423 1717 557 1761 quidem
581 1717 752 1761 scripturis
776 1718 978 1751 adversando
1010 1718 1150 1757 divinis,
1179 1718 1233 1750 sed
1260 1729 1318 1761 pro
1343 1729 1402 1750 suo
1431 1721 1523 1750 motu
1548 1717 1631 1750 dura
1656 1729 1797 1762 quaeque

204 1773 392 1815 molliendo,
410 1777 441 1806 et
461 1774 495 1806 in
519 1774 678 1808 leniorem
694 1776 853 1808 flectendo
868 1775 1062 1808 sententiam
1077 1801 1084 1816 ‚
1101 1786 1176 1820 quae
1192 1779 1308 1819 putant
1323 1775 1356 1807 in
1375 1776 1420 1808 eis
1435 1775 1615 1807 terribilius
1629 1786 1696 1808 esse
1709 1775 1796 1809 dicta

200 1843 299 1876 quam
316 1831 435 1864 verius.
458 1845 474 1863 «
490 1834 565 1866 Non
581 1833 668 1865 enim
687 1834 695 1875 (
712 1833 867 1877 inquiunt
882 1834 890 1876 )
914 1833 1120 1866 obliviscetur
1142 1833 1289 1866 misereri
1304 1835 1408 1873 Deus,
1427 1839 1485 1866 aut
1499 1833 1679 1866 continebit
1692 1833 1728 1866 in
1745 1834 1796 1866 ira

200 1901 259 1922 sua
275 1889 519 1923 misericordias
534 1901 610 1924 suas
625 1892 647 1922 ⁶.
666 1904 682 1921 »
696 1891 765 1923 Hoc
780 1891 912 1935 quidem
941 1891 974 1923 in
989 1891 1120 1924 Psalmo
1145 1891 1288 1933 legitur;
1315 1891 1369 1923 sed
1394 1886 1433 1923 de
1449 1891 1500 1923 his
1523 1891 1722 1934 intelligitur
1738 1891 1796 1935 qui

200 1951 276 1980 sunt
293 1959 370 1980 vasa
385 1948 635 1989 misericordia),
652 1948 731 1993 quia
745 1953 776 1981 et
790 1949 851 1993 ipsi
869 1960 933 1981 non
949 1959 1008 1992 pro
1025 1949 1150 1981 meritis
1165 1949 1244 1990 suis,
1265 1948 1319 1981 sed
1339 1948 1404 1981 Deo
1419 1948 1593 1981 miserante
1608 1949 1647 1981 de
1665 1948 1797 1981 miseria

200 2005 392 2038 liberantur.
410 2005 478 2037 Aut
494 2005 521 2037 si
537 2005 597 2038 hoc
616 2005 657 2038 ad
683 2017 796 2039 omnes
820 2006 1009 2038 existimant
1032 2007 1216 2050 pertinere,
1235 2017 1301 2039 non
1316 2006 1389 2039 ideo
1405 2017 1531 2039 necesse
1547 2010 1595 2039 est
1610 2012 1646 2039 ut
1660 2006 1796 2039 damna-

200 2062 321 2095 tionem
340 2062 516 2106 opinentur
531 2063 620 2095 finiri
644 2075 734 2107 posse
758 2075 890 2103 eorum,
908 2063 946 2095 de
962 2064 1083 2107 quibus
1105 2064 1228 2096 dictum
1244 2069 1290 2096 est
1307 2068 1316 2083 ⁷
1336 2076 1342 2096 :
1363 2064 1463 2096 Ibzmt
1478 2064 1513 2096 ln'
1537 2063 1572 2096 in
1598 2063 1796 2108 supplicium

202 2126 361 2152 oeternum
386 2132 392 2151 :
413 2131 453 2152 ne
471 2119 531 2152 hoe
554 2120 650 2152 modo
672 2124 806 2163 putetur
821 2120 972 2153 habitura
988 2120 1089 2153 finem
1105 2121 1240 2153 felicitas
1256 2131 1370 2153 eorum
1382 2147 1390 2161 ,
1408 2121 1446 2153 de
1462 2121 1583 2164 quibus
1599 2132 1616 2153 e
1632 2120 1795 2154 contrario

201 2177 324 2210 dictum
339 2181 386 2210 est
403 2189 410 2210 :
427 2178 514 2209 lusci
529 2183 640 2210 autem
656 2178 691 2210 z'n
706 2178 811 2210 vitam
837 2184 1009 2210 (eternam.
1027 2178 1091 2211 Sed
1107 2190 1219 2222 poenas
1233 2178 1464 2210 damnatorum
1480 2177 1575 2210 certis
1591 2177 1796 2220 temporibus

202 2234 386 2268 existiment
405 2235 454 2277 (si
471 2234 530 2267 hoc
561 2234 612 2267 his
632 2235 754 2279 placet)
780 2236 988 2280 aliquatenus
1013 2235 1168 2278 mitigari.
1191 2236 1231 2268 Et
1250 2236 1287 2278 (b)
1311 2235 1355 2267 sic
1378 2236 1499 2279 quippe
1523 2234 1665 2278 intelligi
1690 2239 1795 2278 potest

202 2302 334 2324 manere
345 2292 393 2324 ira
407 2292 531 2324 Dei⁸in
552 2292 631 2334 illis,
649 2293 682 2325 id
699 2297 758 2333 est,
780 2293 850 2337 ipsa
869 2293 1049 2326 damnatio.
1069 2293 1144 2325 Herc
1160 2293 1248 2325 enim
1268 2297 1404 2325 vocatur
1425 2292 1473 2325 ira
1489 2292 1545 2325 Dei
1563 2318 1571 2333 ‚
1595 2303 1662 2325 non
1685 2292 1791 2325 divini

203 2349 307 2382 animi
336 2349 538 2392 perturbatio
550 2377 558 2389 ,
577 2353 616 2382 ut
630 2350 664 2382 in
681 2350 730 2382 ira
744 2361 803 2382 sua
817 2376 824 2391 ,
842 2350 875 2382 id
890 2354 956 2391 est,
973 2354 1124 2383 manente
1140 2350 1188 2382 ira
1202 2361 1262 2382 sua
1274 2375 1282 2390 ,
1300 2360 1366 2382 non
1390 2349 1553 2382 contineat
1570 2349 1793 2382 miserationes

203 2417 298 2447 suas,
323 2417 391 2438 non
413 2410 533 2439 aeterno
555 2407 714 2451 supplicio
738 2408 839 2440 finem
863 2408 971 2440 dando
990 2434 998 2448 ‚
1018 2408 1073 2440 sed
1095 2408 1244 2440 levamen
1264 2406 1449 2439 adhibendo
1478 2406 1529 2438 vel
1554 2406 1792 2450 interponendo

203 2463 402 2496 cruciatibus
417 2476 424 2504 ;
441 2464 520 2507 quia
545 2475 604 2496 nec
625 2465 774 2497 Psalmus
797 2465 842 2497 ait
863 2477 869 2497 :
887 2465 939 2497 Ad
962 2465 1147 2497 finiendum
1169 2465 1252 2497 iram
1277 2475 1367 2497 suam
1382 2489 1390 2504 ,
1407 2463 1459 2496 vel
1479 2467 1550 2507 post
1572 2463 1654 2496 iram
1675 2475 1769 2496 suam
1783 2489 1792 2505 ,

180 2513 186 2517 ’
204 2520 259 2554 sed
272 2547 280 2562 ,
297 2521 333 2553 in
348 2521 400 2554 ira
414 2532 486 2553 sua.
504 2521 585 2560 Quae
599 2522 626 2554 si
648 2523 716 2554 sola
736 2526 817 2554 esset
839 2522 976 2555 alienari
990 2534 1009 2555 a
1025 2533 1126 2565 regno
1143 2522 1223 2562 Dei,
1247 2526 1278 2554 et
1300 2532 1409 2554 carere
1433 2531 1552 2563 magna
1577 2520 1793 2554 multitudine

237 2596 317 2624 ¹Jac.,
335 2601 363 2624 11,
383 2598 417 2620 13.
429 2610 458 2614 —
472 2597 482 2612 ²
495 2597 567 2626 Aug„
586 2597 676 2620 Eam-r.
693 2598 719 2619 in
734 2597 773 2620 Ρς.
789 2603 873 2625 xxxii,
888 2598 966 2621 Cone.
986 2604 1036 2622 1—
1051 2597 1061 2613 ³
1079 2597 1124 2627 Ιώ,
1140 2598 1165 2620 in
1181 2597 1220 2620 Ps.
1238 2602 1331 2624 cmii,
1346 2602 1420 2620 conc.
1437 2601 1509 2625 xxix,
1525 2602 1550 2619 u.
1567 2596 1590 2618 8.
1601 2608 1632 2613 --
1646 2596 1656 2611 ⁸
1669 2595 1794 2624 Cassiod„

204 2638 276 2661 super
290 2631 330 2655 Ps.
346 2637 447 2655 cx11.—
458 2632 468 2648 ⁵
481 2632 557 2662 Aug„
573 2631 713 2661 Enchirul„
730 2639 752 2655 c.
768 2637 832 2661 cxii,
845 2640 871 2656 n.
887 2634 925 2656 29.
941 2646 966 2649 -
983 2633 992 2647 ⁶
1003 2633 1044 2656 Ps.
1057 2638 1146 2661 Lxxvi,
1164 2634 1200 2656 ¹0.
1212 2645 1241 2649 -
1252 2632 1262 2647 '¹
1278 2631 1376 2659 Manli..
1394 2636 1454 2659 xxv,
1468 2631 1506 2654 46.
1518 2630 1567 2648 -8
1578 2630 1661 2660 Ιοαη.,
1675 2636 1710 2661 ιν,
1723 2631 1762 2655 36.

236 2674 269 2706 (a)
286 2675 390 2706 Auyust.
407 2682 455 2699 non
469 2674 541 2699 habet
555 2681 617 2706 erge
630 2681 719 2699 omues
733 2675 843 2707 iniquos.
854 2689 883 2694 -
899 2676 935 2706 (b)
951 2676 1021 2700 Edit.
1034 2676 1121 2701 Bened.
1140 2676 1227 2700 Etiam.
