1991 3006
35 796 139 816 Deterrui—

57 828 113 848 natio

34 859 127 886 praemis-

44 896 71 910 5111
82 896 130 910 con-

34 921 142 942 tradiciio-

34 952 68 972 nis
94 958 141 972 auc-

56 983 128 1003 torita-

35 1016 87 1034 tuni.

49 1048 119 1069 Prima

35 1080 106 1106 opinio
121 1081 141 1099 ct

36 1110 95 1131 salsa.

40 1545 136 1580 Secunda

59 1582 132 1603 opimo

41 1606 140 1658 ξιίξοὶιᾱὺί-

59 1836 130 1857 Tertia

40 1868 121 1894 opinio.

53 2413 133 2438 Quarta

68 2450 140 2469 opinio

156 196 213 226 136
704 188 1014 221 SENTENTIARUM
1036 190 1108 222 LIB.
1134 191 1184 222 lv.

156 261 269 294 illicite
285 271 453 305 usurpare.
472 259 544 292 Non
560 270 636 301 ergo
652 258 724 291 ideo
739 269 805 290 non
820 261 897 289 sunt
913 263 1113 291 sacramenta
1124 258 1243 291 Christi
1258 263 1290 291 et
1303 258 1462 300 Ecclesiae,
1477 258 1556 303 quia
1569 259 1615 292 eis
1627 259 1739 292 illicite

154 323 290 352 utantur
305 330 370 351 non
387 317 482 350 modo
504 317 666 357 haeretici,
691 316 745 348 sed
770 315 866 347 etiam
885 326 998 347 omnes
1026 316 1141 360 iinpii3
1168 316 1221 348 sed
1246 316 1295 348 illi
1319 316 1501 358 corrigendi
1526 320 1603 348 sunt
1626 321 1657 349 et
1681 329 1741 361 pu-

154 376 285 417 niendi,
302 376 359 408 illa
384 379 493 408 autem
517 378 593 407 sunt
613 373 815 416 agnoscenda
836 377 865 404 ct
882 373 1079 405 veneranda.
1110 387 1125 404 »
1144 374 1224 406 Item
1241 374 1438 416 Gregorius¹
1458 386 1464 406 :
1486 374 1612 412 «Quod
1635 374 1741 407 dicitis

155 439 191 468 ut
206 434 263 478 qui
280 433 449 465 ordinatus
464 437 510 465 est
525 432 643 465 iterum
659 431 846 470 ordinetur,
865 430 957 462 valde
971 430 1185 463 ridiculosum
1202 435 1258 463 cst.
1278 431 1317 463 Ut
1331 432 1418 463 enim
1433 431 1615 475 baptizatus
1628 432 1739 473 semel,

156 492 275 524 iterun)
290 490 447 534 baptizari
466 501 531 522 non
547 489 662 530 ‹lebet3
681 489 724 521 ita
740 489 797 532 qui
820 492 1024 520 consecratus
1041 492 1087 520 est
1103 489 1221 528 semel,
1247 489 1279 520 in
1303 488 1414 521 eodem
1439 489 1553 521 ordine
1576 500 1641 522 non
1655 489 1742 522 valet

155 550 273 582 iterum
289 547 480 581 consecrari.
494 560 510 578 »
526 547 585 579 His
599 547 738 590 aliisque
753 545 1002 578 auctoritatibus
1018 546 1148 578 videtur
1162 546 1272 587 asseri,
1286 547 1320 578 iu
1335 547 1489 579 omnibus
1506 547 1628 591 impiis,
1643 547 1742 580 etiam

157 607 190 639 in
206 606 366 640 haereticis
382 605 526 649 praecisis
541 609 571 637 et
587 604 748 637 damnatis
759 630 766 644 ‚
785 603 903 636 Christi
919 609 1119 636 sacramenta
1137 615 1327 648 permanere
1339 630 1346 645 ,
1358 616 1433 636 cum
1446 605 1520 648 jure
1537 605 1646 638 dandi.
1665 605 1742 638 Pos-

156 669 231 697 sunt
247 664 332 696 enim
350 663 446 704 dare,
464 662 517 695 scd
535 661 732 706 perniciose,
750 666 779 693 et
795 661 918 705 quihus
940 661 1089 694 dederim
1101 688 1108 702 ,
1134 673 1198 694 uon
1221 666 1298 694 sunt
1320 662 1435 694 iteram
1457 662 1631 695 ordinandi
1647 674 1654 694 :
1671 674 1744 707 quae

156 721 330 766 praemissis
345 733 384 754 ex
400 721 546 765 opposito
562 720 692 752 obviare
710 719 876 751 videntur.

199 780 275 813 Haec
290 783 398 813 autem
414 779 546 823 quidam
561 779 605 810 ita
620 777 839 809 determinant
853 784 862 799 ²
882 789 887 809 :
906 776 1025 809 Dicunt
1040 777 1127 809 enini
1144 777 1310 810 haereticos
1325 782 1452 822 accepta
1466 778 1673 819 sacerdotali,
1694 778 1745 810 vel

156 838 327 882 episcopali
344 837 496 870 unctione
511 836 551 868 ab
568 835 707 867 Ecclesia
723 835 905 867 recedentes
921 861 928 876 ,
947 834 1096 879 baptismi
1114 835 1245 879 quidem
1262 834 1360 866 dandi
1372 835 1427 878 jus
1444 835 1594 876 retinere,
1611 835 1665 868 sed
1680 845 1746 867 non

157 895 274 928 habere
289 895 475 927 facultatem
501 893 665 925 tribuendi
691 904 797 925 sacros
811 892 941 924 ordines
955 918 962 932 ,
980 892 1030 924 vel
1053 892 1260 924 consecrandi
1283 892 1483 924 dominicum
1508 903 1645 936 corpus,
1662 896 1749 936 post-

156 965 255 998 quam
272 952 393 997 praecisi
409 957 439 984 ct
454 951 598 984 damnati
614 954 691 983 sunt
706 951 745 983 ab
762 950 902 982 Ecclesia
917 963 924 991 ;
942 949 1023 982 sicut
1047 950 1242 991 degradatus
1263 950 1431 994 episcopus
1448 961 1511 982 non
1527 950 1624 982 habet
1646 953 1750 994 potes-

158 1014 254 1043 tatem
270 1010 430 1052 largiendi
446 1020 551 1041 sacros
566 1009 696 1041 ordines
708 1035 716 1047 ‚
734 1009 920 1041 facultatem
938 1012 1045 1040 tamen
1068 1007 1252 1051 baptizandi
1274 1018 1338 1039 non
1364 1007 1483 1040 amisit.
1509 1007 1603 1046 Quod
1618 1007 1749 1050 Augus-

158 1070 246 1102 tinus
261 1069 303 1101 ait
320 1069 342 1109 ³,
366 1067 563 1109 intelligitur
584 1067 707 1099 dictum
727 1066 767 1099 dc
788 1065 958 1106 haereticis,
975 1065 1031 1110 qui
1057 1076 1121 1097 non
1147 1065 1305 1097 sententia
1329 1065 1494 1105 Ecclesia),
1519 1065 1573 1097 sed
1591 1064 1749 1108 pravitate

157 1139 268 1160 sensus
283 1127 333 1159 sui
349 1138 368 1158 a
383 1125 457 1158 fidei
476 1125 610 1157 veritate
626 1136 661 1157 ac
673 1124 827 1157 doctrina)
848 1124 971 1156 unitate
986 1123 1081 1155 divisi
1099 1127 1175 1154 sunt
1193 1136 1200 1163 ;
1218 1123 1275 1166 qui
1292 1122 1365 1154 licet
1381 1122 1459 1155 tales
1476 1122 1553 1163 sint,
1567 1122 1623 1166 jus
1641 1126 1747 1155 tamen

156 1185 328 1218 ordinandi
342 1188 373 1217 et
386 1183 593 1216 consecrandi
609 1183 739 1215 liabent.
755 1183 793 1214 Et
807 1182 864 1225 qui
878 1182 918 1214 ab
931 1182 976 1213 eis
991 1181 1187 1213 ordinantur
1201 1184 1276 1212 ante
1291 1180 1495 1213 manifestam
1513 1180 1747 1223 praecisionem,

155 1242 280 1275 etiamsi
295 1254 369 1274 cuin
385 1242 430 1274 eis
443 1245 551 1285 aperte
568 1241 718 1278 exierint.
736 1244 766 1272 et
790 1239 952 1271 sententia
976 1239 1124 1271 Ecclesiae
1147 1238 1291 1270 damnati
1307 1238 1450 1278 fuerint,
1467 1242 1589 1279 tamen,
1605 1238 1632 1270 si
1647 1237 1750 1270 redie-

155 1301 234 1342 rint,
250 1301 369 1333 iterum
384 1298 557 1331 ordinandi
574 1310 639 1330 non
663 1302 750 1330 sunt.
777 1297 816 1330 Et
831 1297 1031 1340 ubicumque
1047 1296 1168 1338 legitur
1183 1295 1222 1327 dc
1239 1295 1398 1327 ordinatis
1412 1295 1452 1327 ab
1469 1294 1645 1335 haereticis,
1662 1294 1750 1339 quod

156 1358 291 1391 servatis
313 1357 482 1390 ordinibus
507 1356 689 1388 ministrare
714 1355 862 1395 valeant,
888 1354 939 1387 vel
964 1354 1084 1386 iterum
1109 1353 1283 1385 ordinandi
1306 1364 1370 1385 non
1396 1353 1479 1392 sint,
1506 1352 1545 1385 de
1562 1351 1751 1396 hujusmodi

157 1415 379 1460 accipiendum
404 1415 526 1447 dicunt.
552 1414 634 1446 Nam
655 1418 825 1457 postquam
852 1412 976 1456 praecisi
996 1412 1139 1452 fuerint,
1157 1415 1187 1442 et
1211 1410 1492 1453 (lamnatijudicio
1513 1409 1660 1443 Ecclesiae
1674 1435 1682 1450 ‚
1695 1409 1751 1454 jus

158 1473 331 1507 ordinandi
351 1478 381 1505 et
401 1472 609 1505 consecrandi
630 1471 674 1503 eis
695 1471 875 1503 detractum
897 1473 1066 1511 asserunt,
1086 1473 1121 1501 nt
1144 1468 1348 1509 degradatis,
1373 1468 1425 1499 vel
1449 1466 1747 1499 excommunicatis.

159 1531 226 1564 Alii
246 1542 323 1563 vero
338 1531 471 1571 dicunt,
489 1533 689 1563 sacramenta
702 1528 742 1561 ab
763 1528 923 1561 haereticis
944 1531 974 1560 et
995 1527 1136 1571 praecisis
1156 1526 1335 1558 secundum
1352 1525 1490 1557 formam
1506 1524 1655 1557 Ecclesiae
1670 1524 1752 1557 cele-

160 1589 252 1622 brata
265 1600 341 1622 vera
355 1599 422 1621 esse
437 1592 468 1620 et
490 1592 570 1629 rata,
588 1587 666 1632 quia
683 1586 866 1619 recedentes
881 1586 921 1618 ab
936 1577 1076 1617 Ecclesia
1095 1584 1150 1628 jus
1171 1583 1270 1616 dandi
1287 1588 1317 1615 et
1338 1582 1547 1615 consecrandi
1564 1593 1630 1614 non
1645 1581 1752 1626 perdi-

159 1647 279 1680 derunt
295 1659 301 1679 :
326 1646 429 1691 etqui
452 1646 495 1678 sic
515 1646 555 1678 ab
574 1645 730 1677 lucreticis
744 1644 959 1684 ordinantur,
984 1654 1059 1675 cuni
1075 1642 1234 1682 redeunt,
1252 1642 1370 1674 iterum
1391 1640 1565 1673 ordinandi
1579 1651 1646 1672 non
1661 1643 1749 1672 sunt.

159 1705 240 1744 Quae
255 1715 331 1737 vero
354 1704 394 1736 ab
420 1703 580 1736 haereticis
599 1703 694 1735 aliter
717 1713 818 1746 quam
842 1702 876 1734 in
902 1701 1043 1733 Ecclesia
1067 1700 1165 1741 fiunt,
1192 1699 1271 1732 falsa
1294 1703 1371 1731 sunt
1395 1702 1426 1730 et
1447 1698 1581 1730 inania:
1608 1701 1639 1730 et
1660 1697 1717 1742 qui
1733 1709 1753 1730 a

161 1763 279 1796 talibus
294 1762 439 1795 ordinari
455 1762 609 1795 videntur
623 1787 630 1801 ,
648 1771 713 1792 non
730 1771 872 1800 munus,
889 1758 943 1790 sed
965 1758 1087 1791 vulnus
1108 1757 1282 1801 accipiunt.
1303 1756 1341 1788 Et
1363 1755 1542 1788 secundum
1564 1754 1648 1787 hanc
1661 1754 1753 1787 diffe-

158 1821 297 1853 rentiam
321 1820 411 1853 varie
433 1819 471 1852 de
494 1819 544 1852 his
570 1819 752 1863 loquuntur
774 1817 931 1850 doctores.
956 1815 1097 1855 Quidam
1120 1826 1196 1847 vero
1221 1814 1335 1847 dicunt
1356 1814 1468 1846 eadem
1491 1816 1692 1845 sacramenta
1712 1812 1753 1844 ab

159 1878 315 1912 haereticis
329 1878 470 1923 praecisis
489 1888 580 1921 posse
599 1876 775 1917 celebrari,
793 1886 867 1919 quae
883 1886 901 1906 a
916 1873 1094 1914 catholicis,
1111 1873 1138 1905 si
1153 1872 1194 1904 ab
1214 1872 1280 1904 illis
1292 1872 1398 1904 forma
1421 1870 1570 1903 Ecclesiae
1583 1874 1750 1911 servem-3

159 1941 190 1970 et
212 1937 252 1969 ab
267 1936 312 1969 eis
326 1936 486 1969 celebrata
503 1946 579 1968 vera
599 1945 666 1967 esse
687 1938 717 1966 et
733 1937 801 1966 rata
812 1960 820 1972 ,
839 1937 1000 1977 quantum
1015 1931 1055 1964 ad
1077 1942 1110 1963 se
1126 1943 1133 1962 ε
1158 1934 1320 1974 quantum
1335 1940 1412 1962 vero
1428 1928 1467 1961 ad
1483 1928 1634 1961 effectum
1648 1954 1656 1970 ,
1673 1928 1754 1961 falsa

160 2006 227 2028 esse
242 1998 274 2027 et
287 1994 414 2035 inania,
434 1997 464 2025 ct
479 1993 512 2024 iu
528 1992 579 2024 his
599 1992 656 2035 qni
674 1991 758 2023 male
776 1994 932 2030 tractant,
950 1993 981 2021 et
1005 1989 1039 2021 in
1057 1988 1107 2020 his
1130 1988 1187 2032 qui
1204 1987 1288 2019 male
1303 1986 1484 2030 suscipiunt
1504 1998 1510 2017 :
1529 1990 1560 2018 et
1574 1985 1647 2018 ideo
1661 1985 1753 2018 irrita

160 2055 192 2084 et
206 2051 286 2084 falsa
300 2077 307 2092 ‚
324 2051 402 2094 quia
417 2050 503 2094 quod
521 2049 738 2093 promittunt,
755 2052 786 2080 et
807 2047 953 2080 conferre
967 2046 1167 2085 creduntur,
1186 2055 1251 2076 non
1267 2044 1428 2076 tribuunt.
1448 2043 1640 2075 Damnanda
1655 2043 1752 2076 etiam

162 2110 328 2150 dicuntur,
346 2107 424 2151 quia
439 2107 550 2139 illicite
564 2107 718 2139 dantibus
734 2105 784 2138 vel
798 2104 1031 2149 accipientibus
1044 2108 1119 2135 sunt
1134 2102 1169 2134 in
1179 2101 1353 2145 judicium.
1372 2101 1503 2133 Polluta
1518 2100 1615 2133 etiam
1630 2100 1752 2132 dicun„

162 2171 216 2200 tur
230 2193 237 2208 ‚
256 2177 321 2199 non
336 2169 496 2210 quantum
513 2165 551 2197 ad
576 2176 608 2196 se
622 2191 629 2205 ,
645 2164 699 2197 sed
716 2166 846 2208 propter
862 2162 1031 2204 indignam
1048 2160 1273 2193 haereticorum
1289 2158 1523 2191 tractationem.
1541 2157 1616 2190 Ideo
1631 2157 1752 2200 Grego-

162 2225 231 2257 rius
253 2223 517 2256 communionem
542 2223 612 2254 Arii
637 2226 727 2255 vocat
754 2220 993 2253 efflorationem
1007 2231 1020 2258 ,·
1043 2222 1074 2251 et
1096 2217 1305 2250 Innocentius
1328 2216 1460 2248 Bonosii
1489 2215 1749 2258 ordinationem,

163 2281 429 2320 damnationem;
445 2291 510 2313 non
526 2280 613 2324 quod
630 2280 674 2312 ita
689 2280 723 2311 in
735 2290 768 2311 se
782 2279 823 2311 sit
836 2279 895 2322 (a),
908 2277 961 2310 sed
978 2276 1057 2321 quia
1071 2275 1155 2308 male
1170 2275 1283 2307 dantes
1297 2274 1349 2306 vel
1364 2273 1555 2317 accipientes
1569 2272 1648 2305 tales
1662 2273 1749 2306 facit.

164 2339 256 2372 Sicut
270 2339 366 2372 etiam
382 2339 604 2382 Hieronymus
620 2341 629 2356 ⁴
643 2337 800 2370 sacrificia
815 2347 929 2369 eorum
941 2345 1067 2379 panem
1081 2334 1187 2365 luctus
1202 2335 1306 2372 vocat,
1324 2342 1388 2364 non
1404 2334 1566 2374 quantum
1581 2330 1620 2362 ad
1635 2341 1681 2371 se,
1697 2330 1752 2363 sed

164 2401 326 2442 quantum
341 2396 381 2429 ad
396 2397 558 2428 effectum.
587 2395 746 2428 Nonnulli
767 2406 844 2427 vero
865 2393 999 2426 tradunt
1020 2392 1094 2424 illos
1118 2390 1296 2430 haeretioos,
1313 2389 1371 2433 qui
1394 2389 1428 2420 in
1454 2388 1590 2420 Ecclesia
1611 2387 1753 2421 ordinati

46 2476 109 2501 msa,
130 2477 151 2496 e,
165 2459 263 2497 sunt,
284 2455 339 2499 jus
359 2454 532 2486 ordinandi
554 2458 585 2486 et
608 2453 835 2493 consecrandi,
853 2452 950 2484 etiam
973 2461 1047 2483 cum
1066 2448 1204 2493 separati
1228 2447 1372 2488 fuerint,
1390 2446 1529 2485 habere;
1553 2446 1611 2490 qui
1625 2457 1704 2478 vero
1718 2446 1753 2478 in

56 2507 138 2528 videtur

47 2545 93 2560 esse
101 2539 152 2560 Gra·

47 2571 105 2592 tiani.

165 2513 335 2546 schismate
350 2512 402 2545 vel
417 2511 528 2544 haeresi
545 2511 661 2551 positi,
679 2511 720 2543 ab
743 2511 788 2543 eis
810 2509 952 2542 ordinati
976 2512 1007 2541 et
1024 2506 1131 2551 juncti
1145 2505 1267 2539 fuerint
1279 2530 1287 2546 ‚
1303 2505 1360 2537 illo
1371 2504 1446 2548 jure
1460 2507 1580 2536 carent.
1598 2503 1752 2548 Ideoque,

166 2582 242 2604 cum
255 2570 406 2604 ordinare
420 2569 549 2610 volunt,
566 2569 687 2601 vulnus
702 2568 809 2614 potius
823 2567 991 2610 infligunt,
1008 2576 1107 2611 quam
1123 2563 1261 2606 gratiam
1275 2562 1453 2595 conferant.

202 2643 208 2656 ·
225 2642 309 2671 (ἶπες,
326 2641 368 2664 lib.
386 2642 419 2669 11,
436 2640 465 2663 ad
481 2641 550 2663 Jocm.
570 2640 686 2668 menn„
706 2639 788 2670 Epist.
809 2645 895 2668 xxxii,
914 2640 938 2662 et
954 2637 1061 2661 hahetur
1076 2635 1133 2659 (list.
1150 2639 1243 2662 vaiu,
1259 2640 1280 2657 c.
1297 2633 1365 2656 sicut
1382 2632 1466 2655 semel.
1482 2645 1510 2650 -
1531 2634 1538 2648 ¹
1557 2633 1614 2656 Haec
1632 2633 1756 2657 habentur

169 2676 226 2700 dist.
241 2682 259 2707 1,
277 2683 300 2707 q.
318 2683 335 2707 i,
348 2676 363 2707 ἓ
378 2676 514 2707 Opponitur
528 2677 618 2698 autem.
630 2688 660 2693 —
675 2675 682 2688 ³
696 2675 752 2698 Vid.
768 2681 851 2705 supra.
864 2687 892 2691 —
907 2674 915 2689 ⁶
929 2672 1043 2702 Hieron„
1059 2671 1083 2694 in
1102 2670 1165 2700 Osa,
1181 2675 1218 2693 ix·
1230 2682 1259 2686 —
1275 2668 1310 2699 (a)
1325 2667 1366 2692 Al.
1383 2667 1442 2692 sint·
