1991 3006
58 682 160 703 Fundam.

670 229 766 260 DIST.
790 228 894 259 XLIII.
919 228 1007 259 ART.
1033 229 1053 259 I.
1078 228 1225 265 QUAEST.
1250 229 1271 259 l.

176 302 286 330 utrum
309 298 496 329 resurreetio
518 297 557 328 sit
577 296 730 328 naturalis
743 320 750 332 ‚
775 296 825 326 vel
844 295 942 325 mira-

176 353 302 390 culosa3
335 355 423 382 sexto
447 351 602 391 quaeritur
635 350 672 381 de
707 358 802 379 causa
829 350 943 379 nostrae

177 405 427 436 resurrectionis.

447 508 624 546 QUAESTIO
647 508 671 539 I.

355 590 399 616 An
418 589 571 615 resurrectio
591 588 628 614 sz't
645 588 739 619 sutura
755 591 772 611 ¹.

217 667 302 698 Circa
325 676 421 706 quam
441 667 484 697 sic
505 665 703 706 proceditur,
720 667 749 695 et
770 664 945 694 ostenditur

176 719 260 759 quod
284 720 470 750 resurrectio
494 719 534 749 sit
553 718 680 749 futura:
707 716 809 757 primo
834 718 942 746 auctoa

175 772 300 802 ritate2:
330 772 369 803 In
391 773 564 804 novissimo
588 771 640 802 die
662 771 700 801 cle
724 773 808 802 terra
824 777 944 801 surrec-

176 827 267 856 turus
280 832 360 856 sum.

215 877 293 908 Item
319 877 442 908 Martha
472 877 573 907 fidelis
600 876 702 906 dlxit³
729 886 734 904 :
764 875 833 907 Scio
857 875 944 915 quod

175 933 315 970 resurqet
329 932 366 962 in
380 931 655 963 resurrectionem
671 930 795 961 novissi
799 937 845 960 mo
859 929 921 960 (Ite.

216 983 292 1013 Item
328 983 449 1013 rati0ne
484 983 609 1013 videtur
637 993 643 1012 z
673 982 748 1021 quia
776 981 944 1020 praemium

175 1035 340 1074 respondet
365 1036 501 1065 merito:
528 1044 608 1073 ergo
629 1035 655 1064 si
679 1035 784 1064 anima
805 1036 945 1064 meretur

175 1088 207 1117 in
222 1096 366 1127 corpore,
383 1087 474 1118 debet
493 1088 588 1118 etiam
612 1087 809 1117 remunerari
828 1087 859 1116 in
878 1087 945 1125 ipso

174 1149 303 1179 corpore
325 1151 331 1170 z
349 1140 403 1170 sed
419 1141 501 1170 Deus
519 1142 564 1170 est
584 1140 690 1178 justus
704 1143 942 1169 remunerator:

174 1201 253 1232 ergo
267 1194 389 1232 oportet
410 1192 493 1232 quod
515 1192 620 1222 anim-a
646 1195 786 1222 resumat
807 1201 942 1231 corpus:

175 1249 205 1276 et
219 1246 279 1283 sic,
296 1248 355 1276 etc.

215 1298 293 1329 Item
314 1299 422 1328 anima
444 1299 539 1329 habet
565 1298 744 1329 naturalem
769 1298 944 1337 appetitum

175 1351 213 1382 ad
235 1360 360 1390 eorpus;
378 1352 462 1390 quod
477 1353 578 1391 patet,
596 1351 671 1390 quia
686 1360 750 1381 nou
771 1351 840 1381 vult
855 1361 943 1390 sepa-

175 1404 238 1434 rari
252 1413 272 1434 a
287 1413 418 1444 corpore
442 1404 537 1434 etiam
561 1404 713 1434 existente
734 1404 849 1434 misero
867 1415 872 1434 :
891 1404 943 1433 sed

175 1456 333 1487 beatitudo
350 1459 397 1486 est
418 1457 507 1496 quies
528 1457 672 1487 omnium
690 1457 917 1487 desideriorum
936 1468 942 1486 ε

174 1518 252 1548 ergo
267 1510 305 1540 ad
323 1509 381 1539 hoc
401 1509 485 1548 quod
508 1509 642 1548 perfecte
664 1510 860 1539 beatificetur
875 1510 942 1539 ani-

174 1572 238 1601 ma,
256 1572 382 1593 necesse
397 1565 444 1592 est
458 1563 514 1593 sibi
535 1572 647 1602 corpus
661 1563 745 1593 reddi
764 1574 769 1593 ε
787 1566 816 1593 et
832 1563 855 1593 si
871 1565 941 1601 hoc⁷

174 1618 267 1655 patet,
285 1618 343 1646 etc.

215 1669 290 1699 Item
306 1669 471 1708 perfectior
485 1671 531 1699 est
545 1669 647 1699 forma
658 1670 834 1709 compositi,
847 1679 943 1708 quam

174 1722 280 1761 aliqua
294 1731 383 1761 pars,
401 1721 476 1760 quia
496 1723 599 1760 partes
621 1722 810 1752 ordinantur
825 1722 863 1752 ad
880 1722 942 1752 sor-

174 1783 260 1804 mam
280 1774 443 1813 compositi
462 1784 468 1803 :
491 1783 569 1812 ergo
584 1774 768 1813 completior
783 1777 813 1804 et
827 1775 944 1814 perlec-

174 1828 235 1859 tior
245 1830 290 1858 est
300 1828 400 1858 forma
410 1827 628 1865 humanitatis,
646 1837 741 1866 quam
754 1828 821 1867 ipsa
831 1828 942 1866 forma,

173 1891 246 1922 quae
261 1884 308 1912 est
323 1882 430 1912 anima
447 1892 453 1911 ;
476 1890 554 1920 ergo
577 1890 651 1911 cum
670 1882 816 1920 perfectio
831 1882 943 1920 gratiae

174 1937 204 1964 et
218 1934 330 1973 gloriae
341 1935 565 1973 praesupponat
574 1934 795 1972 perfectionem
807 1936 942 1970 naturae,

173 1995 298 2017 necesse
322 1989 368 2017 est
390 1988 493 2017 totum
519 1986 697 2023 hominem,
727 1995 792 2017 non
819 1989 942 2018 tantum

176 2040 327 2077 animam,
349 2039 531 2078 glorificari.

215 2092 292 2122 Item
316 2092 353 2122 ad
374 2091 597 2131 perfectionem
612 2091 754 2121 universi
768 2093 943 2132 requiritur

173 2144 346 2175 substantia
362 2143 548 2184 spiritualiS,
565 2146 595 2174 et
609 2144 791 2183 corporalis,
811 2147 840 2174 et
855 2154 944 2175 com-

174 2197 274 2236 posita
289 2206 330 2227 ex
344 2199 478 2236 utraque
496 2207 503 2227 t
521 2205 599 2235 ergo
613 2206 687 2227 cum
702 2197 888 2227 universum
904 2198 944 2228 sit

174 2248 409 2288 incorruptibile
421 2272 428 2286 ‚
445 2251 475 2279 et
497 2249 665 2288 aliquando
681 2258 744 2279 non
765 2251 824 2280 stet
844 2259 943 2288 genc-

207 2348 267 2378 ¹Cf.
283 2348 309 2372 S.
324 2348 425 2376 Thom.‚
440 2347 467 2371 in
481 2346 568 2377 Suppl.
586 2354 611 2377 p.
630 2347 670 2376 Ill,
685 2354 709 2377 q.
729 2353 799 2377 me,
814 2350 860 2371 art.
880 2350 943 2377 t;ct

180 2384 208 2406 tv
220 2384 448 2413 Sent.,dist.x1.m‚
458 2390 482 2413 q.
501 2382 812 2412 1‚art.1;Guil.Altisiod.,
823 2384 852 2406 tx·
863 2384 943 2413 svm„

175 2421 246 2442 tract.
268 2425 299 2448 x,
314 2425 336 2442 c.
354 2425 373 2446 1.
390 2425 415 2448 q.
435 2424 459 2448 13
476 2419 558 2445 Scot.,
575 2418 605 2441 IV
621 2418 698 2447 sent„
715 2418 771 2441 dist.
789 2425 860 2447 mii,
877 2427 902 2449 q.
919 2426 942 2450 ¹3

176 2453 303 2483 menard„
320 2454 350 2477 lV
371 2453 450 2481 Seni„
464 2453 521 2477 dist.
537 2459 616 2482 xmo,
634 2460 658 2483 q.
676 2459 699 2482 1;
715 2453 806 2477 Tliom.
828 2457 941 2483 Argent,

177 2489 208 2512 IV
228 2488 306 2518 Seut.‚
323 2488 380 2512 dist.
400 2494 474 2516 xLut,
496 2495 520 2519 q.
538 2494 561 2517 ι,
580 2490 626 2511 art.
649 2490 676 2517 ¹3
697 2488 785 2512 Franc.
804 2489 834 2512 de
851 2490 940 2520 mayn,

177 2524 208 2548 iv
222 2523 300 2552 Sent„
312 2522 369 2547 dist.
383 2529 458 2552 xuii,
473 2530 498 2554 q,
514 2529 531 2552 15
547 2522 672 2547 Mai-silius
687 2524 803 2554 luguen„
815 2524 845 2547 tv
862 2525 942 2554 Sene„

1706 231 1760 260 451

998 295 1097 332 ratio,
1113 297 1149 325 ut
1163 295 1243 325 infra
1256 295 1267 311 '¹
1283 295 1441 325 videbitur
1453 319 1460 333 ,
1477 304 1602 326 necesse
1615 296 1660 325 est
1676 303 1762 325 com-

998 349 1137 387 positum
1151 348 1277 387 aliquod
1296 357 1336 378 ex
1351 348 1456 378 anima
1470 350 1501 378 et
1515 357 1645 388 corpore
1659 356 1762 378 remau

998 410 1072 431 nere
1089 410 1096 431 :
1113 401 1172 431 hoe
1188 402 1294 431 autem
1316 410 1380 431 non
1403 403 1449 431 est
1468 401 1528 430 nisi
1550 401 1646 431 homo
1663 411 1669 430 :
1687 409 1765 439 ergo

999 456 1067 492 post
1081 453 1354 493 consumptionem
1372 453 1461 484 istius
1483 454 1698 492 discretionis,
1714 453 1765 484 vel

999 506 1228 545 segregationis
1239 529 1246 543 ‚
1263 515 1390 536 necesse
1413 508 1458 536 est
1479 506 1641 537 hominem
1656 515 1765 537 resur-

1000 566 1087 596 gere.

1038 610 1194 641 Contra⁵:
1222 614 1250 642 1.
1274 610 1372 642 Homo
1398 619 1468 642 cum
1492 611 1678 651 dormierit,
1702 620 1766 644 non

998 669 1157 704 resumet,
1184 665 1279 696 cloncc
1302 668 1459 696 atteratur
1478 665 1588 696 ecclam
1603 674 1613 695 .·
1635 666 1688 696 sed
1703 675 1764 697 coe-

998 714 1067 745 lum
1082 725 1246 755 nunquam
1269 718 1438 752 atteretur,
1458 725 1532 746 cum
1546 716 1586 745 sit
1598 716 1766 756 incorrup-

999 768 1084 798 tibile
1103 779 1109 798 :
1127 777 1203 806 ergo
1219 768 1314 798 homo
1331 778 1396 799 non
1412 770 1570 807 resurget.

1039 823 1067 851 ΕΞ.
1092 821 1169 852 Item
1183 821 1217 851 ⁶:
1245 822 1323 853 Caro
1343 825 1371 854 ec
1395 822 1530 862 sanquis
1553 830 1686 862 reanum
1708 822 1766 853 Dei

999 882 1063 905 non
1072 874 1289 913 possidebunt.

1040 929 1068 957 3.
1092 927 1170 957 Item
1185 927 1308 957 ratione
1325 927 1450 958 videtur
1462 952 1469 964 ‚
1488 929 1563 968 quia
1578 927 1704 958 nullum
1719 928 1768 958 in—

1000 982 1212 1010 strumentum
1233 983 1457 1011 remuneratur
1472 983 1598 1020 propter
1613 981 1768 1011 actionem

999 1033 1112 1062 factam
1134 1041 1190 1072 per
1214 1033 1319 1072 ipsum
1337 1044 1343 1063 z
1364 1034 1415 1063 sed
1438 1043 1551 1073 corpus
1567 1044 1600 1064 se
1620 1034 1716 1064 habet
1730 1034 1769 1065 ad

999 1086 1138 1116 animam
1160 1089 1196 1116 ut
1222 1086 1495 1117 instrumentum:
1523 1096 1622 1126 ergo,
1650 1089 1707 1118 etc.
1735 1086 1768 1117 Si

999 1139 1083 1169 dieas
1105 1139 1190 1178 quod
1213 1139 1247 1169 in
1271 1139 1482 1170 instrumento
1508 1141 1678 1179 conjuncto
1703 1149 1769 1171 non

999 1194 1045 1221 est
1071 1201 1202 1229 verum;
1229 1195 1337 1222 contra
1363 1202 1370 1222 :
1395 1193 1530 1232 angelus
1555 1193 1686 1223 assumit
1708 1193 1769 1223 sibi

1000 1253 1130 1284 corpus,
1148 1254 1204 1284 per
1218 1246 1302 1284 quod
1323 1246 1481 1276 miuistrat
1493 1270 1500 1282 ,
1521 1248 1552 1276 et
1570 1248 1675 1276 tamen
1691 1245 1768 1276 illud

999 1306 1062 1327 non
1076 1300 1221 1337 resurget
1238 1306 1245 1327 ε
1262 1308 1358 1337 ergo,
1371 1302 1430 1329 etc.

1040 1353 1068 1380 4.
1093 1350 1169 1380 Item
1191 1351 1271 1381 nihil
1288 1351 1372 1390 quod
1396 1352 1528 1391 impedit
1548 1351 1634 1382 viam
1656 1359 1767 1390 perve-

999 1403 1105 1433 niendi
1125 1403 1163 1433 ad
1185 1403 1410 1434 beatitudinem
1423 1428 1431 1441 ,
1455 1404 1545 1434 debet
1560 1403 1678 1434 resumi
1695 1412 1768 1434 cum

1000 1458 1188 1494 perventum
1220 1457 1315 1486 suerit
1346 1456 1383 1486 ad
1419 1456 1645 1486 beatitudinem
1677 1467 1683 1486 :
1715 1455 1768 1486 sed

1000 1517 1113 1548 eorpus
1128 1509 1274 1548 impedit,
1291 1509 1366 1548 quia
1378 1512 1388 1528 ⁷
1402 1510 1599 1548 concupiscit
1614 1508 1767 1540 adversus

998 1562 1149 1600 spiritmn
1160 1571 1170 1592 .·
1182 1571 1259 1601 ergo
1275 1563 1318 1592 ab
1330 1563 1396 1602 ipso
1411 1572 1476 1593 non
1491 1563 1582 1592 debet
1597 1562 1726 1592 resumi.

1040 1616 1069 1643 ὃ.
1102 1614 1180 1644 Item
1204 1615 1311 1645 anima
1334 1615 1415 1645 vivit
1440 1615 1521 1651 Deo,
1550 1615 1631 1644 sicut
1655 1624 1769 1654 corpus

999 1667 1115 1696 animae
1141 1678 1146 1696 :
1175 1667 1227 1697 sed
1253 1668 1364 1698 merito
1391 1668 1507 1707 peccati
1532 1668 1688 1706 contingit
1715 1677 1770 1707 per

999 1719 1140 1749 divinam
1155 1721 1341 1750 sententiam
1356 1721 1496 1750 animam
1511 1721 1650 1760 separari
1664 1730 1682 1750 a
1697 1729 1768 1751 eor-

1000 1781 1073 1811 pore
1088 1772 1120 1801 iu
1135 1775 1237 1802 morte
1252 1775 1394 1811 naturae,
1414 1775 1445 1803 et
1461 1773 1603 1803 animam
1618 1782 1636 1803 a
1658 1773 1720 1803 Deo
1735 1774 1767 1803 in

1000 1826 1101 1854 morte
1116 1825 1327 1855 damnationis
1341 1826 1458 1856 futurae
1472 1836 1478 1855 ;
1496 1826 1548 1856 sed
1561 1825 1667 1855 anima
1681 1825 1767 1856 dam-

1000 1880 1074 1908 nata
1094 1887 1149 1916 per
1171 1879 1358 1908 sententiam
1373 1888 1538 1918 nunquam
1560 1878 1741 1909 vivificatur
1760 1889 1765 1907 z

1000 1941 1077 1970 ergo
1092 1941 1148 1961 nee
1163 1940 1278 1971 corpus
1292 1934 1455 1962 mortuum
1468 1941 1524 1970 per
1538 1931 1679 1963 divinam
1695 1939 1767 1962 sen-

999 1984 1131 2014 tentiam
1146 1983 1237 2014 debet
1253 1993 1413 2015 resumere
1428 1985 1539 2015 vitam.

1039 2039 1067 2066 6.
1094 2037 1171 2067 Item
1186 2037 1307 2067 facilius
1321 2039 1565 2077 conjunguntur
1586 2046 1659 2077 quae
1675 2046 1767 2077 sepa-

998 2092 1112 2120 rantur
1135 2090 1314 2128 voluntate,
1339 2100 1435 2129 quam
1463 2100 1535 2130 quae
1564 2090 1765 2120 necessitate:

998 2146 1051 2175 sed
1064 2146 1191 2185 spiritus
1202 2146 1305 2176 malus
1318 2148 1482 2186 separatur
1491 2155 1510 2176 a
1520 2145 1581 2176 Deo
1593 2154 1645 2184 per
1659 2145 1767 2176 volun-

998 2199 1112 2233 tatem,
1129 2200 1159 2227 et
1182 2207 1246 2228 non
1268 2200 1369 2238 potest
1392 2199 1421 2228 ei
1438 2198 1523 2228 uniri
1540 2209 1546 2228 t
1563 2207 1642 2236 ergo
1661 2198 1768 2228 anima

1000 2260 1062 2281 non
1081 2253 1180 2290 potest
1195 2251 1279 2281 uniri
1295 2251 1435 2291 corpori,
1457 2260 1529 2290 quae
1546 2252 1585 2291 (α)
1602 2253 1766 2290 separatur

999 2304 1038 2333 ab
1052 2313 1089 2333 eo
1105 2304 1298 2334 necessitate.

999 2382 1024 2404 q.
1041 2381 1057 2404 1,
1071 2377 1117 2397 art.
1135 2377 1142 2397 1
1158 2382 1164 2404 ;
1179 2375 1266 2405 Steph.
1280 2375 1383 2403 {3111}ch
1398 2375 1428 2398 IV
1446 2375 1525 2405 sent„
1540 2375 1597 2400 dist.
1614 2382 1688 2405 ani,
1705 2382 1765 2407 q.1;

1000 2410 1064 2433 Petr.
1082 2411 1111 2433 tte
1129 2411 1241 2438 'sarant.,
1259 2411 1288 2433 IV
1304 2410 1381 2440 Seni„
1397 2410 1454 2434 dist.
1472 2416 1546 2441 mii,
1563 2418 1588 2442 q.
1606 2418 1621 2436 1.
1639 2424 1668 2428 —
1687 2411 1697 2427 ²
1712 2411 1766 2439 Job,

999 2451 1052 2474 xix,
1070 2447 1107 2469 253.
1122 2458 1152 2463 ——
1168 2446 1269 2473 ³Jomz.‚
1284 2452 1319 2472 xl.
1335 2448 1373 2470 Εἰ.
1390 2460 1415 2463 -
1431 2447 1442 2462 ⁴
1454 2447 1514 2470 Dist.
1532 2452 1623 2476 xuni,
1638 2449 1684 2470 art.
1701 2447 1723 2470 2.
1737 2459 1765 2462 —

998 2481 1008 2496 ⁶
1019 2480 1198 2510 Joh,x1v‚12.
1212 2494 1242 2497 —
1253 2481 1410 2512 ss1c0›·.‚xv,
1422 2483 1461 2505 50.
1475 2495 1500 2498 —
1513 2481 1522 2497 ⁷
1535 2481 1629 2511 Galat„
1646 2482 1765 2511 v‚17.-

1030 2524 1064 2555 (a)
1077 2524 1137 2548 Coet.
1151 2525 1211 2548 edit.
1227 2525 1279 2556 qui.

1783 624 1815 644 Ad
1835 629 1886 650 opp.
