1991 3006
217 220 254 248 72
775 214 1081 247 SENTENTIARIM
1106 214 1178 245 [ΑΒ.
1204 211 1253 244 IV.

256 284 347 324 Resp.
355 284 462 324 Aliqui
473 284 510 313 ad
523 283 581 313 hoc
592 283 760 314 voluerunt
772 283 883 316 dicere,
901 282 984 321 qnod

216 338 295 368 latro
310 338 367 367 fuit
383 337 415 366 in
439 336 584 375 paradiso
599 337 739 366 terrestri
756 345 829 366 cum
852 335 984 365 Domino

215 399 316 430 usque
332 389 370 420 ad
382 388 608 425 ascensionem,
621 389 672 419 sed
686 392 755 428 post
771 389 984 418 ascensionem

216 444 273 474 fuit
288 444 321 473 in
336 442 480 482 paradiso
494 442 623 473 coelesti.
643 441 703 473 Sed
716 444 824 471 tamen
840 441 915 471 illnd
931 441 986 471 du-

217 498 304 527 bium
326 499 372 527 est
389 507 395 525 z
416 497 446 525 et
464 495 533 525 ideo
553 495 605 526 via
624 495 686 525 alia
707 495 853 534 eligenda
872 497 916 524 est
934 504 985 522 se-

218 550 359 580 cundum
374 548 592 587 Augustinum
607 551 626 586 ¹,
643 549 726 588 quod
744 548 907 588 paradisus
923 556 986 577 uno

218 602 310 632 modo
324 601 397 631 dicit
414 603 530 631 statum
547 601 714 638 fruitionis,
733 601 794 631 alio
808 600 900 630 modo
911 600 983 630 dicit

217 655 321 685 locum
340 656 449 694 aptum
469 656 497 683 et
515 654 677 685 idoneum.
704 654 738 683 let
760 653 811 684 ille
826 654 912 683 locus
927 653 984 683 du-

219 708 290 747 plex
304 709 362 744 est,
380 706 554 737 secundum
570 706 652 745 quod
667 706 773 736 t'rnitio
786 708 833 736 est
848 705 984 745 duplex:

217 760 364 800 quaedam
391 769 447 800 per
474 760 652 800 speculum,
681 761 710 789 et
738 759 933 798 imperfecta,
958 761 987 788 et

219 813 273 844 tali
296 813 492 853 competebat
513 813 678 852 paradisus
706 812 881 847 terrestris,
908 820 988 848 quo-

219 867 304 897 niam
328 867 413 897 locus
432 868 478 896 est
499 868 659 901 terrenus,
683 867 789 895 tamen
811 865 937 904 quietus
958 866 987 894 et

219 920 375 957 elevatus;
393 919 539 959 quaedam
557 920 602 948 est
625 918 733 948 frunto
750 918 856 957 plena,
874 920 902 947 et
921 917 986 948 1131(-

219 976 265 1004 est
281 973 313 1003 in
334 973 451 1012 patria,
467 974 497 1002 et
512 971 586 1002 huic
601 971 748 1010 competit
771 971 858 1001 locus
878 980 988 1009 super-

221 1026 364 1057 coelestis.
393 1026 524 1062 Quando
549 1034 625 1063 ergo
655 1025 777 1062 dicunt,
805 1025 887 1063 quod
911 1025 990 1054 latro

221 1080 326 1110 statim
339 1080 394 1109 t'nit
410 1079 443 1109 in
459 1078 613 1117 paradiso,
627 1077 818 1115 intelligitur
836 1080 990 1117 quantum

221 1133 259 1163 ad
276 1135 404 1170 statum,
427 1132 501 1171 quia
523 1131 630 1161 statim
653 1131 711 1160 suit
730 1130 763 1160 in
785 1130 836 1160 Dei
858 1130 989 1166 visione,

222 1195 285 1216 non
301 1188 455 1226 quantum
471 1185 510 1215 ad
526 1185 640 1215 locum.

542 1286 609 1307 DUB.
633 1285 676 1307 111.

303 1351 358 1373 Non
383 1349 443 1372 satis
466 1350 552 1379 aperte
578 1348 713 1378 praefiguut.
736 1354 847 1371 canones
874 1354 920 1377 pro

493 1390 662 1414 unoquoque,
681 1384 730 1406 etc.

265 1452 399 1483 Contra:
418 1451 495 1491 quia
514 1450 687 1489 Gregorius
702 1450 789 1487 dicit,
812 1452 843 1480 et
862 1450 997 1480 liabetur

226 1514 338 1545 supra,
357 1505 428 1535 dist.
456 1513 531 1535 XV1:
553 1516 567 1532 α
582 1503 688 1534 Falsas
710 1503 910 1542 poenitentias
925 1503 998 1532 ‹lici-

227 1568 311 1595 mUS,
329 1567 401 1598 quae
417 1567 482 1588 non
492 1558 665 1588 secundum
677 1557 895 1587 auctoritatem
907 1566 997 1586 sanc-

227 1615 332 1643 torum
354 1614 481 1651 patrum
498 1611 726 1650 imponuntur:
745 1621 758 1637 »
778 1619 855 1648 ergo
875 1610 1000 1640 videtur

229 1665 311 1705 quod
322 1673 430 1695 omnes
439 1664 631 1704 poenitentiae
642 1672 725 1694 vcrae
734 1665 771 1700 (ai
781 1663 814 1693 in
829 1663 1001 1693 canonibus

230 1720 412 1749 sanctorum
427 1716 746 1756 comprehendantur.

272 1772 362 1811 Resp.
389 1770 558 1801 Dicendum
582 1770 677 1809 quod,
704 1769 784 1799 sicut
808 1769 840 1799 in
865 1769 1002 1799 scientiis

232 1826 387 1866 practicis,
404 1834 476 1865 quae
492 1827 662 1856 versantur
678 1824 761 1854 circa
775 1833 882 1863 opera,
900 1833 1003 1854 sermo

232 1880 264 1910 in
280 1879 460 1920 particulari
482 1880 528 1908 est
542 1878 681 1908 incertus
697 1880 727 1907 et
748 1877 881 1915 dubiuS,
900 1886 1004 1907 sermo

233 1936 340 1965 autem
358 1933 391 1963 in
403 1932 573 1964 universali
587 1931 809 1962 certitudinem
824 1931 932 1968 habet3
951 1931 1005 1961 sed

234 1996 307 2018 cum
328 1986 502 2026 applicatur
524 1985 563 2015 ad
586 1984 779 2023 singularia,
801 1984 910 2023 incipit
925 1993 1003 2022 quo-

234 2041 309 2071 dam
333 2039 427 2069 modo
450 2038 568 2068 habere
592 2036 861 2073 incertitudinem,
890 2039 925 2066 ut
951 2036 1004 2075 qui

234 2102 300 2124 non
317 2091 493 2123 considerat
513 2089 765 2120 circumstantias
789 2088 1004 2128 particulares,

235 2146 340 2187 potius
354 2144 469 2181 deviet,
484 2152 580 2183 quam
594 2142 731 2182 seipsum
747 2142 907 2178 rectificet,
925 2142 1007 2172 sicut

236 2201 320 2240 patet
338 2198 371 2228 in
386 2197 543 2228 medicina
556 2199 587 2226 et
602 2195 730 2225 scientia
752 2195 861 2225 morali
875 2206 881 2225 ;
900 2196 944 2225 sic
958 2195 1006 2225 in-

236 2250 445 2290 telligendum
461 2250 507 2279 est
523 2249 554 2278 in
576 2248 751 2288 proposito,
773 2248 857 2286 quod
872 2257 1009 2278 canones

238 2305 402 2335 instruunt
422 2303 454 2332 in
477 2301 634 2341 generali,
661 2301 797 2341 qualiter
818 2301 1010 2340 imponenda

238 2360 283 2389 est
298 2356 495 2397 poenitentia,
513 2356 566 2386 sed
580 2355 766 2386 descensum
779 2355 817 2385 ad
833 2355 1010 2394 singularia

239 2410 423 2449 relinquunt
438 2408 650 2439 sacerdotibus
669 2408 822 2446 discretis,
845 2409 900 2448 qui
917 2410 1014 2439 consi-

240 2463 350 2494 derent
383 2470 590 2502 personarum
619 2462 888 2499 circumstantias,
913 2465 1013 2493 atten-

242 2516 350 2546 dentes
364 2515 401 2553 (b)
417 2515 455 2545 ad
474 2523 609 2545 canones
624 2514 704 2544 sicut
719 2515 757 2545 ad
774 2515 903 2554 regulas
919 2516 1015 2546 direc-

244 2571 324 2601 tivas
338 2581 344 2600 :
361 2569 436 2610 quia
455 2569 479 2598 si
494 2571 603 2599 contra
617 2578 751 2599 canones
766 2569 940 2608 imponant,
952 2579 1015 2600 non

245 2625 329 2654 recte
352 2623 530 2662 imponunt.
559 2625 591 2651 ln
621 2631 740 2652 canone
767 2623 851 2651 enim
878 2623 1015 2653 maxime

279 2687 286 2702 ¹
303 2687 376 2715 Aug„
393 2684 422 2708 cle
437 2684 523 2707 Genes.
540 2683 573 2707 ηπ]
589 2683 640 2706 litt.
660 2684 700 2707 lib.
718 2683 775 2713 ΧΗ,
793 2691 814 2707 c.
832 2690 920 2714 xxxiv,
937 2693 961 2708 n.
979 2687 1015 2708 66.

1042 281 1270 312 determinatur
1292 281 1474 320 poenitentia
1493 284 1649 320 quantum
1669 284 1707 314 ad
1729 286 1807 315 tem-

1043 344 1112 374 pus,
1130 335 1234 373 magis
1245 343 1341 374 quam
1355 336 1510 373 quantum
1523 335 1562 365 ad
1576 335 1718 374 modum,
1737 337 1812 377 quia

1043 388 1154 418 modus
1174 388 1224 418 ille
1249 387 1362 417 certior
1376 389 1421 416 est
1443 389 1473 417 et
1495 388 1706 419 communior.
1724 388 1812 420 Unde

1043 440 1233 480 generaliter
1258 449 1313 479 pro
1340 442 1465 479 peccato
1489 441 1615 471 mortali
1640 443 1814 481 praefigunt

1043 493 1261 532 poenitentiam
1273 494 1469 531 septennem.
1478 492 1563 523 Unde
1575 494 1674 525 laicus
1687 495 1742 534 qui
1754 495 1813 526 ἴοι·-

1044 547 1166 577 nicatur
1201 549 1319 586 septem
1350 547 1457 584 annis,
1488 548 1653 588 presbyter
1685 549 1812 587 decem,

1044 600 1208 640 episcopus
1235 608 1310 630 vero
1338 599 1518 639 quindecim
1543 601 1708 640 poeniteat,
1734 602 1816 633 sicut

1044 654 1179 684 habetur
1193 654 1224 684 in
1242 654 1374 684 diversis
1387 653 1464 684 locis
1478 653 1512 683 in
1527 654 1656 685 decretis
1671 657 1811 694 patrum.

1045 706 1239 737 Similiterde
1250 707 1473 738 evomentibus
1483 706 1712 738 Eucharistiam
1724 717 1817 748 prop-

1044 762 1091 790 ter
1106 760 1215 799 gulam
1231 762 1261 790 et
1281 760 1479 797 ebrietatem,
1496 761 1521 790 si
1538 761 1578 790 sit
1591 761 1705 798 laicus,
1722 770 1816 792 sexa-

1047 813 1137 852 ginta
1157 813 1267 843 diebus
1288 813 1449 852 poeniteat3
1472 813 1496 843 si
1516 813 1649 844 clericus
1670 813 1719 844 vel
1742 813 1815 844 reli-

1048 866 1172 904 giosus,
1198 866 1401 905 septuaginta
1430 865 1555 903 diebus;
1587 867 1612 896 si
1638 867 1815 907 episcopus,

1047 919 1223 957 nonaginta
1244 919 1374 949 diebus:
1398 919 1456 949 hoc
1480 919 1627 957 habetur,
1649 919 1687 951 de
1707 921 1814 956 cons„

1047 973 1118 1003 dist.
1144 982 1174 1002 n.
1198 972 1244 1002 Ad
1268 972 1325 1002 has
1347 974 1454 1002 autem
1479 972 1608 1011 regulas
1627 972 1817 1012 aspiciendo,

1047 1026 1137 1056 debet
1152 1026 1372 1064 unusquisque
1385 1025 1530 1055 sacerdos
1544 1026 1698 1065 inspicere
1710 1025 1820 1065 quales

1049 1079 1248 1118 pmnitcntias
1263 1078 1415 1117 imponat,
1433 1080 1501 1108 tum
1517 1079 1692 1108 secundum
1708 1079 1820 1117 gravi-

1049 1134 1144 1162 tatem
1160 1131 1312 1169 criminis,
1326 1133 1394 1162 tum
1410 1131 1588 1161 secundum
1598 1131 1739 1162 diversas
1749 1140 1821 1162 con-

1049 1186 1183 1216 ditiones
1203 1193 1421 1224 personarum.
1439 1184 1476 1214 Et
1491 1186 1565 1214 nota
1580 1184 1641 1222 hic,
1665 1184 1750 1224 quod
1763 1193 1822 1224 pro

1051 1240 1176 1278 peceato
1191 1237 1316 1267 mortali
1334 1237 1494 1277 septennis
1515 1237 1699 1277 poenitentia
1713 1238 1822 1277 praefi-

1051 1291 1140 1330 gitur
1154 1299 1217 1320 non
1232 1290 1335 1320 solum
1353 1292 1480 1330 propter
1494 1290 1646 1330 temporis
1661 1290 1821 1321 diuturni-

1052 1345 1159 1380 tatem,
1177 1344 1229 1373 sed
1246 1343 1349 1382 inagis
1362 1345 1491 1382 propter
1506 1344 1647 1382 figuram
1671 1345 1701 1373 et
1715 1343 1824 1382 signa-

1053 1397 1182 1427 tionem.
1202 1396 1237 1426 In
1261 1397 1331 1435 lege
1351 1396 1434 1426 enim
1452 1398 1462 1413 ²
1485 1395 1583 1426 Maria
1604 1398 1747 1435 separata
1766 1395 1826 1426 fuit

1053 1452 1143 1480 extra
1167 1452 1267 1480 castra
1293 1449 1402 1479 diebus
1425 1450 1565 1488 septem:
1595 1448 1693 1479 Maria
1717 1448 1825 1488 signat

1056 1504 1258 1543 poenitentem
1281 1514 1286 1532 ι
1314 1502 1398 1532 unde
1425 1501 1533 1532 Maria
1561 1510 1707 1532 amarum
1736 1510 1825 1532 mare

1056 1557 1293 1596 interpretatur.
1310 1556 1346 1585 Et
1360 1556 1393 1585 in
1411 1555 1542 1586 Threnis
1552 1557 1563 1573 ⁸
1578 1555 1692 1585 dicitur
1707 1554 1744 1585 de
1758 1554 1826 1585 viro

1056 1611 1241 1650 pcenitcnte:
1259 1610 1378 1649 Mamm
1392 1608 1476 1640 velut
1492 1616 1577 1639 mare
1592 1609 1741 1640 contritio
1756 1610 1824 1640 tua.

1058 1664 1132 1694 Haec
1146 1662 1293 1702 poenituit
1313 1664 1432 1702 septem
1449 1661 1574 1699 diebus;
1591 1661 1645 1691 sed
1659 1669 1745 1692 nunc
1759 1669 1828 1701 poe-

1058 1718 1135 1748 nitet
1149 1718 1269 1755 septem
1287 1715 1390 1753 annis,
1405 1714 1490 1754 quod
1505 1714 1722 1754 significatum
1737 1715 1786 1744 est
1799 1714 1826 1744 ¹¹:

1060 1771 1148 1802 Diem
1160 1777 1217 1809 pro
1232 1776 1316 1800 anno
1331 1767 1421 1799 dedit
1435 1767 1506 1799 tibi.
1519 1767 1553 1798 Si
1568 1771 1675 1798 autem
1693 1769 1727 1798 tu
1742 1775 1830 1807 quae-

1059 1833 1109 1854 ras
1133 1823 1289 1853 rationem
1309 1822 1422 1860 hujus,
1446 1829 1546 1860 quare
1574 1820 1760 1860 poenitentia
1783 1822 1831 1851 est

1059 1878 1250 1916 aggravata,
1266 1883 1338 1905 cum
1355 1874 1407 1904 lex
1427 1883 1512 1904 nova
1526 1873 1566 1903 sit
1580 1873 1633 1903 lex
1652 1872 1828 1903 misericor-

1061 1930 1136 1966 diae,
1154 1928 1323 1959 dicendum
1343 1927 1426 1967 quod
1446 1927 1548 1966 maj0r
1564 1924 1762 1965 ingratitudo
1781 1926 1829 1954 est

1062 1983 1112 2012 hic
1143 1983 1269 2021 propter
1297 1981 1451 2019 maj0rem
1480 1979 1633 2017 gratiam;
1663 1977 1760 2009 etiam
1787 1978 1834 2008 est

1062 2036 1164 2073 maJor
1178 2034 1378 2071 contemptus
1399 2033 1527 2071 propter
1548 2032 1703 2070 majorem
1723 2030 1832 2069 digni-

1062 2088 1158 2117 tatem
1185 2094 1278 2116 novae
1300 2084 1398 2123 legis,
1423 2084 1457 2114 in
1480 2092 1544 2122 qua
1564 2083 1699 2121 sanguis
1720 2081 1834 2113 Christi

1063 2139 1182 2170 effusus
1198 2140 1258 2175 est,
1281 2139 1315 2167 ut
1334 2138 1465 2167 firmum
1486 2139 1567 2167 esset
1588 2137 1831 2171 testamentum

1065 2192 1138 2231 quia
1165 2191 1259 2221 etiam
1287 2190 1420 2229 gravius
1444 2192 1491 2223 est
1519 2191 1683 2228 peccatum
1707 2190 1835 2227 propter

1065 2247 1183 2275 statum
1200 2243 1372 2283 peccantis,
1394 2242 1449 2282 qui
1463 2242 1555 2272 debet
1570 2250 1637 2271 esse
1652 2240 1833 2281 perfectior;

1066 2299 1142 2338 quia
1157 2297 1289 2328 ulterius
1304 2296 1470 2327 satisfactio
1493 2296 1527 2326 in
1548 2296 1618 2334 lege
1643 2303 1727 2326 nova
1745 2294 1837 2324 debet

1067 2363 1134 2384 csse
1155 2353 1305 2393 perfecta,
1322 2354 1357 2382 ut
1371 2352 1405 2382 in
1420 2354 1538 2381 statum
1558 2350 1725 2390 pristinum
1742 2348 1837 2379 redu-

1067 2410 1126 2438 cat.
1143 2407 1180 2437 Et
1200 2407 1350 2446 quoniam
1373 2405 1418 2436 sol
1438 2406 1470 2435 in
1485 2413 1549 2435 uno
1565 2404 1615 2434 die
1631 2412 1692 2433 non
1711 2402 1791 2433 redit
1804 2402 1838 2432 in

1069 2462 1151 2492 idem
1167 2462 1336 2500 punctum,
1352 2458 1405 2489 sed
1426 2458 1460 2488 in
1479 2466 1577 2495 anno,
1600 2457 1668 2487 ideo
1683 2456 1748 2487 dies
1763 2464 1836 2486 con-

1069 2523 1180 2546 versus
1193 2513 1280 2544 estin
1291 2521 1423 2543 annum.
1435 2511 1566 2548 Rursus,
1579 2510 1654 2550 quia
1663 2509 1838 2549 perfectum

1071 2570 1117 2599 est
1131 2567 1307 2598 remedium
1325 2567 1356 2596 in
1373 2566 1444 2604 lege
1463 2573 1560 2601 nova;
1578 2563 1648 2594 ideo
1665 2571 1770 2594 annus
1784 2562 1840 2592 de-

1072 2662 1101 2666 -—-
1116 2648 1218 2677 ²Num„
1237 2653 1282 2675 xn,
1302 2648 1430 2677 14,15.-
1445 2646 1454 2662 ³
1468 2645 1608 2674 Thren.,11,
1627 2646 1661 2667 13.
1674 2656 1703 2660 —
1717 2643 1726 2659 ⁴
1740 2641 1839 2671 Ezech„

1074 2690 1109 2715 1ν,
1125 2686 1147 2708 6.
1159 2696 1188 2700 ——
1202 2684 1231 2712 (a)
1247 2683 1286 2707 ΑΙ.
1304 2689 1372 2706 vere.
1388 2681 1419 2711 (b)
1436 2680 1595 2705 accedentes.
