1991 3006
83 1784 141 1811 Ignis

53 1816 158 1841 quomodo

53 1849 156 1872 perpetuu

65 1878 141 1897 durare

65 1910 137 1934 possit.

556 213 652 244 DIST.
676 211 777 243 XLIV.
802 211 915 241 PART.
941 211 978 241 ll.
1003 210 1091 241 ART.
1118 211 1154 241 ll.
1179 212 1330 248 QUAEST.
1356 214 1395 245 II.

176 280 386 320 exemplificat
406 281 606 319 Augustinus
625 281 633 296 ¹
647 304 655 317 ‚
678 281 709 310 et
732 278 870 309 Isidorus
885 281 895 296 ²
912 278 943 307 in

176 334 298 364 naturis
329 334 465 364 fontium
495 335 525 363 et
553 342 721 373 aquarum.
752 331 831 361 Dicit
858 330 943 360 enim

176 387 260 426 quod
286 386 490 417 Garamantes
518 388 564 416 est
589 386 673 423 fons,
705 386 739 415 in
773 394 835 424 quo
863 384 943 413 faces

176 449 314 470 aceensae
334 440 587 478 extinguuntur,
615 441 644 469 et
660 439 807 469 extinctae
829 446 943 467 accen-

176 492 315 529 duntur3
332 493 412 523 sicut
426 495 456 522 et
470 492 523 522 alii
539 493 637 522 fontes
652 491 851 522 diversarum
867 499 943 529 pro-

176 545 344 584 prietatum
358 569 364 582 ,
380 545 522 576 colorum
535 569 542 582 ,
562 547 591 574 et
604 545 824 583 operationum
838 554 844 573 ;
861 545 943 573 atta-

175 607 249 628 men
267 598 300 627 in
319 599 461 637 specifica
482 600 596 628 natura
614 597 684 627 aliis
707 597 796 636 aquis
817 596 942 626 assimi—

174 650 307 681 lantur:
331 651 374 681 sic
399 651 494 681 etiam
518 650 696 689 intelligere
719 659 886 689 possumus
910 649 942 679 in

174 704 345 743 proposito.

216 759 244 787 1.
260 757 308 787 Ad
322 756 400 787 illud
417 756 499 796 quod
515 757 663 796 objicitur
682 757 720 787 de
736 756 940 793 Damascene,

174 810 342 841 dicendum
357 811 440 849 quod
455 819 519 841 non
544 812 641 849 negat
664 809 875 840 Damascenus
898 809 942 838 si-

175 863 386 894 militudinem
402 863 435 893 in
456 864 557 894 forma
577 863 736 902 specifica,
762 862 815 893 sed
839 862 944 902 potius

174 916 207 946 in
234 916 479 956 proprietatibus
505 918 536 945 et
567 915 804 955 operationibus
833 923 941 944 conse-

175 972 355 1011 quentibus.

213 1026 242 1054 2.
265 1025 311 1054 Ad
332 1024 410 1054 illud
431 1024 515 1063 quod
535 1024 682 1061 objicitur
701 1023 738 1052 de
755 1022 943 1061 proprietate

173 1076 464 1115 extinguibilitatis,
493 1078 593 1115 potest
609 1075 792 1114 responderi
813 1074 942 1113 duplici-

173 1131 238 1159 ter:
255 1129 369 1168 primo,
381 1129 464 1169 quod
479 1129 559 1159 sicut
574 1137 705 1167 corpora
716 1128 941 1158 damnatorum

172 1181 281 1212 eadem
296 1186 370 1212 sunt
384 1191 458 1212 cum
473 1182 589 1212 nostris
601 1181 776 1211 secundum
791 1181 940 1220 speeiem,

171 1237 202 1265 et
216 1237 322 1266 tamen
338 1237 413 1265 suut
423 1235 629 1270 immortalia,
645 1235 689 1264 ita
701 1235 786 1274 iguis
796 1234 942 1264 crucians

172 1297 304 1328 corpora
313 1288 456 1319 illaidem
468 1290 514 1318 est
523 1297 596 1318 cum
607 1288 685 1327 igne
699 1290 819 1325 nostro,
833 1296 943 1326 quam-

173 1342 221 1371 vis
235 1350 300 1371 non
312 1341 451 1377 deficiat,
468 1342 544 1381 quia
558 1341 618 1371 hoe
632 1350 695 1371 non
709 1341 805 1371 habet
821 1349 875 1379 per
891 1350 943 1370 na-

172 1397 277 1426 turam
288 1419 297 1433 ,
323 1395 376 1425 sed
400 1405 455 1434 per
480 1396 543 1425 vim
569 1394 813 1435 superadditam.
842 1393 942 1424 Aliter

172 1450 271 1488 potest
287 1448 345 1478 dici
360 1472 368 1485 ,
392 1448 476 1488 quod
492 1458 556 1478 non
572 1448 670 1478 variat
693 1447 828 1486 speciem
841 1471 848 1484 ⁷
867 1447 943 1486 quia

172 1510 228 1540 per
239 1502 454 1540 operationem
466 1501 541 1531 artis
552 1501 619 1531 fieri
630 1502 728 1540 potest
740 1524 746 1537 ,
762 1500 846 1539 quoii
860 1500 942 1539 ignis

172 1563 238 1584 non
260 1554 470 1593 extinguatur
488 1565 493 1583 :
514 1554 594 1583 sicut
617 1553 726 1583 dieunt
749 1553 865 1592 aliqui,
887 1554 941 1592 qui

172 1608 292 1647 experti
315 1609 406 1644 sunt,
431 1607 514 1646 quod
535 1607 560 1635 si
588 1606 672 1645 ignis
690 1615 763 1635 cum
789 1605 941 1644 sulphure

172 1660 352 1690 includatur
367 1660 397 1689 in
414 1669 487 1689 vase
497 1683 508 1697 ,
524 1668 563 1689 ex
579 1668 641 1698 quo
657 1658 744 1688 nulla
760 1659 940 1698 evaporatio

174 1713 271 1753 possit
286 1713 353 1743 fieri
363 1736 372 1750 ,
390 1713 422 1742 iu
437 1715 593 1742 aeternum
608 1712 737 1741 duraret
753 1711 819 1741 sine
837 1713 938 1742 nutri-

174 1766 270 1796 menti
287 1765 498 1805 appositffine,
513 1765 537 1794 si
550 1765 637 1794 locus
652 1764 686 1793 in
702 1766 858 1794 aeternum
875 1774 941 1804 per-

172 1822 314 1851 maneret
330 1830 336 1849 :
355 1819 414 1849 hoc
429 1821 535 1849 autem
551 1818 631 1848 nihil
653 1818 797 1857 prohibet
812 1818 844 1848 in
864 1818 941 1857 igne

171 1873 315 1903 infernali
331 1872 525 1911 intelligere,
542 1880 615 1901 cum
640 1871 699 1901 sub
716 1872 801 1901 terra
822 1872 941 1901 constet

170 1925 330 1956 inclusum
346 1934 424 1955 esse.

211 1981 240 2009 3.
257 1978 305 2008 Ad
326 1978 404 2008 illud
429 1977 511 2017 quod
533 1977 680 2017 objicitur
700 1977 738 2007 de
760 1977 938 2016 luciditate,

170 2030 337 2061 dicendum
359 2030 444 2070 quod
462 2030 546 2069 ignis
563 2032 624 2060 tres
639 2032 712 2060 sunt
734 2031 853 2070 species
870 2040 937 2061 ma-

169 2083 294 2114 teriales
305 2107 312 2120 ‚
329 2083 444 2113 scilicet
458 2083 513 2113 lux
526 2107 534 2120 ,
551 2083 679 2113 flamma
693 2085 724 2113 et
737 2083 830 2113 carbo
846 2092 853 2112 :
872 2083 939 2113 istae

168 2138 243 2166 sunt
258 2136 375 2175 species
391 2136 569 2166 materiales
585 2147 590 2166 :
609 2139 639 2166 et
654 2136 801 2175 quamvis
816 2136 849 2166 in
864 2145 937 2166 om-

169 2190 262 2219 nibus
277 2189 325 2219 his
342 2189 482 2220 salvetur
505 2191 621 2219 natura
635 2189 728 2225 lucis,
749 2191 857 2219 tamen
872 2190 933 2219 mi-

170 2243 256 2272 nime
277 2245 324 2272 est
348 2243 378 2272 in
404 2243 535 2272 materia
557 2243 718 2280 terrestri,
746 2245 775 2272 et
800 2243 939 2273 maxime

170 2295 325 2325 terrestris
342 2305 453 2335 parum
476 2295 570 2325 habet
586 2296 623 2325 tle
639 2295 723 2333 luce,
748 2297 778 2325 et
797 2295 938 2325 multum

170 2348 348 2379 resolubilis
362 2351 407 2379 est
423 2349 453 2378 in
472 2348 684 2379 fumositatem
697 2359 704 2386 3
717 2350 747 2379 et
760 2349 792 2378 in
804 2348 856 2378 tali
874 2358 940 2379 ma-

171 2401 264 2439 teria,
281 2404 390 2441 utpote
407 2401 438 2432 in
460 2401 612 2441 sulphure
629 2404 659 2431 et
675 2401 757 2440 pice⁷
777 2401 863 2440 ignis
883 2411 937 2441 po-

171 2455 233 2485 tius
243 2457 288 2485 est
298 2455 492 2492 tenebrosus,
503 2464 597 2494 quam
608 2454 741 2492 lucidus,
752 2454 827 2494 quia
835 2455 940 2493 magis

170 2507 277 2538 visum
292 2508 438 2547 impedit,
455 2517 553 2547 quam
569 2507 698 2546 adJuvet
713 2518 719 2537 ε
738 2510 768 2538 θῖ
782 2517 835 2547 per
854 2508 939 2538 hunc

203 2606 298 2636 ¹Aug..
313 2604 342 2627 (Ie
361 2604 436 2628 Cim't.
461 2605 512 2633 Dei,
535 2604 576 2628 lib,
599 2605 662 2634 XXI,
679 2612 701 2628 c.
724 2611 746 2628 v.
760 2618 789 2622 —
811 2606 818 2619 '¹
840 2606 938 2630 isidor..

172 2640 282 2670 Etymol.
295 2640 336 2663 lib.
355 2641 419 2670 xiii,
435 2648 456 2663 c.
472 2646 570 2664 x111.—
584 2641 594 2656 ³
607 2641 691 2670 Aper„
704 2643 806 2669 X1v‚10.
821 2654 850 2657 —
862 2642 870 2656 Β
880 2642 938 2670 isa„

171 2681 260 2706 xxxiv,
281 2677 308 2705 8,
333 2677 355 2699 9.
372 2689 402 2693 —
423 2676 432 2692 ὓ
453 2676 493 2705 Cf.
519 2677 545 2700 S.
567 2675 668 2705 Thom„
688 2676 713 2700 in
736 2676 822 2707 Suppl.
845 2684 869 2706 p.
893 2678 937 2706 ΙΙΙ,

1711 218 1770 247 495

1001 278 1130 308 modum
1141 278 1312 317 imaginari
1327 289 1500 319 possumus
1514 281 1624 320 ignem
1637 282 1771 312 inferna-

999 330 1077 368 lem,
1094 333 1124 360 et
1135 331 1173 361 ad
1188 331 1248 361 hoc
1263 332 1409 370 adjuvari
1424 334 1610 364 auctoritate
1625 334 1771 374 Scriptu-

1000 392 1043 413 rae
1062 394 1068 413 z
1086 383 1201 413 dicitur
1224 385 1309 414 enim
1330 388 1339 403 ³
1362 396 1367 414 z
1393 385 1626 418 cruciabuntur
1644 388 1717 427 iane
1743 390 1771 419 et

999 437 1161 475 sulphure.
1175 436 1253 466 Item
1265 439 1275 455 ὢ
1287 446 1294 467 :
1308 438 1381 469 Dies
1393 439 1526 470 ulcionis
1542 440 1684 478 Domini,
1697 442 1769 478 etc.;

999 492 1029 519 et
1047 492 1114 529 post
1132 501 1138 520 :
1159 489 1387 522 convertentur
1408 495 1561 524 torrentes
1576 492 1644 531 ejus
1665 494 1701 524 in
1718 493 1772 532 pi-

999 551 1079 580 cem,
1098 546 1128 574 et
1143 542 1257 573 humus
1272 542 1341 580 ejus
1356 544 1392 574 z‘n
1407 544 1550 583 sulphur.

1039 598 1068 625 4.
1085 595 1133 626 Ad
1146 595 1222 626 illud
1241 596 1326 634 quod
1346 596 1495 636 objicitur
1510 598 1548 628 de
1567 599 1768 638 operatione,

999 648 1168 678 dicendum
1182 648 1268 688 quod
1282 648 1360 679 illud
1376 659 1440 679 non
1455 651 1610 689 sequitur,
1627 652 1702 691 quia
1717 661 1771 682 ea-

999 702 1070 732 dem
1085 702 1260 732 secundum
1271 702 1406 741 speciem
1416 703 1555 733 diversas
1572 704 1688 735 habent
1700 713 1771 744 ope-

999 755 1147 785 rationes.
1166 754 1228 785 Nec
1241 755 1325 785 istud
1340 756 1472 786 verbum
1484 757 1651 787 veritatem
1663 757 1768 795 habet,

999 807 1059 836 nisi
1076 807 1274 846 intelligatur
1289 807 1327 838 de
1351 809 1534 847 operatione
1558 813 1771 849 consequente

999 863 1096 891 totam
1113 862 1262 900 speciem.
1350 900 1354 904 ἴ

1039 916 1068 943 5.
1094 914 1140 944 Ad
1159 914 1235 945 illud
1250 915 1335 953 quod
1350 915 1501 953 objicitur
1518 916 1556 946 de
1572 916 1677 946 verbis
1700 917 1770 947 Au—

999 967 1128 1006 gustini,
1142 967 1309 998 dicendum
1322 970 1369 998 est
1380 968 1457 999 illud
1470 978 1538 999 esse
1554 971 1770 1008 retractatum,

997 1021 1079 1050 sicut
1093 1023 1123 1050 et
1137 1021 1176 1050 de
1197 1021 1265 1051 loeo
1289 1021 1450 1059 infernali,
1476 1022 1531 1052 ubi
1552 1023 1667 1053 dicitur
1686 1024 1770 1062 quod

998 1074 1044 1102 est
1058 1072 1146 1102 locus
1160 1073 1331 1111 spiritualis
1344 1098 1351 1110 ,
1378 1083 1442 1104 non
1457 1076 1626 1114 corporalis
1643 1086 1649 1105 :
1667 1076 1711 1105 sic
1736 1075 1770 1106 in

999 1126 1158 1165 proposito
1173 1126 1417 1165 intelligendum
1430 1130 1488 1165 est,
1502 1129 1587 1167 quod
1602 1128 1769 1159 infernalis

998 1178 1083 1217 ignis
1097 1178 1266 1218 corporalis
1282 1183 1328 1210 est
1339 1204 1347 1216 ‚
1365 1183 1395 1210 et
1408 1181 1466 1210 sub
1482 1183 1566 1211 terra
1580 1185 1636 1212 est.

1271 1285 1448 1322 QUAESTIO
1472 1286 1509 1317 ll.

1078 1366 1117 1392 An
1135 1367 1246 1400 puniens
1265 1367 1294 1392 z'n
1313 1367 1419 1399 inferno
1438 1367 1471 1393 sit
1491 1367 1559 1393 solus
1579 1368 1650 1401 z'qnz's
1667 1368 1686 1394 ³.

1042 1445 1151 1476 Utrum
1166 1447 1301 1485 puniens
1317 1446 1348 1476 in
1367 1446 1490 1476 inferno
1506 1446 1544 1476 sit
1559 1447 1645 1485 ignis
1661 1448 1766 1486 solus3

997 1500 1027 1528 et
1035 1499 1118 1538 quod
1129 1499 1183 1535 sie,
1197 1499 1321 1530 videtur
1329 1502 1355 1529 δι
1368 1499 1605 1538 Ice,maledz·ccz·,
1616 1501 1652 1531 in
1662 1501 1765 1540 iynem

995 1555 1166 1589 (eternium
1183 1552 1237 1582 ubi
1258 1552 1408 1582 Dominus
1431 1562 1486 1592 per
1503 1554 1693 1583 seutentiam
1716 1554 1764 1584 in-

996 1605 1054 1634 fert
1070 1605 1217 1635 aeternale
1231 1605 1421 1644 supplicium
1433 1615 1529 1644 :ergo
1545 1606 1766 1646 videturquod

996 1657 1029 1687 in
1044 1658 1119 1696 igne
1135 1667 1214 1697 puro
1231 1658 1392 1688 consistat.

1037 1714 1065 1740 2.
1084 1711 1162 1741 Item
1177 1712 1323 1742 calefacto
1338 1712 1370 1741 in
1383 1712 1459 1750 igne
1474 1721 1558 1752 aqua
1573 1713 1689 1752 frIgida
1703 1722 1768 1744 non

997 1766 1042 1793 est
1058 1763 1200 1802 poenalis,
1218 1764 1272 1794 sed
1286 1764 1493 1802 delectabilis3
1510 1774 1567 1795 nec
1583 1769 1683 1804 auget
1697 1776 1769 1806 sup-

997 1816 1143 1855 plicium,
1160 1817 1213 1846 sed
1227 1817 1432 1855 refrigerium
1450 1828 1456 1847 2
1474 1827 1552 1856 ergo
1577 1819 1601 1848 si
1618 1819 1705 1850 nulla
1722 1822 1767 1850 est

997 1870 1043 1899 eis
1067 1869 1256 1907 consolatio,
1284 1869 1411 1899 nullum
1436 1870 1639 1909 refrigerium
1650 1896 1657 1909 ‚
1690 1882 1767 1912 ergo

996 1925 1042 1953 est
1056 1923 1140 1953 calor
1155 1923 1242 1961 ignis
1260 1923 1327 1953 sine
1341 1923 1462 1961 frigore
1477 1933 1579 1963 aquae.

1036 1978 1065 2006 3.
1084 1975 1160 2005 Item
1171 2000 1178 2013 ‚
1196 1976 1221 2005 si
1237 1978 1311 2005 sunt
1324 1975 1367 2005 ibi
1381 1976 1547 2015 elementa,
1564 1980 1619 2007 aut
1634 1980 1709 2008 sunt
1720 1988 1769 2009 ac-

996 2030 1072 2068 tiva,
1087 2033 1142 2060 aut
1157 2039 1220 2060 non
1234 2040 1239 2059 ε
1252 2029 1276 2059 si
1292 2029 1348 2066 sic,
1361 2038 1440 2068 ergo
1452 2040 1524 2060 cum
1533 2041 1635 2062 unum
1644 2034 1767 2063 eontra-

998 2084 1083 2114 rium
1099 2093 1198 2122 agens
1213 2084 1245 2113 in
1269 2083 1353 2113 aliud
1369 2085 1440 2122 eJus
1455 2085 1607 2115 actionem
1632 2086 1770 2117 debilitet

997 2140 1028 2167 et
1043 2137 1215 2176 infringat,
1236 2139 1310 2166 tunc
1326 2137 1453 2167 videtur
1474 2138 1559 2177 qnod
1582 2139 1662 2170 actio
1685 2140 1771 2179 ignis

997 2190 1036 2220 sit
1050 2190 1093 2220 ihi
1103 2190 1235 2220 remissa
1245 2201 1251 2227 3
1265 2190 1349 2229 quod
1362 2199 1425 2220 non
1434 2190 1560 2221 videtur
1570 2192 1769 2231 conveniens,

999 2253 1072 2273 cum
1090 2243 1143 2272 illa
1158 2252 1252 2282 poena
1271 2243 1310 2272 sit
1326 2243 1542 2274 acerbissima.
1569 2244 1601 2275 Si
1619 2254 1693 2275 vero
1707 2254 1771 2276 non

997 2299 1071 2326 sunt
1086 2296 1205 2334 activa,
1226 2305 1305 2335 ergo
1330 2295 1409 2325 nihil
1425 2296 1544 2327 faciunt
1568 2298 1606 2327 ad
1622 2307 1769 2337 poenam;

996 2358 1074 2388 ergo
1089 2350 1115 2379 si
1143 2349 1174 2378 in
1192 2349 1314 2379 inferno
1336 2357 1401 2378 non
1418 2348 1533 2380 debent
1554 2360 1621 2381 esse
1640 2361 1771 2391 corpora

998 2412 1073 2442 quae
1089 2402 1126 2432 ad
1144 2411 1269 2442 poenam
1286 2411 1348 2432 non
1363 2402 1495 2440 faciunt,
1512 2405 1614 2442 patet,
1631 2407 1688 2434 etc.

1037 2458 1067 2486 4.
1089 2455 1177 2493 item,
1193 2455 1219 2485 si
1234 2455 1274 2484 ihi
1290 2457 1364 2485 sunt
1374 2455 1435 2485 alia
1450 2456 1615 2495 elementa,
1628 2460 1682 2487 aut
1697 2460 1771 2488 sunt

995 2509 1143 2539 distincta
1155 2533 1162 2546 ,
1180 2511 1235 2539 aut
1251 2508 1370 2538 mixta:
1388 2509 1413 2538 si
1431 2509 1548 2548 mixta,
1565 2520 1643 2549 ergo
1658 2520 1768 2542 eorum

996 2580 1020 2603 q.
1054 2578 1138 2600 xcvxi,
1169 2573 1215 2595 art.
1242 2574 1266 2601 13
1297 2571 1424 2601 nichard„
1450 2572 1479 2595 {V
1506 2573 1584 2601 δοιώ,
1614 2573 1669 2596 dist.
1699 2580 1769 2604 κων,

995 2609 1042 2631 art.
1058 2610 1082 2637 2,
1097 2615 1121 2638 «1,
1137 2613 1164 2637 ν;
1181 2606 1268 2637 steph.
1286 2606 1390 2633 Brulelz,
1405 2607 1436 2630 lV
1447 2608 1531 2636 Seni„
1546 2608 1601 2631 dist.
1619 2614 1688 2636 XLIV,
1701 2616 1724 2639 q.
1739 2617 1768 2639 κς

998 2644 1084 2666 Petrus
1102 2644 1132 2666 de
1154 2644 1266 2671 'l'arant.,
1291 2642 1321 2666 lV
1347 2642 1426 2671 Seni„
1446 2642 1502 2665 dist.
1525 2649 1596 2672 κων,
1617 2651 1641 2674 q.
1666 2650 1717 2668 xiv.
1740 2657 1770 2661 -

997 2680 1006 2692 ²¹
1020 2679 1120 2708 Mami„
1134 2683 1194 2708 xxv,
1211 2678 1248 2701 41.

1788 1464 1820 1484 5241
1837 1471 1889 1491 opp.
