1991 3006
73 289 104 308 Ad
127 297 176 316 ιψμ,

194 212 252 241 478

234 276 294 306 Sed
309 276 417 305 contra
433 285 439 304 :
456 276 485 303 1.
504 271 593 310 Quod
614 270 763 301 intestina
779 278 840 300 non
856 278 962 300 resur-

193 332 288 368 gant,
306 328 365 358 hoe
380 327 524 357 videtur:
548 324 624 364 quia
643 326 715 353 sunt
733 323 771 353 ad
788 322 961 361 superflui-

192 383 263 412 tatis
280 381 412 411 imbutae
432 379 643 418 receptionem
659 389 665 407 :
690 377 744 407 sed
767 376 807 406 ihi
825 384 887 405 11011
902 375 963 406 erit

190 436 262 465 talis
279 433 481 473 superfluitas
497 441 504 462 ε
520 440 610 470 ergo,
629 433 687 461 ete.

230 490 260 518 2.
288 487 364 517 Item
391 485 538 516 intestina
564 486 619 514 aut
643 485 737 514 erunt
762 491 881 518 vacua,
906 483 962 512 aut

190 540 282 580 plena
297 551 303 570 :
319 540 344 570 si
360 548 461 570 vacua
475 562 481 574 ‚
498 546 578 576 ergo
594 537 773 576 imperfecta
787 547 793 572 3
809 535 834 564 si
852 534 958 574 plena,

189 602 269 632 ergo
285 592 450 623 immunda
468 603 473 622 :
499 600 573 622 cum
593 600 672 629 ergo
695 589 817 619 nullum
844 588 959 618 horum

189 646 283 676 statui
298 646 409 685 gloriae
424 646 589 684 competat,
610 645 704 683 patet,
721 645 778 672 etc.

231 702 259 730 3.
283 699 372 737 Item,
387 698 472 738 quod
488 706 544 727 nec
559 696 659 736 capilli
677 696 858 733 resurgant,
877 693 961 724 vide-

189 755 261 783 tur:
275 753 427 792 quoniam
443 753 518 781 sunt
534 760 573 781 ex
587 750 711 779 fumosa
725 747 956 786 superfluitate:

189 806 241 836 sed
272 806 314 835 ibi
345 814 407 835 uon
436 805 497 834 erit
525 802 730 842 superfluitas
758 801 921 831 fumorum
950 811 956 829 :

188 866 267 896 ergo
280 882 287 894 ,
304 859 362 887 etc.

227 914 256 940 4.
282 912 357 941 Item
380 910 500 940 ratione
522 908 667 944 videtur;
685 907 760 946 quia
783 906 861 936 sicut
887 905 960 935 solia

187 966 261 994 sunt
284 964 317 993 in
347 963 470 999 artiore,
503 962 547 991 sie
573 960 677 1000 capilli
701 960 732 989 in
759 959 882 998 eapite:
906 958 959 988 sed

187 1017 292 1047 fructu
306 1017 344 1046 ad
360 1016 575 1046 maturitatem
595 1014 688 1044 ducto
701 1037 708 1050 ‚
730 1014 850 1043 cessant
866 1011 956 1042 solia:

187 1079 264 1109 ergo
284 1073 314 1100 et
335 1069 455 1109 capilli,
472 1070 625 1107 eumJam
640 1068 735 1097 homo
760 1065 903 1105 pervenit
919 1065 958 1094 ad

187 1124 325 1154 fructum
342 1123 466 1163 gloriae.

227 1180 255 1208 5.
281 1177 357 1208 Item
370 1177 431 1207 hoc
445 1178 545 1216 potest
561 1175 699 1214 probari,
717 1174 790 1213 quia
806 1182 869 1202 non
885 1174 959 1202 sunt

186 1232 224 1262 de
239 1231 368 1262 veritate
384 1233 518 1260 naturae.

226 1288 255 1315 6.
280 1284 375 1321 Item,
407 1284 481 1323 quia
501 1282 641 1313 deforme
665 1283 746 1311 esset
770 1289 903 1319 corpus,
933 1279 958 1308 si

186 1347 296 1368 omnes
331 1337 432 1377 capilli
470 1337 677 1373 resurgerent
691 1358 697 1371 ,
736 1333 960 1364 extenderetur

186 1392 271 1421 enim
286 1391 380 1421 nimis·
406 1389 573 1428 longitudo
593 1388 798 1427 capillorum3
815 1389 844 1416 et
861 1386 959 1424 hujus

186 1444 319 1483 signum
332 1446 389 1481 est,
406 1442 490 1482 quod
506 1443 572 1472 sine
590 1442 697 1471 dolore
711 1439 955 1470 abscinduntur:

185 1498 239 1528 sed
261 1497 345 1537 quod
370 1506 433 1526 nou
451 1496 550 1533 vivit,
575 1504 639 1525 11011
657 1494 749 1524 (lebet
770 1501 956 1531 resurgere,

185 1551 260 1590 quia
274 1550 463 1580 resurrectio
479 1551 525 1579 est
539 1548 577 1578 ad
593 1548 691 1578 vitam
709 1558 714 1576 :
734 1555 826 1585 ergo,
844 1548 903 1576 ete.

459 1663 684 1696 CONCLUSIO.

186 1752 225 1779 Ea
241 1753 330 1782 etiam,
343 1759 400 1785 quoe
414 1751 444 1777 cle
458 1751 642 1784 superfluitate
655 1750 714 1775 sunt
732 1748 859 1782 corporis,
873 1754 959 1773 resur-

220 1799 289 1830 gent,
302 1799 331 1822 ut
347 1797 443 1830 capilli
458 1798 481 1821 et
491 1797 598 1824 metent,-
613 1794 677 1827 (μιία
687 1794 749 1819 sunt
764 1791 799 1817 acl
813 1791 959 1817 decentiam

221 1843 244 1867 et
260 1843 443 1868 ornamentum
464 1841 593 1873 corporis.

226 1925 317 1964 Resp.
337 1925 374 1955 ad
394 1933 465 1963 arg.
484 1923 656 1953 Dicendum
676 1921 761 1961 quod
774 1944 781 1957 ,
800 1919 956 1950 5101111110-

186 1982 253 2008 tum
278 1980 342 2015 est,
368 1979 517 2015 resurget
540 1977 571 2006 in
596 1984 726 2015 corpore
749 1983 813 2003 non
834 1975 958 2002 tantum

185 2031 269 2070 quod
285 2034 330 2061 est
345 2031 382 2061 de
397 2032 465 2069 ejiis
483 2030 676 2066 necessitate,
694 2028 747 2058 sed
763 2027 857 2057 etiam
874 2025 959 2065 quod

186 2086 233 2114 est
246 2085 282 2114 de
297 2084 490 2122 integritate,
507 2085 537 2112 et
553 2082 694 2112 decentia
709 2082 761 2120 (a),
777 2082 805 2109 et
820 2078 959 2118 pulchri-

187 2137 317 2167 tudine:
336 2137 487 2176 quoniam
513 2136 614 2174 igitur
635 2134 738 2174 capilli
763 2136 837 2163 sunt
851 2132 889 2162 de
904 2131 959 2162 de-

187 2191 299 2227 centia,
315 2193 344 2220 et
358 2199 484 2228 ungues
502 2189 571 2228 (hoc
587 2190 690 2228 patet,
707 2187 783 2226 quia
796 2185 959 2215 calvitium

187 2245 233 2273 est
250 2243 444 2282 imperfectio
467 2242 611 2281 naturae),
637 2241 673 2281 (Kb)
697 2240 765 2269 ideo
787 2239 855 2269 dico
875 2238 959 2277 quod

188 2299 370 2334 resurgent.
402 2295 553 2325 Similiter
584 2297 614 2324 et
640 2293 787 2323 intestina
819 2294 894 2322 suut
922 2291 960 2321 de

189 2351 312 2379 naturae
334 2349 566 2388 pulchritudine
582 2359 588 2377 z
607 2348 690 2377 unde
706 2346 907 2385 Augustinus
921 2345 930 2361 ¹
950 2354 959 2375 z

192 2414 206 2430 (ι
235 2402 270 2432 111
293 2401 497 2431 interioribus
526 2401 712 2436 visceribus,
738 2408 810 2439 quae
835 2398 960 2428 nullum

187 2455 283 2485 decus
310 2455 403 2485 modo
423 2455 571 2484 videntur
595 2454 710 2484 hahere
724 2477 731 2490 ,
756 2452 799 2482 ita
818 2450 961 2490 pult-hri-

189 2508 263 2538 tudo
284 2508 440 2538 rationem
465 2507 645 2544 delectabit,
674 2508 709 2535 ut
735 2505 822 2535 omni
848 2504 960 2533 formae

187 2561 366 2600 apparenti,
397 2569 468 2600 quae
501 2560 599 2590 oeulis
629 2560 747 2599 placet,
784 2556 959 2588 seeundum

189 2615 302 2644 mentis
313 2614 469 2653 judicium
487 2614 683 2654 praeferatur.

223 2677 228 2692 ¹
242 2678 316 2707 Aug„
326 2677 356 2700 (Ιι-
372 2678 449 2700 (lime.
469 2677 527 2707 Dei,
541 2677 584 2700 lib.
601 2677 678 2706 XXil,
692 2682 713 2699 c.
731 2679 802 2698 xxiv,

749 202 1056 234 SENTENTIARUM
1080 203 1152 234 LIB.
1177 203 1225 234 IV.

1056 273 1083 300 1.
1116 270 1164 300 Ad
1191 269 1267 300 illud
1295 270 1377 309 quod
1407 269 1576 309 objicitur,
1606 270 1692 310 quod
1719 279 1783 302 non

1015 322 1177 353 habebunt
1193 332 1286 352 usum
1300 347 1307 359 ‚
1325 323 1493 353 dicendum
1512 322 1596 362 quod
1615 331 1724 353 verum
1738 325 1785 354 est

1015 376 1053 405 de
1069 385 1128 405 usu
1142 376 1340 415 imperfecto,
1356 385 1452 415 quem
1469 375 1561 405 modo
1576 375 1693 406 habent
1707 386 1713 405 :
1730 375 1784 406 sed

1016 429 1189 468 perfectum
1206 429 1383 466 habebunt,
1406 429 1462 468 qui
1485 430 1530 458 est
1548 428 1654 458 visum
1668 428 1784 459 intelli-

1015 481 1132 520 gentiae
1148 481 1305 520 objectare
1323 482 1355 511 in
1372 483 1437 512 tam
1457 480 1590 521 pulchra
1604 481 1782 520 harmonia,

1015 535 1047 565 in
1059 545 1121 574 qua
1131 535 1270 566 laudabit
1281 536 1387 566 anima
1400 535 1586 575 sapientiam
1599 534 1782 566 conditoris.

1054 590 1083 618 ἐξ.
1111 588 1157 618 Ad
1187 588 1262 618 illud
1288 588 1374 628 quod
1402 588 1574 628 objicitur:
1598 591 1677 618 «aut
1690 589 1786 618 erunt

1015 650 1132 678 vacua,
1154 644 1208 671 aut
1232 641 1343 680 plena3
1361 653 1374 669 »
1394 640 1563 671 dicendum
1584 640 1668 680 quod
1689 643 1786 671 erunt

1015 693 1118 732 plena,
1136 694 1189 724 sed
1208 703 1272 724 non
1295 695 1530 734 superfluitate3
1552 694 1606 724 sed
1626 694 1785 725 nobilibus

1013 747 1194 786 spiritibus,
1211 750 1241 776 et
1259 747 1428 778 subtilibus
1441 771 1448 784 ‚
1466 756 1538 787 quse
1554 750 1655 778 totum
1671 756 1786 787 corpus

1014 801 1143 831 reddent
1156 801 1284 839 agilius.

1055 856 1083 884 3.
1110 854 1155 884 Ad
1179 854 1255 884 iilud
1280 854 1363 894 quod
1387 854 1550 893 objicitur,
1575 854 1661 894 quod
1682 854 1785 894 capilli

1014 909 1087 937 sunt
1103 917 1141 936 ex
1158 907 1386 947 superfluitate,
1398 907 1566 938 dicendum
1582 907 1666 947 quod
1679 916 1786 947 super-

1014 960 1118 991 fluitas·
1135 963 1181 991 est
1197 961 1311 1000 triplex
1328 971 1334 990 :
1358 969 1421 991 una
1442 962 1586 1000 respectu
1601 960 1698 991 totius
1712 969 1785 991 eor-

1014 1015 1099 1053 poris
1114 1017 1145 1044 et
1160 1014 1289 1053 speciei,
1311 1016 1347 1044 111.
1367 1016 1413 1044 est
1435 1014 1636 1053 superfluitas
1650 1013 1783 1053 impuri—

1014 1067 1100 1104 tatis,
1126 1070 1155 1097 et
1180 1067 1248 1097 haze
1272 1076 1335 1097 11011
1356 1067 1415 1097 erit
1436 1067 1496 1104 ibi;
1521 1066 1582 1096 alia
1606 1069 1651 1097 est
1673 1075 1782 1106 super-

1014 1121 1117 1150 ssuitas
1141 1123 1286 1160 respectu
1308 1120 1404 1150 totius
1428 1120 1568 1159 corporis
1589 1120 1623 1150 in
1643 1128 1708 1160 quo
1726 1122 1783 1158 est,

1014 1174 1065 1203 sed
1082 1182 1146 1203 non
1160 1174 1301 1212 respectu
1316 1173 1445 1203 alterius
1458 1173 1668 1212 propagandi,
1678 1175 1786 1212 utpote

1014 1236 1133 1264 semen,
1154 1229 1184 1256 et
1199 1226 1268 1257 haee
1287 1226 1431 1256 similiter
1446 1226 1486 1256 ibi
1503 1235 1568 1256 non
1582 1226 1657 1264 erit,
1673 1227 1703 1256 et
1717 1225 1787 1257 haec

1014 1283 1059 1310 est.
1093 1280 1296 1319 superfluitas
1324 1279 1534 1316 residuitati53
1564 1279 1711 1319 quaedam
1739 1281 1786 1310 est

1014 1333 1220 1372 superfluitas
1236 1335 1378 1372 respectu
1390 1332 1485 1363 unius
1499 1332 1596 1372 partis
1608 1357 1615 1369 ,
1631 1334 1738 1362 tamen
1752 1331 1785 1361 in

1014 1386 1112 1416 altera
1127 1396 1191 1416 non
1211 1388 1256 1416 est
1271 1386 1432 1426 superflua
1445 1410 1452 1422 ,
1468 1385 1521 1415 sed
1537 1385 1669 1423 decens,
1683 1387 1713 1416 et
1727 1394 1784 1425 op-

1014 1441 1090 1470 time
1114 1440 1283 1477 collocata,
1305 1442 1333 1470 et
1359 1439 1429 1470 talis
1450 1441 1497 1469 est
1520 1439 1722 1478 superfluitas
1745 1447 1786 1469 ex

1014 1503 1076 1532 qua
1096 1496 1169 1523 sunt
1193 1493 1313 1533 capilii,
1330 1493 1405 1532 quia
1430 1492 1482 1522 illa
1502 1492 1633 1522 materia
1651 1500 1716 1522 non
1739 1493 1786 1521 est

1014 1547 1187 1577 necessaria
1202 1546 1381 1583 stomacho3
1406 1548 1452 1576 est
1471 1548 1579 1576 tamen
1595 1545 1675 1575 hene
1689 1544 1784 1575 collo-

1014 1602 1081 1629 cata
1096 1599 1129 1629 in
1144 1599 1255 1638 capite,
1269 1601 1299 1629 et
1316 1599 1426 1629 barba.

1054 1655 1072 1682 sk
1088 1676 1095 1688 ,
1113 1655 1131 1681 5
1153 1654 1182 1682 et
1198 1654 1226 1682 6.
1249 1652 1297 1682 Ad
1319 1652 1397 1682 illud
1413 1653 1498 1692 quod
1513 1652 1679 1692 objicitur,
1700 1652 1783 1692 quod

1014 1705 1144 1734 arbores
1167 1704 1316 1734 amittunt
1338 1704 1432 1742 folia,
1459 1705 1628 1736 dicendum
1648 1705 1734 1745 quod
1757 1705 1785 1735 si

1014 1758 1141 1787 arbores
1157 1758 1306 1788 deberent
1327 1767 1452 1797 semper
1475 1767 1570 1788 suum
1590 1767 1717 1788 servare
1736 1758 1787 1788 de-

1015 1820 1140 1849 corem,
1166 1811 1246 1841 sicut
1270 1813 1494 1849 resurgentes,
1525 1820 1690 1850 nunquam
1713 1810 1787 1841 solia

1014 1864 1196 1894 amitterent
1215 1875 1221 1894 :
1246 1864 1297 1894 sed
1320 1873 1386 1894 non
1406 1864 1520 1894 dehent
1547 1873 1623 1894 eum
1647 1873 1787 1902 servare,

1015 1918 1096 1947 sicut
1117 1920 1323 1956 resurgentes
1340 1929 1346 1947 ε
1370 1918 1440 1948 ideo
1462 1927 1526 1948 non
1548 1920 1594 1948 est
1610 1918 1723 1948 simile.
1739 1917 1788 1948 Ad

1015 1971 1075 2000 alia
1105 1970 1164 2000 tria
1200 1971 1405 2007 solvendum,
1440 1971 1604 2009 distinguo
1632 1970 1788 2009 triplicem

1016 2023 1181 2053 veritatem
1194 2026 1318 2054 naturae
1335 2026 1364 2054 et
1380 2024 1489 2054 vivere
1499 2023 1675 2054 secundum
1689 2022 1789 2062 tripli-

1015 2085 1083 2106 cem
1099 2076 1327 2113 differentiam,
1345 2079 1379 2106 ut
1403 2077 1435 2105 in
1458 2075 1646 2115 praecedenti
1668 2075 1789 2114 proble-

1017 2131 1099 2158 mate
1113 2128 1234 2158 dictum
1249 2131 1306 2159 est.

1256 2247 1498 2281 ARTlCULUS
1523 2248 1551 2280 Π
1557 2273 1563 2280 .

1057 2342 1290 2381 Consequenter
1307 2366 1315 2379 ,
1352 2343 1509 2381 quantum
1541 2341 1580 2371 ad
1614 2340 1788 2371 secundum

1016 2395 1205 2433 articulum,
1230 2395 1386 2434 quaeritur
1409 2394 1545 2424 secundo
1568 2393 1645 2433 quid
1665 2394 1698 2424 in
1725 2403 1789 2434 quo

1017 2451 1163 2487 resurgat
1180 2459 1186 2478 :
1204 2450 1233 2478 et
1248 2448 1286 2478 de
1301 2448 1361 2478 hoc
1376 2448 1438 2478 duo
1451 2449 1642 2487 quaeruutur
1662 2458 1668 2477 ε
1685 2447 1789 2487 primo

1017 2502 1172 2541 quaeritur
1187 2502 1262 2540 quid
1284 2502 1316 2531 in
1331 2510 1395 2540 quo
1417 2503 1566 2538 resurgat
1580 2502 1735 2540 quantum
1750 2500 1787 2531 ad

1018 2557 1118 2585 totum
1139 2563 1272 2593 corpus:
1290 2553 1442 2591 secundo,
1459 2553 1535 2592 quid
1555 2553 1588 2582 in
1607 2562 1671 2592 quo
1686 2562 1788 2592 quan-

1017 2610 1087 2638 tum
1101 2608 1140 2638 ad
1155 2608 1316 2647 quodlibet
1329 2607 1522 2637 membrum.

1050 2673 1079 2700 (a)
1096 2671 1156 2695 Coet.
1169 2670 1228 2694 edit.
1246 2673 1269 2694 et
1285 2670 1410 2694 docentia.
1420 2681 1450 2686 —
1463 2668 1497 2699 (b)
1512 2670 1570 2692 uem
1586 2668 1642 2692 culd.
1659 2671 1692 2692 et.
