1991 3006
114 1120 193 1148 Opinio

101 1152 197 1175 aliorum

100 1711 196 1737 Improb.

100 1923 204 1943 Determi-

123 1957 180 1973 natio

99 1986 192 2011 propria.

226 240 284 269 604

224 313 306 343 esse,
336 308 370 335 nt
396 306 460 345 ipse
487 305 698 346 Philosophus
725 308 814 346 dicit,
847 312 878 339 et
907 310 994 340 nullo

225 359 318 389 modo
332 368 395 388 non
411 368 478 389 esse
498 370 504 389 :
523 368 619 399 ergo,
636 363 695 391 etc.

263 414 292 441 4.
318 412 394 442 ltem
411 414 516 451 maJ'us
535 413 655 443 malum
675 415 780 453 magis
799 418 845 446 est
864 417 992 454 tugien-

223 464 325 495 dum:
350 465 401 495 sed
432 467 534 505 majus
564 467 683 497 malum
707 472 751 498 est
780 469 865 508 quod
891 470 995 508 magis

223 518 334 548 adimit
360 529 366 548 :
391 519 443 549 sed
467 520 628 559 corruptio
648 521 679 550 in
701 531 766 551 non
794 531 860 552 esse
885 522 995 553 adimit

223 573 324 601 totum
346 572 483 609 honum;
501 582 595 612 piena
616 583 690 604 vero
708 583 770 604 non
786 577 907 611 totum,
930 575 994 605 imo

222 624 359 655 multum
384 625 556 665 relinquit:
581 636 660 665 ergo
675 628 779 666 magis
802 628 993 666 fugiendum

222 680 269 708 est
284 687 347 708 non
364 687 441 716 esse,
458 688 554 719 quam
572 681 687 719 puniri.

494 800 719 831 CONCLUSIO.

222 887 352 912 Damnati
375 887 485 913 mallent
504 895 555 913 iton
578 895 648 919 csse,
674 896 753 921 quam
778 895 831 915 esse
852 889 974 915 damnati·
985 911 993 921 ,

256 931 394 956 voluntate
406 931 596 964 deliberativim
610 934 633 958 et
650 934 734 959 omnis
750 933 823 958 homo
836 932 910 959 [lebet
924 933 995 959 illud

257 976 380 1009 appetere
396 977 520 1009 appetitu
534 977 682 1009 refuqi'ente
695 977 901 1008 incommodum
915 985 995 1012 oppo-

256 1020 339 1046 situm
354 1019 393 1054 (u)
407 1021 494 1046 tamen
510 1022 548 1047 est
563 1021 704 1048 secundum
719 1023 867 1057 appetitum
883 1022 992 1048 honesti.

263 1107 354 1147 Resp.
372 1109 411 1138 ad
424 1118 495 1147 arg.
513 1109 558 1139 Ad
576 1109 635 1139 hoc
650 1110 759 1140 dicunt
774 1110 891 1149 aliqui,
909 1110 992 1149 quod

221 1161 361 1191 damnati
384 1162 513 1192 mallent
536 1172 599 1193 non
618 1172 702 1200 esse,
722 1173 819 1202 qnam
839 1165 883 1193 sie
904 1173 992 1193 esse:

220 1214 273 1244 sed
288 1215 446 1254 appetitus
462 1225 574 1246 eorum
597 1219 644 1246 est
665 1217 881 1254 inordinatus,
898 1219 928 1247 et
942 1217 994 1247 in-

219 1267 382 1305 discretus,
395 1270 425 1298 et
441 1269 666 1307 phantasticus,
680 1271 755 1309 quia
768 1269 827 1299 sibi
842 1270 993 1300 nocivum

220 1320 347 1360 appetit,
373 1321 453 1351 sicut
474 1324 504 1351 et
525 1322 682 1361 appetitus
703 1317 917 1359 febricitantis,
939 1323 993 1362 qui

220 1383 284 1404 non
311 1374 398 1404 venit
423 1384 462 1405 ex
490 1377 620 1413 natura,
650 1376 703 1406 sed
734 1385 773 1405 ex
798 1375 994 1415 phantastica

221 1428 460 1466 imaginatione,
483 1429 559 1468 quia
575 1429 736 1459 existimat
759 1429 817 1459 sibi
836 1429 990 1468 prodesse,

218 1481 302 1520 quod
312 1483 403 1511 nocet
413 1482 483 1512 sibi.
498 1482 549 1512 Sic
559 1482 712 1520 damnati,
725 1483 801 1522 quia
811 1483 994 1514 existimant

219 1543 252 1564 se
267 1534 385 1565 habere
410 1536 568 1575 requiem,
587 1536 611 1566 si
630 1537 761 1567 omnino
785 1546 849 1567 non
870 1540 991 1575 essent,

219 1590 371 1626 appetunt
401 1589 504 1627 magis
531 1598 594 1620 non
623 1599 689 1620 esse
701 1614 709 1627 ,
739 1600 834 1629 quam
865 1600 932 1621 esse
960 1592 992 1621 in

220 1640 346 1679 poenis:
368 1644 398 1671 et
425 1642 485 1671 hoc
511 1642 638 1672 videtur
661 1643 764 1673 dicere
779 1643 989 1681 Augustinus.

221 1693 279 1723 Sed
291 1696 397 1724 tamen
408 1694 538 1733 Sapiens
547 1695 622 1725 dicit
632 1696 662 1725 in
674 1695 870 1727 Ecclesiastoe
879 1696 971 1728 libi-0¹
981 1708 992 1727 .·

220 1746 404 1778 Feliciorem
430 1751 562 1787 utroque
584 1748 756 1787 judicavi,
782 1752 840 1779 etc.
866 1748 903 1778 Et
928 1750 993 1788 ipsa

219 1799 378 1838 Sapientia
392 1802 401 1815 ²
426 1811 432 1829 :
461 1801 576 1832 Mettus
601 1804 668 1832 erat
689 1803 738 1839 et,
758 1802 788 1832 si
809 1805 906 1832 natus
929 1810 992 1833 non

220 1852 333 1888 luisset
348 1852 436 1884 homo
449 1853 513 1884 itte.
529 1853 565 1884 Et
581 1854 796 1893 Hieronymus
807 1854 892 1892 dicit,
907 1856 992 1894 quod

223 1918 236 1931 (ι
261 1905 373 1936 melius
395 1909 443 1936 est
464 1916 528 1937 non
551 1907 679 1943 vivere,
712 1917 809 1946 quam
833 1908 915 1938 male
941 1908 992 1938 vi-

222 1967 304 1989 vere.
321 1970 335 1986 »
356 1959 426 1989 ldeo
441 1960 610 1991 dicendum
626 1961 731 1998 aliter,
748 1961 831 2000 quod
846 1971 910 1992 non
926 1970 993 1992 esse

222 2012 306 2041 nullo
330 2013 424 2043 modo
445 2016 491 2043 est
513 2014 726 2053 appetendum
749 2015 891 2053 appetitu
905 2015 990 2045 ordi-

219 2068 293 2095 nato
307 2068 337 2095 et
358 2068 442 2097 recto
456 2078 462 2103 3
480 2067 623 2097 similiter
639 2077 696 2097 nec
711 2077 777 2098 esse
793 2068 989 2106 damnatum,

219 2118 269 2148 vel
284 2127 350 2149 esse
362 2119 529 2150 infelicem.
547 2120 584 2150 Εἰ
594 2121 619 2150 si
635 2121 752 2151 horum
769 2121 887 2160 aliquid
902 2130 992 2161 appe-

218 2174 314 2210 tatur,
337 2173 551 2212 phantasticus
568 2177 614 2204 est
634 2175 803 2214 appetitus,
821 2184 885 2205 non
906 2176 990 2206 ordi—

218 2225 303 2256 natio
319 2228 450 2256 naturae.
464 2226 524 2257 Sed
544 2229 719 2267 utrumque
733 2228 849 2258 horum
865 2229 989 2266 fugien-

217 2278 307 2308 dum.
320 2278 357 2309 Et
372 2288 444 2309 cum
460 2289 493 2309 56
509 2280 644 2311 habeant
659 2281 740 2311 sicut
754 2282 948 2319 excedentia,
961 2285 992 2312 et

218 2339 347 2361 excessa
360 2342 366 2361 :
382 2334 556 2372 utrumque
571 2333 669 2363 altero
686 2334 790 2372 magis
804 2337 849 2365 est
863 2335 990 2374 fugien—

218 2384 296 2415 dum
315 2384 449 2414 diversis
467 2385 780 2417 considerationibus.
808 2388 889 2424 Quia
905 2389 992 2418 enim

219 2446 283 2468 non
302 2447 370 2468 esse
388 2438 498 2469 adimit
524 2441 625 2469 totum
642 2439 762 2470 honum
775 2464 783 2478 ,
802 2450 895 2480 poena
918 2450 989 2480 par-

219 2492 301 2528 tem3
324 2491 393 2521 ideo
412 2492 472 2522 hoc
489 2491 594 2530 magis
615 2495 662 2522 est
681 2493 882 2532 fugiendum.
909 2493 991 2525 Sim-

219 2542 340 2582 pliciter
354 2546 460 2574 tamen
481 2543 638 2583 loquendo
652 2568 659 2581 ‚
683 2545 758 2584 quia
778 2546 938 2585 corruptio
959 2546 991 2576 in

220 2604 282 2624 non
311 2605 378 2626 esse
402 2596 434 2626 in
457 2596 617 2627 infinitum
641 2598 762 2627 excedit
791 2608 917 2637 poenam
943 2599 993 2629 in-

253 2658 258 2671 ¹
273 2657 411 2690 Eccle.‚1v,
424 2660 447 2682 3.
458 2671 488 2676 —
503 2658 510 2672 ⁷
521 2658 622 2690 Mami„
634 2664 704 2688 xxm,
716 2659 753 2683 24.

789 241 1094 274 SENTENTIARUM
1120 244 1191 276 [ΑΒ.
1218 245 1268 277 lV.

1049 312 1185 349 tensive,
1216 313 1248 342 in
1276 313 1452 351 infinitum,
1484 315 1616 355 inquam
1645 318 1820 349 secundum

1052 366 1303 405 proportionem,
1327 376 1419 406 poena
1440 378 1515 399 vero
1536 370 1697 400 extensive
1716 370 1750 400 in
1774 371 1823 401 in—

1051 419 1177 448 finitum
1206 420 1380 450 secundum
1410 422 1595 459 veritatem;
1627 423 1696 453 ideo
1730 424 1822 455 credo

1051 472 1132 510 quod
1151 473 1254 511 magis
1269 474 1481 513 appetendum
1504 478 1594 513 esset,
1610 476 1634 506 si
1651 480 1822 516 poneretur

1051 524 1083 554 in
1099 525 1236 564 optione,
1255 527 1384 557 omnino
1400 537 1464 557 non
1478 537 1556 566 6556,
1572 538 1668 568 quam
1687 532 1820 561 aeterna-

1051 577 1121 608 liter
1136 579 1274 618 torqueri
1290 591 1295 610 :
1314 580 1425 620 loquor
1440 582 1478 611 de
1493 583 1645 621 appetitu,
1662 584 1716 623 qui
1733 584 1821 614 refu-

1052 631 1099 669 git
1123 631 1359 663 incommoduni
1377 645 1383 663 :
1407 634 1467 664 hoc
1489 635 1575 665 enim
1593 635 1714 674 judicat
1733 645 1822 667 mens

1052 694 1122 715 mea
1151 686 1255 723 inagis
1281 687 1452 725 portabile,
1478 688 1558 718 sieut
1585 688 1822 720 decollationem

1052 739 1167 778 magis,
1188 748 1283 779 quam
1297 740 1483 771 diuturnam
1503 742 1588 780 ignis
1608 743 1820 774 adustionem.

1051 791 1278 823 Verumtamen
1301 794 1477 824 secundum
1494 796 1668 834 appetitum
1685 796 1819 835 honesti,

1051 846 1126 885 quia
1141 847 1298 876 cruciatus
1314 847 1413 886 iniqui
1429 848 1557 886 spiritus
1572 851 1617 878 est
1633 848 1671 878 ad
1687 849 1822 887 gloriam

1051 898 1115 936 Dei,
1132 899 1240 938 utiquc
1256 900 1359 938 magis
1372 900 1499 930 deberet
1515 900 1644 939 ignibus
1659 901 1823 940 subjacere

1051 953 1087 982 ad
1105 953 1290 983 continuam
1309 953 1358 984 Dei
1376 954 1514 991 laudem,
1532 963 1630 994 quam
1646 964 1701 995 per
1717 956 1821 986 omni-

1052 1006 1177 1035 modam
1193 1006 1428 1046 corruptionem
1445 1016 1576 1037 manum
1597 1007 1649 1038 Dei
1665 1007 1820 1047 effugere.

1051 1059 1191 1090 Concedo
1217 1068 1297 1098 ergo
1322 1060 1405 1098 quod
1434 1060 1574 1090 damnati
1603 1061 1733 1091 mallent
1760 1070 1823 1092 non

1050 1122 1116 1142 esse
1131 1123 1137 1143 :
1158 1115 1188 1143 et
1202 1113 1306 1143 omnis
1319 1113 1415 1143 homo
1431 1116 1513 1144 recte
1527 1114 1619 1145 debet
1634 1114 1710 1144 illud
1725 1123 1821 1154 appe-

1050 1168 1126 1200 tere,
1139 1166 1332 1195 considerata
1343 1166 1501 1204 gravitate
1516 1167 1682 1206 utriusque
1697 1177 1799 1207 poenae
1814 1179 1819 1198 :

1050 1228 1114 1250 non
1130 1222 1234 1249 tamen
1255 1220 1324 1250 dico
1339 1220 1421 1259 quod
1440 1220 1479 1249 sit
1492 1221 1596 1259 magis
1609 1221 1822 1260 appetendum

1050 1273 1232 1312 simpliciter
1259 1284 1265 1302 :
1297 1275 1403 1303 tamen
1431 1273 1490 1312 ipsi
1514 1273 1699 1312 simpliciter
1722 1274 1826 1314 magis

1049 1328 1225 1366 appetunt:
1251 1328 1281 1356 et
1303 1326 1510 1356 concedendae
1533 1328 1608 1356 sunt
1631 1327 1770 1357 rationes
1785 1328 1823 1358 ad

1050 1380 1121 1410 hoe.

1091 1436 1118 1464 1.
1143 1433 1191 1464 Ad
1212 1433 1348 1463 rationes
1364 1435 1470 1463 autem
1495 1433 1533 1463 ad
1557 1433 1740 1472 oppositum
1761 1433 1823 1464 sol—

1050 1487 1187 1523 vendas,
1219 1486 1388 1516 dicendum
1411 1486 1495 1525 quod
1520 1486 1721 1525 Augustinus
1748 1495 1824 1526 pro-

1049 1542 1129 1571 cedit
1144 1550 1181 1571 ea
1195 1541 1258 1578 via,
1272 1550 1336 1579 qua
1346 1541 1507 1580 corruptio
1522 1541 1555 1570 in
1570 1549 1634 1571 non
1648 1549 1716 1571 esse
1730 1549 1823 1571 exce-

1048 1594 1103 1631 dit,
1121 1594 1237 1624 scilicet
1252 1594 1420 1624 intensive.

1088 1649 1116 1677 ⁶2.
1130 1646 1177 1677 Ad
1191 1646 1268 1676 illud
1281 1646 1367 1685 quod
1380 1646 1538 1685 objicitur,
1552 1646 1637 1685 quod
1648 1646 1824 1685 praeelectio

1048 1700 1200 1739 supponit
1215 1699 1413 1734 electionem,
1429 1698 1599 1729 dicendum
1612 1699 1696 1738 quod
1709 1708 1822 1730 verum

1048 1755 1094 1782 est
1117 1753 1155 1782 de
1172 1752 1240 1789 illa,
1265 1761 1338 1791 quae
1358 1753 1405 1781 est
1425 1760 1481 1790 per
1505 1751 1635 1782 modum
1655 1751 1820 1790 desiderii3

1049 1816 1112 1837 non
1127 1806 1165 1836 de
1179 1815 1227 1843 ea,
1244 1815 1317 1844 quae
1332 1807 1378 1835 est
1394 1814 1449 1845 per
1465 1805 1595 1835 modum
1612 1805 1709 1843 fugae.

1089 1862 1117 1890 3.
1142 1859 1189 1889 Ad
1206 1859 1283 1889 illud
1306 1859 1392 1898 quod
1413 1858 1582 1897 objicitur,
1599 1859 1684 1898 quod
1709 1861 1823 1890 natura

1049 1912 1239 1943 determinat
1271 1921 1395 1951 semper
1422 1920 1510 1949 esse,
1539 1912 1708 1942 dicendum
1737 1913 1822 1952 quod

1048 1974 1162 1996 verum
1179 1968 1235 2003 est,
1253 1968 1283 1995 et
1297 1965 1392 1995 etiam
1405 1964 1486 1995 ratio
1503 1967 1607 2001 recta;
1625 1967 1731 1995 tamen
1747 1974 1823 1995 vera

1048 2021 1162 2049 natura
1193 2018 1298 2057 magis
1332 2018 1451 2056 refugit
1487 2026 1612 2056 poenam
1647 2020 1819 2055 aeternam,

1047 2081 1145 2111 quam
1162 2074 1429 2102 momentaneam.

1087 2127 1117 2154 4.
1141 2124 1189 2154 Ad
1213 2124 1290 2154 illud
1313 2124 1399 2163 quod
1420 2124 1585 2162 objicitur,
1608 2123 1692 2162 quod
1716 2124 1821 2162 majus

1048 2178 1170 2208 malum
1188 2180 1250 2215 est,
1275 2177 1360 2216 quod
1376 2177 1481 2214 magis
1501 2176 1629 2213 adimit,
1651 2176 1819 2206 dicendum

1046 2231 1131 2270 quod
1154 2231 1258 2269 majus
1283 2230 1403 2260 malum
1424 2229 1594 2268 dupliciter
1615 2231 1680 2266 est,
1705 2229 1821 2260 scilicet

1046 2283 1226 2320 extensive,
1252 2286 1282 2313 et
1303 2282 1474 2319 intensive;
1499 2284 1530 2312 et
1552 2282 1698 2312 similiter
1717 2281 1821 2321 magis

1047 2336 1206 2366 adimere:
1234 2337 1265 2365 et
1288 2337 1401 2365 natura
1425 2334 1529 2373 magis
1553 2333 1674 2372 refugit
1696 2342 1821 2373 semper

1046 2398 1113 2419 esse
1128 2389 1160 2418 iu
1170 2387 1356 2418 omnimoda
1370 2387 1506 2424 miseria,
1524 2395 1621 2426 quam
1637 2386 1726 2416 omni
1736 2386 1820 2417 bono

1046 2441 1182 2481 privari,
1203 2441 1285 2470 sicut
1305 2441 1486 2479 frequenter
1500 2439 1539 2470 de
1552 2448 1587 2469 re
1597 2462 1606 2476 ‚
1622 2447 1720 2478 quam
1735 2439 1818 2469 mul—

1046 2497 1117 2525 tum
1139 2502 1300 2531 amamus,
1322 2492 1481 2523 malumus
1507 2492 1541 2531 (b)
1564 2491 1650 2522 illam
1673 2500 1738 2522 non
1759 2492 1817 2523 ha-

1047 2547 1135 2585 bere,
1153 2556 1250 2586 quam
1269 2548 1396 2586 propter
1414 2545 1501 2576 illam
1517 2545 1648 2575 induere
1661 2545 1820 2576 conditio-

1047 2609 1121 2630 nem
1137 2599 1295 2630 servilem.

1079 2661 1113 2692 (a)
1122 2660 1182 2686 Coet.
1194 2659 1252 2684 edit.
1265 2662 1479 2692 opportunum.——
1489 2658 1592 2689 (b)Coel.
1602 2658 1661 2683 edit.
1674 2659 1817 2685 maluimus.
