1991 3006
238 197 257 224 6
801 188 1107 221 SEN'rlzNTlAltUM
1131 188 1202 219 ΗΒ.
1227 188 1276 220 lv.

279 261 368 299 flesp.
386 260 555 289 Dicendum
569 259 650 298 quod
667 258 803 288 charitas
818 258 859 287 ibi
875 259 933 286 stat
947 265 1003 295 pro

237 313 388 343 charitate
403 313 523 348 creata,
541 310 624 350 quod
640 312 723 350 patet
741 319 795 349 per
809 309 1003 340 determina-

237 366 355 395 tionem
374 365 573 403 adjunctam‚
595 372 668 392 cum
694 363 789 393 dicit:
813 374 826 390 «
849 362 925 398 Qua)
948 370 1003 400 per

236 417 391 456 Spiritum
404 419 547 446 sanctum
563 416 761 446 diffunditur.
774 426 787 443 »
808 414 881 444 Ilaec
896 416 1001 444 autem

235 470 350 500 dicitur
365 469 521 499 dimittere
536 470 660 507 peccata
674 470 831 507 quantum
853 467 891 497 ad
906 466 1003 496 meri-

236 524 324 559 tum,
343 522 423 551 sicut
446 520 576 560 exponit
596 520 693 557 infra;
721 520 797 559 quia
820 519 882 550 viri
904 518 1002 548 sancti

235 584 291 614 per
303 574 487 604 charitatem
502 582 592 603 suam
607 575 769 603 merentur
785 573 921 611 gratiam
935 571 1002 611 pri—

236 636 331 657 mam.
348 626 404 657 Vel
419 626 488 657 ideo
502 626 617 656 dicitur
632 626 807 662 dimittere,
832 625 906 664 quia
923 624 1001 653 nulli

234 680 455 716 dimittuntur,
476 679 537 708 nisi
561 679 605 708 eis
627 679 681 718 qui
703 678 901 717 recipiuntur
922 677 1002 706 infra

234 732 473 763 ecclesiasticam
496 732 649 761 unitatem
672 740 679 761 :
703 731 786 761 unde
808 730 947 760 haeretici
973 732 1003 760 et

233 785 436 822 schismatici,
454 784 595 823 quandiu
607 785 697 814 extra
712 783 880 813 Ecclesiam
892 783 924 812 in
938 782 1001 812 hae-

234 839 294 868 resi
309 840 339 868 et
354 838 522 868 schismate
542 840 761 877 perseverant,
785 837 922 876 gratiam
945 845 1003 866 nec

233 891 291 920 sibi
315 900 370 921 nec
392 891 444 920 alii
459 890 565 920 valent
581 890 744 928 aequaliter
760 890 945 928 impetrare,
963 889 1001 919 de

234 943 347 973 adultis
362 943 529 982 loquendo.

548 1036 615 1057 DUB.
640 1036 683 1056 lv.

327 1092 510 1123 Quodcumque
526 1092 643 1123 ligaveris
659 1099 734 1123 super
749 1094 851 1122 terram,
865 1095 911 1116 cte.

275 1152 427 1191 Objicitur
446 1156 556 1184 contra
568 1154 658 1184 istam
675 1154 859 1193 Hieronymi
876 1155 1002 1193 exposi-

234 1206 369 1243 tionem,
387 1207 461 1245 quia
474 1207 500 1236 si
516 1207 598 1237 istud
612 1209 693 1237 esset
709 1207 812 1237 solum
827 1216 882 1246 per
897 1209 1002 1237 osten-

234 1258 354 1288 sionem
364 1281 371 1292 ‚
388 1259 476 1289 nulla
488 1268 568 1297 ergo
581 1259 759 1289 differentia
773 1261 853 1289 esset
863 1260 1004 1289 sacerdo-

234 1310 273 1340 tis
294 1312 369 1341 novi
384 1312 563 1342 testamenti
585 1312 623 1342 ad
643 1315 744 1342 vetus.
766 1313 803 1342 Et
822 1313 955 1349 iterum,
978 1313 1003 1342 si

234 1364 378 1394 sacerdos
392 1366 438 1394 est
452 1365 579 1401 arbiter,
602 1367 632 1394 et
648 1374 757 1403 poenas
774 1367 874 1404 potest
890 1374 1000 1395 secun-

234 1415 311 1446 dum
326 1416 493 1446 arbitrium
509 1426 603 1446 suum
626 1417 803 1455 imponere3
821 1426 900 1455 ergo
919 1418 1004 1448 vide-

235 1470 286 1497 tur
301 1468 383 1507 quod
397 1469 434 1498 ad
451 1468 645 1498 voluntatem
664 1478 755 1498 suam
770 1469 867 1508 possIt
882 1469 1003 1500 solvere

235 1522 265 1549 et
281 1520 392 1557 ligare.
410 1520 489 1550 Item
503 1520 618 1560 aliquis
639 1521 821 1560 hypocrita,
839 1522 895 1560 qui
910 1522 1004 1552 habet

235 1572 328 1611 signa
348 1573 559 1610 contritionis,
583 1574 758 1604 absolvitur
778 1582 797 1604 a
819 1575 1000 1605 sacerdote:

235 1633 345 1664 quaero
360 1634 439 1663 ergo
454 1626 515 1663 hic,
532 1634 573 1655 an
588 1626 685 1656 clavis
699 1629 796 1663 erret,
813 1636 851 1656 an
870 1636 933 1657 non
952 1638 958 1657 :
977 1628 1002 1657 si

235 1678 329 1713 errat,
346 1685 425 1716 ergo
440 1686 503 1707 non
518 1678 645 1708 deberet
658 1687 731 1708 eum
748 1679 910 1709 absolvere
926 1691 931 1709 ε
950 1679 1002 1710 sed

236 1729 296 1759 hoc
306 1729 419 1759 salsum
427 1732 483 1765 est,
493 1730 567 1769 quia
573 1730 673 1769 Judex
684 1731 858 1761 secundum
871 1741 918 1769 ea,
931 1741 1004 1771 quae

238 1784 400 1820 apparent,
418 1782 509 1812 debet
519 1783 674 1821 Judicare.
688 1783 720 1813 Si
736 1792 799 1813 non
814 1787 908 1821 errat,
927 1794 1004 1823 ergo

237 1834 364 1864 videtur
376 1835 459 1873 quod
474 1835 543 1865 talis
553 1836 594 1865 sit
604 1836 725 1866 solutus
739 1836 773 1865 in
787 1836 883 1866 coelis.

279 1887 370 1926 Resp.
388 1887 559 1917 Dicendum
581 1889 666 1927 quod
685 1891 842 1927 quantum
858 1890 897 1920 ad
912 1891 1005 1921 abso-

237 1939 389 1970 lutionem
405 1949 423 1970 a
436 1940 543 1980 culpa,
561 1941 705 1971 sacerdos
717 1950 749 1971 se
764 1941 858 1972 habet
873 1952 928 1981 per
942 1952 1006 1973 mo-

237 1993 314 2022 dum
329 1993 589 2030 demonstrantis3
609 1996 766 2032 qnantum
781 1995 820 2024 ad
832 1995 1006 2025 ahsolutio-

239 2054 311 2075 nem
329 2054 347 2074 a
360 2054 464 2084 poena,
481 2055 514 2075 se
529 2046 622 2075 habet
637 2055 692 2084 per
706 2046 836 2075 modum
850 2046 1007 2077 dimitten-

239 2097 289 2127 tis.
317 2097 377 2127 Sed
406 2098 629 2128 attendendum
659 2101 704 2128 est
716 2122 724 2135 ‚
757 2099 840 2138 quod
870 2100 1006 2130 efficacia

240 2151 425 2180 sacramenti
436 2151 549 2190 pendet
557 2160 596 2180 ex
609 2151 777 2181 idoneitate
790 2152 1004 2191 suscipientis:

240 2204 327 2233 actus
350 2202 436 2232 enim
458 2202 633 2233 activorum
652 2205 726 2233 sunt
742 2203 774 2233 in
798 2204 933 2242 patiente
949 2205 1008 2235 dis-

241 2255 353 2294 posito.
366 2254 439 2285 Dico
451 2255 548 2293 igitur
559 2255 643 2294 quod
658 2255 689 2285 in
703 2256 805 2293 taleni,
816 2257 870 2295 qui
885 2257 1008 2288 videtur

242 2307 405 2344 contritus,
417 2307 512 2337 habet
522 2307 618 2338 clavis
629 2308 776 2338 effectum
792 2312 949 2348 quantum
962 2313 1008 2341 est

242 2361 280 2390 (le
292 2369 324 2390 se
335 2371 341 2397 3
358 2360 412 2391 sed
422 2360 506 2399 quod
516 2360 694 2398 nonhabet,
709 2361 768 2391 hoc
777 2363 873 2392 estex
884 2363 1008 2393 fictione

243 2412 343 2449 illius,
367 2413 410 2442 ita
430 2412 515 2451 quod
537 2413 683 2451 quamvis
704 2413 801 2444 clavis
824 2423 888 2444 non
907 2417 1008 2454 erret,

276 2492 282 2507 ¹
305 2492 344 2522 Cf.
373 2491 444 2515 Alex.
471 2492 566 2521 Alens„
594 2499 619 2522 p.
647 2492 689 2521 lV,
717 2500 740 2523 q.
767 2499 816 2523 xx,
845 2494 952 2518 membr.
980 2498 1007 2525 1,-

243 2528 384 2556 S.Th01n.,
399 2528 425 2551 in
441 2527 528 2559 Suppl.
548 2535 573 2558 p.
589 2528 632 2557 Ill,
643 2535 667 2558 q.
681 2534 744 2557 xvn,
754 2530 800 2552 art.
816 2531 839 2558 1;
853 2532 877 2552 et
887 2531 916 2553 lV
930 2530 1009 2559 Seu!.,

242 2564 300 2586 dist.
325 2568 403 2591 xviii,
425 2570 449 2593 q.
469 2569 492 2592 1,
516 2565 562 2586 art.
588 2563 613 2591 1,
635 2570 660 2593 q.
682 2569 704 2592 ¹3
725 2563 852 2593 llichartl.y
879 2565 908 2588 tV
931 2566 1008 2595 Scnt„

243 2598 299 2622 dist.
318 2604 391 2628 xvui,
406 2605 430 2628 q.
449 2597 573 2627 1;'i'honi.
592 2600 703 2626 ›xi-gent,
722 2599 751 2621 lV
769 2599 847 2628 Sem„
860 2599 915 2623 dist.
933 2606 1007 2629 xviii,

244 2641 268 2664 q.
285 2639 300 2663 1,
314 2635 360 2656 art.
378 2635 403 2662 13
420 2633 566 2657 Franciscus
580 2633 610 2656 de
626 2634 716 2663 Mayr„
729 2633 758 2657 lV
770 2635 847 2664 Seni„
861 2634 916 2658 dist.
933 2641 1007 2665 xvui,

1063 258 1167 285 tamen
1182 255 1233 285 illc
1248 257 1331 286 errat
1345 258 1374 286 et
1389 256 1514 296 decipit.
1531 255 1563 286 Si
1579 257 1686 286 autem
1705 254 1757 285 ille
1771 255 1827 294 qui

1061 307 1154 338 solvit
1176 310 1230 337 aut
1249 308 1286 347 (a)
1304 308 1395 347 ligat,
1415 309 1507 339 solvit
1522 311 1552 339 et
1566 308 1642 346 ligat
1661 307 1697 346 (b)
1713 316 1825 337 secun-

1059 360 1137 390 dum
1160 361 1355 391 voluntatem
1367 385 1374 398 ‚
1399 362 1441 392 ita
1463 362 1546 401 quod
1570 370 1634 391 non
1653 360 1827 390 secundum

1060 413 1198 443 scientiae
1214 413 1263 443 vel
1275 414 1359 452 juris
1374 414 1522 452 regulam
1537 413 1699 453 procedat,
1713 412 1756 442 sic
1769 411 1828 442 cla-

1061 466 1107 495 vis
1123 475 1186 495 non
1198 466 1292 496 habet
1302 466 1475 497 efficaciam
1489 478 1495 497 ;
1509 469 1539 497 et
1549 468 1657 497 contra
1672 465 1758 499 tales,
1773 464 1828 504 qui

1060 517 1207 548 volebant
1221 519 1258 548 ad
1270 521 1380 549 votum
1390 519 1511 550 solvere
1526 522 1556 549 et
1566 519 1676 557 ligare,
1690 517 1829 557 loquitur

1059 570 1272 610 Hieronymus
1283 596 1292 609 ‚
1308 572 1474 602 ostendens
1490 572 1548 602 hoc
1564 572 1601 602 de
1616 570 1783 611 supercilio
1798 571 1829 600 et

1059 624 1205 663 superbia
1220 625 1387 664 procedere
1405 634 1412 655 :
1430 625 1514 655 unde
1538 625 1619 655 sicut
1633 625 1829 654 sacramenta

1058 676 1226 715 privantur
1237 677 1385 714 efficacia,
1397 680 1452 707 aut
1466 678 1541 717 quia
1555 686 1617 708 non
1633 678 1716 707 recte
1730 675 1828 706 admi-

1058 729 1243 767 nistrantur,
1259 732 1315 760 aut
1329 730 1405 769 quia
1420 739 1481 760 non
1503 732 1585 760 recte
1601 729 1826 769 suscipiuntur,

1059 782 1101 812 sic
1116 782 1154 813 de
1168 783 1308 813 clavibus
1320 785 1443 822 oportet
1462 782 1607 821 intelligi.

1299 900 1456 934 ARTICU
1461 900 1539 934 LUS
1563 901 1588 933 Ι.

1098 994 1145 1023 Ad
1156 993 1396 1032 intelligentiam
1409 994 1506 1033 hujus
1518 994 1614 1034 partis
1626 993 1780 1032 quaeritur
1790 991 1828 1022 de

1059 1046 1202 1077 clavibus
1218 1047 1393 1077 secundum
1410 1046 1494 1086 quod
1517 1048 1656 1086 spectant
1671 1045 1710 1076 ad
1723 1046 1828 1076 forum

1059 1099 1288 1138 poenitentiale3
1306 1102 1336 1129 et
1357 1101 1438 1129 circa
1459 1100 1519 1130 hoc
1534 1099 1593 1129 tria
1618 1098 1829 1138 principaliter

1059 1154 1248 1191 quaeruntur
1264 1163 1270 1181 :
1288 1152 1390 1191 primo
1411 1152 1566 1191 quaeritur
1587 1152 1624 1181 de
1639 1151 1781 1181 clavibus
1795 1151 1827 1181 in

1060 1205 1220 1243 generali;
1242 1204 1396 1240 secundo,
1420 1204 1458 1235 de
1482 1206 1631 1244 potestate
1654 1204 1774 1243 ligandi
1798 1206 1829 1234 et

1059 1256 1214 1291 solvendi,
1232 1266 1304 1296 quae
1329 1260 1375 1287 est
1395 1257 1491 1287 clavis
1516 1257 1711 1296 principalis;
1738 1257 1828 1287 tertio

1059 1309 1096 1338 de
1107 1309 1235 1339 scientia
1244 1309 1453 1339 discernendi.
1468 1309 1627 1345 Quantum
1638 1309 1676 1340 ad
1688 1309 1827 1348 primum

1059 1363 1247 1400 quaeruntur
1264 1361 1326 1392 duo
1340 1370 1348 1391 :
1361 1361 1463 1401 primo
1478 1362 1633 1401 quaeritur
1645 1364 1754 1392 utrum
1769 1361 1829 1392 cla-

1059 1423 1113 1443 ves
1136 1413 1279 1443 Ecclesiae
1296 1414 1377 1444 datae
1400 1414 1479 1451 sint;
1496 1414 1649 1451 secundo,
1666 1414 1828 1453 supposito

1058 1466 1143 1505 quod
1154 1466 1208 1502 sic,
1225 1466 1380 1504 quaeritur
1395 1466 1432 1496 ad
1451 1466 1536 1505 quod
1552 1466 1633 1496 datae
1648 1469 1732 1496 sunt.

1329 1569 1509 1607 QUAESTIO
1532 1570 1554 1600 1.

1208 1652 1251 1677 An
1266 1652 1353 1678 claves
1365 1652 1422 1678 sinc
1434 1652 1505 1678 datoe
1521 1652 1647 1679 Ecclesiae
1658 1655 1674 1679 ¹.

1099 1732 1185 1761 Circa
1197 1740 1295 1771 quam
1313 1732 1487 1762 ostenditur
1501 1732 1585 1771 quod
1606 1732 1708 1763 claves
1724 1733 1827 1764 Eccle-

1059 1785 1114 1815 siae
1126 1784 1187 1814 sint
1199 1784 1279 1814 datae
1298 1793 1353 1823 per
1368 1784 1445 1814 illud
1460 1785 1543 1823 quod
1559 1784 1712 1816 habetur²
1730 1795 1737 1815 :
1758 1785 1828 1817 Tibe?

1060 1838 1139 1869 dabo
1153 1837 1256 1868 claves
1270 1838 1361 1876 requi
1376 1837 1533 1868 emiorum.

1103 1891 1177 1920 ltein
1199 1890 1258 1920 hoc
1273 1891 1377 1929 ipsum
1393 1892 1544 1930 probatur
1563 1900 1618 1930 per
1644 1891 1721 1922 illud
1744 1893 1828 1931 quod

1059 1943 1173 1974 dicitur
1188 1945 1221 1973 ⁸:
1248 1943 1385 1978 Quorum
1407 1945 1596 1976 remiseritis
1613 1947 1756 1984 peccata,
1779 1953 1829 1977 re-

1061 1996 1233 2027 mittuntur
1249 1997 1313 2032 eis,
1329 2001 1387 2026 etc.
1410 2008 1416 2026 :
1435 2006 1513 2035 ergo
1536 1998 1569 2028 in
1589 2000 1739 2037 potestate
1753 2008 1828 2038 apo-

1061 2048 1215 2078 stolorum
1228 2049 1496 2079 suitintroducere
1508 2051 1546 2080 ad
1557 2051 1734 2090 Justitiani:
1751 2061 1830 2090 ergo

1061 2101 1100 2131 ad
1115 2101 1213 2131 vitam
1231 2112 1237 2130 :
1255 2100 1307 2130 sed
1330 2102 1434 2131 omnis
1452 2102 1506 2141 qui
1531 2105 1630 2142 potest
1647 2103 1828 2141 admittere,

1062 2152 1111 2183 vel
1126 2153 1293 2184 excludere
1308 2162 1327 2183 a
1339 2162 1455 2191 regno,
1473 2154 1566 2185 habet
1581 2155 1702 2186 clavem
1716 2157 1827 2195 regni:

1061 2214 1139 2243 ergo
1155 2205 1302 2245 apostolis
1322 2205 1402 2236 datae
1426 2206 1556 2236 fuerunt
1575 2207 1679 2238 claves
1696 2217 1703 2238 ε
1720 2209 1773 2238 sed
1794 2209 1828 2247 (c)

1063 2266 1125 2287 non
1140 2258 1200 2287 nisi
1217 2258 1250 2288 in
1262 2260 1418 2298 quantum
1429 2260 1519 2289 erant
1528 2259 1649 2298 praelati
1663 2259 1828 2291 Ecclesiae:

1062 2319 1150 2349 ergo,
1167 2313 1223 2341 etc.

1100 2363 1178 2393 item
1203 2364 1324 2394 ratione
1347 2364 1481 2401 videtur,
1505 2364 1579 2403 quia
1602 2365 1708 2395 nullus
1731 2368 1832 2404 potest

1064 2415 1186 2453 ingredi
1206 2424 1344 2454 regnum
1365 2415 1537 2452 coelorum,
1562 2416 1622 2446 nisi
1649 2426 1704 2456 per
1726 2417 1830 2448 Eccle-

1064 2492 1088 2516 q.
1106 2491 1126 2514 ις
1143 2486 1230 2516 steph.
1245 2486 1347 2516 nruief„
1361 2487 1390 2510 lV
1407 2486 1486 2517 Sent„
1502 2486 1559 2515 dist,
1576 2492 1649 2516 xvur,
1664 2494 1688 2518 q.
1704 2494 1729 2518 13
1744 2488 1830 2511 Petrus

1064 2522 1094 2544 de
1108 2521 1218 2551 Tarant.‚
1232 2522 1262 2545 IV
1275 2522 1353 2552 Sent.‚
1364 2521 1421 2544 dist.
1435 2527 1509 2552 xviii,
1524 2528 1549 2551 q.
1564 2527 1582 2544 1.
1593 2534 1623 2539 -—
1638 2522 1648 2538 ²
1658 2523 1758 2551 Mami„
1776 2529 1828 2551 xvi,

1068 2558 1101 2578 14¹.
1114 2569 1141 2572 -
1158 2556 1166 2569 ³
1179 2556 1258 2585 loma,
1274 2563 1316 2585 xx,
1334 2558 1372 2580 23.

1095 2600 1125 2629 (a)
1145 2600 1203 2622 Cret.
1219 2600 1278 2623 (vlit.
1294 2600 1378 2630 solvit,
1393 2600 1496 2631 obligat.
1511 2613 1540 2617 -
1553 2599 1587 2630 (1))
1605 2601 1664 2623 Coec.
1682 2601 1742 2625 edit.
1763 2601 1830 2626 deest

1064 2635 1137 2658 solvit
1151 2636 1174 2658 ct
1186 2635 1252 2663 ligat.
1264 2650 1293 2653 —
1305 2635 1336 2666 (c)
1347 2637 1400 2659 cael.
1413 2635 1471 2661 edit.
1488 2635 1553 2659 deest
1565 2635 1618 2659 scd.

1844 1756 1946 1777 Fundam.
