1991 3006
804 209 992 241 DISTINCT.
1016 209 1134 240 XLVII.
1709 213 1763 241 537

172 278 226 317 qui
242 277 357 317 recepit
375 277 543 316 injuriam,
560 279 591 307 et
605 277 662 307 iste
676 286 740 307 non
756 278 855 316 potest
869 285 939 307 om·
996 279 1027 306 et.
1041 276 1193 316 quoniam
1210 276 1291 307 Deus
1306 277 1389 316 gerit
1408 277 1500 308 istam
1516 277 1672 317 duplicem
1694 286 1765 317 per-

172 331 249 361 nino
268 331 399 370 punire,
416 330 493 370 quin
508 330 652 367 excedat3
674 331 704 360 et
724 331 771 360 est
791 329 886 359 horno
901 329 939 359 ad
997 339 1124 367 sonam,
1142 329 1258 360 scilicet
1275 331 1343 369 ejus
1364 331 1419 370 qui
1442 330 1627 367 offenditur,
1648 332 1679 360 et
1698 331 1766 369 ejus

172 392 268 422 quem
282 385 399 422 spectat
422 383 551 422 punire,
577 384 613 413 ut
635 384 680 413 est
699 382 816 421 judex,
839 384 869 412 et
883 382 940 412 iste
997 382 1051 422 qui
1062 382 1200 421 judicat3
1218 382 1287 412 ideo
1306 392 1378 413 cum
1397 392 1460 413 non
1483 383 1580 423 possit
1599 382 1764 420 excedere,

173 445 236 466 non
248 437 349 475 potest
365 436 494 466 omnino
509 436 674 473 dimittere,
691 436 769 475 quin
785 435 915 465 excedat
931 446 937 465 :
996 435 1069 465 facit
1084 437 1268 474 utrumque.

603 581 1065 627 DISTINCTIO
1121 582 1341 627 XLVII

252 695 289 716 DE
317 694 483 716 SENTENTIA
511 695 639 724 JUDICII,
671 695 707 715 ET
737 695 753 715 A
782 694 908 724 QUIBUS,
940 695 977 716 ET
1006 695 1036 715 IN
1064 694 1141 720 QUOS
1170 694 1324 724 FERETUR;
1355 695 1392 716 DE
1422 694 1531 716 ORDINE
1559 695 1689 724 JUDICII,

647 749 685 769 ET
708 748 793 769 POENA
819 748 1025 770 DAMNATORUM
1050 748 1121 769 POST
1144 748 1295 770 JUDICIUM.

225 835 312 868 Solet
328 835 425 879 etiam
440 834 544 878 quaeri
559 860 567 875 ,
584 834 725 878 qualiter
740 834 872 867 dabitur
889 834 1005 878 judicii
1027 835 1198 868 sententia.
1217 835 1279 867 Sed
1296 846 1360 867 non
1377 839 1423 866 est
1440 835 1648 878 perspicuum
1663 834 1696 866 id
1711 845 1768 866 ex—

180 892 309 936 plicare.
336 892 409 924 Non
434 891 521 924 enim
546 891 714 935 Scriptura
737 896 846 935 aperte
871 892 994 924 diffinit
1017 904 1056 924 an
1081 903 1157 925 voce
1172 892 1228 924 illa
1245 892 1473 936 proferantur-¹
1493 904 1499 924 ε
1525 892 1654 931 Venite,
1674 891 1765 924 bene-

181 949 262 982 dicti
277 962 290 989 ,·
305 954 336 982 et
353 962 358 981 :
377 951 427 982 Ite
440 975 447 989 ,
473 949 664 990 maledicti,
686 960 726 981 an
743 950 864 982 virtute
883 949 998 993 judicis
1019 949 1063 981 ita
1080 949 1154 991 sict,
1171 949 1376 982 conscientiis
1391 949 1600 991 singulorum
1617 952 1768 981 attestan-

182 1007 281 1048 tibus,
294 1011 330 1040 ut
347 1007 442 1039 modo
456 1006 575 1038 dicitur
590 1006 754 1046 futurum,
772 1010 808 1038 ut
819 1006 939 1049 judicis
955 1007 1105 1050 potentiae
1121 1007 1255 1039 effectus
1270 1007 1372 1050 ipsius
1386 1006 1526 1039 dictione
1543 1005 1764 1048 significetur.

182 1065 242 1097 Illa
257 1065 353 1097 etiam
372 1078 378 1097 :
392 1064 527 1096 Eswici
538 1091 546 1102 ,
565 1070 595 1095 et
611 1075 676 1095 non
691 1062 827 1095 dedistis
843 1064 927 1095 mihi
942 1063 1159 1105 manducare,
1172 1068 1203 1096 et
1216 1064 1405 1108 hujusmodi
1419 1089 1427 1105 ,
1444 1064 1547 1106 magis
1561 1063 1767 1096 conscientiis

182 1121 391 1166 exprimenda
407 1120 541 1165 plurimi
560 1124 674 1164 putant
688 1132 787 1164 quam
805 1121 912 1153 verbis
928 1147 935 1161 ‚
954 1121 1031 1165 quia
1050 1122 1225 1165 Apostolus
1241 1122 1276 1154 in
1292 1127 1457 1154 momento
1479 1127 1510 1153 et
1531 1121 1566 1153 in
1591 1121 1659 1153 ictu
1684 1121 1770 1153 oculi

182 1180 374 1224 mysterium
396 1179 692 1212 consummandum
719 1179 849 1212 tradit2.
869 1179 931 1212 Sed
957 1180 1040 1212 illud
1060 1180 1100 1212 ad
1121 1179 1367 1211 resurrectionis
1393 1183 1513 1211 statum
1539 1182 1665 1212 tantum
1689 1178 1770 1210 refe-

182 1242 275 1279 runt,
293 1249 359 1270 non
382 1238 422 1270 ad
441 1237 626 1281 judicium,
653 1238 730 1281 quia
755 1238 828 1269 aliis
846 1238 963 1281 judicii
986 1237 1199 1278 sententiam,
1216 1241 1247 1269 et
1272 1237 1433 1269 malorum
1459 1236 1693 1280 increpationes
1707 1262 1714 1276 ‚
1737 1240 1769 1267 et

184 1296 344 1328 bonorum
359 1295 491 1339 praemia
506 1295 614 1328 verbis
629 1295 842 1339 exprimenda
856 1299 1014 1328 asserunt.

227 1353 298 1385 Non
314 1357 422 1385 antem
440 1352 529 1385 solus
543 1352 883 1396 Chrsstusjudiwbit,
904 1352 957 1384 sed
982 1356 1013 1385 ct
1035 1352 1135 1385 sancti
1155 1364 1230 1385 cum
1246 1363 1282 1385 eo
1300 1352 1494 1395 judicabunt
1519 1352 1679 1384 nationes.
1697 1351 1767 1394 lpse

183 1411 269 1443 enim
291 1411 444 1454 apostolis
468 1412 509 1453 (a)
534 1410 578 1442 ait
599 1413 608 1428 ³
627 1422 632 1442 :
650 1409 808 1442 Sedebitis
835 1416 866 1442 et
892 1421 944 1442 cos
966 1421 1060 1455 supet·
1081 1409 1252 1442 duodecim
1273 1409 1380 1449 sedes,
1392 1409 1585 1453 judicantes
1600 1408 1768 1441 duodecim

185 1468 287 1500 tribus
302 1469 416 1501 Israel.
433 1468 497 1500 Nec
515 1472 560 1500 vst
576 1467 760 1511 putandum
776 1467 864 1511 quod
885 1467 1056 1500 duodecim
1074 1467 1228 1511 apostolis
1244 1471 1373 1499 tantum
1398 1467 1457 1499 hoc
1474 1466 1660 1510 promiserit
1679 1465 1770 1498 Chri-

183 1531 252 1558 stus
272 1538 278 1557 :
298 1540 313 1557 «
331 1525 394 1558 Ubi
409 1525 496 1557 enim
516 1528 526 1543 ⁸
540 1525 663 1557 sedebit
683 1525 828 1565 Paulus,
846 1525 903 1569 qui
924 1525 997 1568 plus
1013 1525 1167 1557 omnibus
1190 1525 1351 1557 laboravit
1365 1527 1374 1542 ὅ
1388 1551 1396 1565 ,
1410 1524 1437 1556 si
1453 1535 1518 1557 non
1544 1524 1589 1556 ibi
1614 1523 1773 1556 sedebunt

184 1583 246 1616 nisi
261 1583 456 1616 duodecim?
470 1595 485 1613 »
506 1582 569 1615 Per
583 1582 752 1615 duodvcini
778 1593 854 1625 crgo
881 1583 970 1615 sedes
986 1583 1139 1626 perfectio
1157 1582 1343 1620 tribunalis,
1360 1582 1392 1614 id
1408 1586 1466 1623 est,
1481 1581 1774 1625 universitasjudi-

183 1641 329 1674 cantium
345 1640 554 1683 intelligitur,
568 1640 689 1672 scilicet
700 1651 813 1672 omncs
826 1640 971 1683 perfecti,
985 1640 1040 1684 qui
1053 1644 1063 1659 ⁶
1077 1639 1197 1672 relictis
1212 1639 1365 1672 omnibus
1380 1639 1480 1671 secuti
1495 1643 1572 1671 sunt
1587 1638 1771 1680 Christum;

188 1710 245 1744 per
259 1698 430 1731 duodecim
448 1697 564 1738 tribus,
583 1697 779 1729 universitas
794 1697 1062 1741 judicandorum.
1080 1697 1282 1730 ²Iudicabunt
1297 1708 1374 1730 vero
1391 1708 1444 1729 eos
1459 1697 1580 1737 sancti,
1598 1708 1663 1729 non
1679 1697 1774 1729 modo

185 1755 410 1801 cooperatione
422 1781 430 1796 ,
447 1755 499 1787 sed
517 1755 616 1787 etiam
631 1755 821 1787 auctoritate
837 1759 867 1787 et
882 1759 1050 1799 potestate.
1073 1755 1164 1788 Unde
1179 1756 1189 1771 ⁷
1208 1768 1214 1786 t
1238 1754 1352 1788 Gladc'z‘
1377 1755 1536 1798 ancipites
1558 1754 1593 1786 in
1615 1754 1770 1786 manibus

185 1825 316 1853 eorum,
334 1813 365 1845 id
382 1817 448 1854 est,
466 1812 625 1844 sententia
640 1812 679 1845 de
698 1812 792 1844 bonis
807 1816 838 1845 et
867 1813 959 1845 malis
975 1813 1008 1845 in
1025 1817 1182 1857 potestate
1203 1824 1330 1845 eorum.
1349 1812 1384 1845 Si
1400 1824 1476 1845 vero
1492 1812 1654 1856 quaeritur
1668 1838 1675 1852 ,
1701 1823 1774 1856 quae

185 1872 246 1904 erit
270 1882 384 1904 eorum
406 1874 564 1914 potestas,
580 1870 630 1902 vel
647 1870 821 1902 auctoritas
837 1870 870 1902 in
883 1870 1061 1914 judicando
1077 1884 1084 1911 ;
1106 1875 1185 1914 puto
1211 1882 1275 1903 non
1301 1875 1376 1903 ante
1392 1881 1483 1914 posse
1499 1869 1571 1902 sciri
1587 1895 1595 1907 ,
1612 1880 1711 1913 quam
1728 1869 1774 1901 vi-

185 1930 335 1970 deantur,
354 1928 415 1960 nisi
430 1927 542 1960 divina
558 1927 755 1960 revelatione
773 1928 847 1972 quis
870 1928 1030 1961 didicerit.

230 1987 335 2019 Erunt
350 1990 459 2018 autem
480 1988 620 2028 quatuor
640 1984 770 2017 ordines
786 1985 818 2016 in
836 1985 972 2029 judicio.
998 1999 1013 2017 «
1028 1986 1105 2019 Duae
1126 1986 1247 2030 qnippe
1271 1990 1348 2019 sunt
1369 1989 1493 2030 partes,
1512 1985 1690 2017 electorum
1717 1984 1776 2017 sci-

185 2044 260 2076 licet
273 2070 280 2084 ,
299 2047 329 2076 et
344 2043 578 2087 reproborum,
596 2046 631 2074 ut
647 2042 824 2085 Gregorius
841 2043 875 2075 in
896 2044 1074 2077 Moralibus
1101 2044 1146 2076 ait
1163 2046 1192 2085 ⁸3
1212 2044 1264 2076 sed
1293 2043 1361 2076 bini
1387 2043 1518 2075 ordines
1543 2042 1689 2086 ejusdem
1711 2041 1778 2073 sin-

187 2102 273 2145 gulis
302 2101 449 2145 partibus
478 2100 698 2132 continentur.
718 2100 786 2132 Alii
816 2100 902 2133 enim
924 2101 1134 2145 judicantur,
1160 2106 1191 2133 et
1212 2100 1444 2145 pereunt331ii
1474 2111 1539 2132 non
1567 2099 1775 2143 judicantur,

187 2163 218 2192 et
232 2162 390 2203 pereunt;
409 2158 466 2190 alii
483 2158 671 2201 judicantur
686 2184 693 2198 ‚
719 2162 749 2190 et
767 2162 903 2201 regnant
918 2172 924 2199 3
943 2159 998 2191 alii
1015 2170 1080 2191 non
1093 2159 1296 2203 judicantur,
1315 2162 1346 2190 ct
1363 2162 1513 2201 regnant.
1531 2157 1729 2190 Judicantur
1747 2161 1778 2190 et

187 2220 336 2261 pereunt,
350 2216 470 2259 quibus
485 2215 647 2247 dominica
662 2215 892 2248 inclamatione
907 2216 1046 2248 dicitur⁹
1066 2228 1072 2248 :
1086 2216 1233 2255 Esurivi,
1254 2222 1284 2248 el
1299 2227 1364 2248 71on
1379 2215 1516 2248 dedistis
1533 2215 1617 2247 milri
1632 2215 1777 2248 mandu-

188 2286 279 2315 care,
295 2278 354 2306 etc.
373 2273 445 2305 Non
462 2272 665 2316 judicantur,
682 2277 710 2304 et
728 2277 877 2316 percunt,
891 2274 1011 2317 quibus
1028 2274 1186 2306 Dominus
1207 2274 1252 2306 ait
1266 2274 1286 2290 ¹⁰
1305 2286 1311 2305 z
1334 2273 1398 2314 Qui
1413 2285 1478 2305 non
1501 2272 1614 2313 credit,
1628 2273 1707 2316 jam
1718 2273 1778 2317 ju-

187 2331 318 2364 dicatus
330 2337 387 2364 est.
405 2330 524 2363 Eorum
536 2330 623 2362 enim
639 2330 805 2363 damnatio
820 2331 879 2363 toti
897 2331 1044 2364 Ecclesiae
1062 2336 1136 2364 nota
1151 2335 1198 2363 est
1220 2335 1251 2364 et
1267 2335 1352 2363 certa
1364 2357 1371 2371 ‚
1393 2336 1423 2363 et
1439 2331 1511 2363 ideo
1526 2331 1683 2363 dicuntur
1698 2335 1776 2363 tunc

189 2400 253 2422 non
273 2388 432 2432 judicari,
445 2388 524 2432 quia
538 2388 576 2420 ad
592 2392 798 2432 conspectum
814 2388 950 2421 districti
961 2389 1082 2433 judicis
1099 2401 1173 2421 cum
1192 2393 1303 2433 aperta
1318 2389 1531 2421 damnatione
1547 2400 1615 2422 suae
1632 2387 1774 2421 infideli-

189 2446 262 2478 tatis
276 2445 436 2478 accedent.
453 2445 517 2484 Qui
534 2456 610 2477 vero
625 2446 859 2489 professionem
875 2446 950 2479 fidci
977 2447 1047 2478 siue
1071 2447 1224 2490 operibus
1239 2446 1359 2479 hahent
1373 2473 1381 2488 ,
1396 2447 1638 2490 judicabuntur
1652 2472 1660 2488 ,
1677 2450 1708 2478 et
1723 2457 1776 2489 pe-

221 2555 224 2565 “
241 2552 338 2581 Mamm,
357 2558 418 2582 xxv,
433 2553 470 2582 34,
489 2554 526 2582 ω,
545 2554 579 2576 22.
592 2565 620 2569 -
636 2553 664 2575 2ι
684 2554 750 2582 (1012,
769 2560 809 2583 xv,
823 2556 898 2577 212.-
919 2557 922 2565 ⁴
939 2554 1038 2584 sturm„
1055 2560 1109 2583 xix,
1127 2556 1155 2578 23
1178 2567 1207 2571 -
1222 2554 1231 2570 ⁴
1245 2555 1318 2583 Aug.‚
1336 2554 1427 2576 Eum-r.
1446 2553 1468 2576 ιή
1486 2553 1524 2576 μς.
1542 2558 1647 2581 mxxv-1,
1664 2560 1689 2575 u.
1706 2553 1733 2581 v23
1751 2552 1776 2575 m

190 2589 228 2612 Px.
246 2595 286 2618 xe,
297 2595 322 2612 u.
334 2589 356 2612 9.
366 2588 430 2611 —51
449 2588 516 2618 Cor„
532 2594 573 2617 xv,
588 2589 624 2612 10.
634 2601 662 2605 —
675 2589 682 2599 Γ
696 2589 782 2618 Marc„
798 2595 820 2617 x,
835 2591 872 2612 25).
885 2603 912 2606 —
924 2589 934 2605 ⁷
947 2590 985 2613 Ps.
1003 2595 1089 2619 cxnix,
1103 2592 1124 2614 6.
1135 2602 1164 2608 -
1177 2591 1185 2603 ”
1199 2591 1285 2618 Greg.5
1297 2588 1386 2612 Morus.
1404 2589 1429 2611 ιή
1444 2588 1497 2615 lob,
1512 2588 1553 2611 lib.
1569 2588 1656 2617 xxw,
1670 2594 1691 2610 c.
1704 2592 1775 2610 xxtx.

189 2624 237 2642 -‹·
250 2623 351 2651 Matth..
365 2628 424 2651 xxv,
439 2624 477 2647 42.
491 2636 519 2639 —
537 2623 554 2638 ¹⁰
565 2623 644 2653 Joan„
661 2629 701 2653 111,
719 2625 754 2648 18.

221 2678 254 2708 (a)
271 2676 331 2702 Coet.
347 2676 407 2700 edit.
422 2676 562 2707 apostotus.

1788 850 1817 870 tle
1830 850 1890 876 judi-

1786 881 1818 900 cio
1825 883 1894 900 extre-

1787 918 1819 931 mo
1828 918 1892 936 quan-

1800 945 1842 962 tum
1852 943 1878 962 ud

1796 974 1879 993 modum

1801 1011 1876 1024 secun-

1815 1036 1865 1055 dum

1788 1073 1850 1092 quem
1858 1066 1894 1086 da-

1810 1097 1872 1117 bitur.

1791 1357 1852 1383 Quod
1860 1358 1895 1384 ju-

1791 1389 1891 1409 dicabunt

1791 1421 1867 1445 sancti,
1876 1422 1896 1440 et

1801 1457 1886 1476 quomo-

1828 1483 1862 1502 do.

1798 1994 1827 2014 De
1842 1994 1900 2015 ordi-

1797 2026 1858 2045 nibus
1868 2031 1902 2045 eo-

1797 2063 1852 2080 rum,
1866 2056 1902 2082 qui

1794 2087 1894 2113 judican-

1798 2118 1818 2137 di
1830 2120 1899 2138 erunt*
