1991 3006
64 1041 96 1061 Ad
116 1048 166 1067 opp.

77 2320 157 2348 Opinio

63 2352 162 2373 aliorum.

657 218 749 248 DIST.
774 217 889 248 XLVII.
917 217 1003 248 ‚tr-T.
1032 218 1065 248 11.
1091 217 1236 254 QUAEST.
1264 218 1300 248 11.

181 287 248 316 tur:
262 285 336 325 quia
347 285 426 315 sicut
437 294 519 324 aqua
535 285 695 315 inundans
706 285 818 315 delevit
830 285 948 321 omnia,

181 339 224 368 sic
244 338 327 377 ignis
346 339 510 368 consumet
530 338 657 368 omnia:
679 338 732 368 sed
751 338 852 367 virtus
867 337 952 367 il‘ius

182 400 272 430 aquae
287 391 345 420 fuit
358 390 511 421 naturalis
524 401 529 421 :
548 400 627 429 ergo
640 391 784 421 similiter
797 393 827 420 et
843 390 951 429 hujus-

180 443 266 473 modi
282 443 380 481 ignis.

221 495 297 526 Item
315 496 403 535 ignis
424 505 478 535 per
499 498 646 526 naturam
664 498 758 526 natus
779 498 825 526 est
843 496 950 526 multi-

181 549 312 588 plicare,
329 551 360 579 et
380 558 537 588 purgare,
555 552 584 579 θῖ
604 549 779 586 subtiliare7
796 551 831 579 ut
847 551 930 588 patet
944 561 950 579 :

181 611 260 641 ergo
273 602 298 631 si
310 602 379 632 talis
390 602 450 632 erit
462 601 566 632 virtus
576 601 660 632 illius
671 602 769 641 ignis,
785 604 879 641 patet,
892 607 950 632 etc.

222 655 314 692 item,
338 655 363 684 si
385 655 477 685 detur
497 655 525 685 ei
548 655 648 685 virtus
671 664 767 693 supra
783 657 949 692 naturam,

182 712 236 740 aut
251 710 298 739 θεῖ
312 708 493 748 spiritualis,
510 711 565 738 aut
579 708 749 748 corporalis
762 720 768 738 :
787 718 849 738 non
866 708 954 748 spiri-

182 762 285 800 tualis,
298 764 332 792 ut
352 762 489 799 videtur,
502 762 578 801 quia
589 762 691 792 virtus
708 761 878 801 spiritualis
890 770 954 791 non

181 816 272 846 debet
283 824 350 846 esse
362 815 393 845 in
408 815 562 854 corporali
575 815 728 855 subiecto,
741 817 770 845 et
782 816 864 845 Deus
874 815 953 844 nihil

181 869 253 899 facit
282 878 336 908 per
366 868 573 905 miraculum,
602 869 684 907 quod
716 877 778 898 non
808 868 850 898 sit
877 877 953 898 con-

183 931 302 961 gruum
319 933 325 952 :
341 922 365 951 si
383 921 563 961 corporalis,
585 921 740 961 quaeritur
756 930 853 960 quare
867 921 953 951 illam

182 976 276 1006 modo
292 984 356 1005 non
370 975 476 1004 hahet.

222 1029 350 1059 Contra:
371 1032 397 1058 1.
412 1027 547 1058 Effectus
562 1027 630 1065 iste7
645 1027 698 1066 qui
711 1027 826 1057 dicitur
841 1027 952 1057 mundi

182 1081 388 1120 conflagratio
407 1083 437 1111 et
457 1080 653 1117 terminatio,
677 1082 722 1110 est
743 1089 839 1119 super
859 1082 951 1110 natu·

181 1145 250 1166 ram
268 1144 275 1165 :
292 1143 371 1174 ergo
388 1134 490 1164 virtus
511 1143 529 1163 a
548 1142 611 1173 qua
630 1134 691 1169 est,
714 1135 759 1163 est
781 1142 876 1172 super
897 1142 952 1163 na-

181 1191 299 1219 turam.

223 1245 252 1272 2.
270 1241 347 1271 Item
358 1264 365 1277 ‚
380 1240 405 1270 si
420 1240 475 1270 fiat
490 1248 544 1280 per
555 1240 666 1278 ignem
681 1240 734 1279 qui
750 1246 795 1270 est
811 1240 955 1270 naturale

183 1295 391 1331 elementum7
417 1302 542 1323 necesse
564 1295 611 1323 est
634 1292 725 1323 illum
748 1293 953 1324 descendere:

183 1346 236 1376 sed
262 1345 347 1384 ignis
374 1344 559 1375 naturaliter
583 1344 739 1374 ascendit:
767 1354 846 1383 ergo
870 1345 954 1384 quod

184 1398 366 1435 descendat,
384 1400 429 1428 est
444 1407 499 1437 per
515 1397 665 1428 virtutem
684 1406 780 1437 supra
794 1399 953 1428 naturam.

225 1454 253 1482 3.
272 1451 348 1481 Item
364 1451 448 1490 ignis
466 1450 517 1480 ille
533 1450 660 1480 habebit
674 1450 825 1480 virtutem
840 1450 949 1480 melio-

184 1505 274 1535 randi
296 1512 426 1543 corpora
450 1503 583 1533 mundi:
611 1503 662 1533 sed
689 1503 748 1533 boc
772 1512 835 1533 non
855 1506 954 1542 potest

184 1557 337 1588 naturalis
353 1556 438 1596 ignis
452 1556 511 1586 iste
525 1567 530 1586 :
548 1565 638 1595 ergo,
653 1557 710 1586 etc.
729 1555 760 1586 Si
777 1556 860 1586 dicas
876 1556 952 1594 imo,

185 1611 269 1651 quod
298 1612 399 1650 potest
427 1609 637 1646 subtiliando;
664 1611 771 1639 contra
785 1620 790 1638 :
824 1608 880 1639 Ubi
909 1611 955 1640 est

185 1663 355 1694 subtiliatio
379 1665 409 1692 et
432 1661 611 1697 rarefactio,
636 1661 674 1692 de
701 1663 885 1692 necessitate
910 1664 955 1692 est

186 1717 226 1747 ibi
244 1716 373 1755 maioris
389 1715 447 1745 loci
463 1714 643 1754 occupatio:
666 1723 743 1753 ergo
763 1715 788 1744 si
804 1715 890 1753 ignis
904 1715 955 1744 ille

185 1772 298 1801 caetera
311 1769 466 1799 elementa
482 1767 654 1804 rarefaciet,
671 1767 846 1798 necessario
862 1776 954 1807 opor-

187 1824 261 1855 tebit
276 1823 431 1862 majorem
450 1821 554 1852 locum
577 1821 743 1860 occupari:
767 1830 843 1859 ergo
859 1831 955 1861 opor-

184 1877 261 1908 tebit
277 1877 514 1906 firmamentum
533 1874 653 1912 cadere,
671 1874 721 1904 vel
735 1874 851 1913 frangi.

458 1994 680 2026 CONCLUSIO.

184 2086 257 2119 Ignis
271 2086 490 2118 conflagrationis
506 2083 595 2117 quoad
615 2085 724 2110 initium
739 2086 799 2117 aget
814 2086 842 2111 in
856 2086 955 2111 virtute

218 2130 440 2164 supernaturah':
463 2137 513 2162 quo
534 2136 593 2155 vero
605 2128 641 2154 acl
654 2136 831 2162 proqrcssum.
854 2131 955 2156 virtute

219 2174 358 2203 naturali:
386 2181 435 2207 quo
462 2181 521 2200 verro
541 2173 577 2199 ad
599 2175 866 2203 consummationem,
895 2177 954 2207 ayet

218 2224 300 2251 supra
315 2221 450 2244 naturam.

223 2303 315 2342 Resp.
331 2303 368 2333 ad
385 2313 454 2342 arg.
473 2303 659 2340 Dicendum,
675 2303 758 2342 quod
774 2303 869 2343 aliqui
886 2305 952 2334 fue-

184 2359 273 2393 runt,
291 2358 345 2396 qui
362 2357 509 2387 dixerunt
525 2356 608 2396 quod
624 2356 711 2395 ignis
727 2357 954 2396 conflagratio-

183 2410 231 2439 nis
251 2412 324 2448 aget
342 2410 459 2440 virtute
475 2410 628 2447 naturali,
651 2413 681 2441 et
696 2411 780 2450 qnod
797 2421 953 2451 aquarum

184 2463 346 2493 inundatio
370 2463 431 2493 fuit
455 2464 572 2494 virtute
594 2464 752 2495 naturali:
784 2467 955 2504 potuerunt

183 2515 268 2545 enim
297 2525 428 2556 corpora
455 2517 603 2548 habentia
632 2527 757 2557 semper
785 2518 953 2548 humidum

183 2568 332 2600 effectum
354 2578 541 2602 concurrere
565 2571 607 2601 sic
628 2571 660 2600 in
683 2580 784 2602 unum
803 2572 953 2609 signum,

186 2624 219 2653 ut
232 2624 318 2653 tanta
332 2623 421 2653 fieret
435 2633 591 2663 vaporum
606 2624 740 2655 elevatio
759 2627 790 2655 θῖ
805 2624 954 2664 multipli-

184 2676 264 2707 catio
276 2676 460 2709 humorum.
482 2677 532 2708 Sic
552 2678 660 2709 dicunt
678 2678 762 2717 quod
780 2678 882 2708 sidera
898 2678 954 2708 ha-

1719 225 1775 253 547

1005 285 1110 315 beotia
1139 284 1288 314 virtutem
1317 285 1553 325 inflammandi,
1585 290 1615 318 et
1646 297 1777 328 corpora

1007 338 1187 376 recipientia
1217 337 1457 376 impressionem
1471 363 1478 376 ‚
1510 350 1605 371 cursu
1640 343 1776 373 naturali

1006 399 1191 420 concurrere
1208 392 1370 428 poterunt,
1389 394 1424 421 ut
1438 394 1544 423 tantus
1559 393 1644 432 ignis
1659 404 1777 433 aggre-

1006 445 1111 481 getur,
1132 442 1186 481 qui
1204 444 1303 472 totum
1320 447 1499 483 consumat,
1524 447 1625 476 totum
1647 450 1775 486 purget,

1006 499 1036 526 et
1053 496 1204 533 subtiliet,
1223 499 1252 525 et.
1268 496 1299 525 in
1316 497 1476 528 meliorem
1494 499 1604 529 faciem
1619 502 1774 532 restituat.

1007 548 1067 579 Sed
1083 549 1151 579 haec
1168 548 1279 587 positio
1294 550 1339 578 est
1356 551 1541 581 temeritatis
1552 575 1561 589 ,
1579 553 1654 592 quia
1669 555 1777 585 onmia
1794 569 1890 596 1..„,f„‚i„

1007 611 1079 641 quae
1098 611 1116 631 a
1137 601 1246 632 divina
1271 602 1468 641 providentia
1489 604 1584 642 fiunt,
1609 608 1639 636 et
1658 607 1691 637 in
1712 607 1778 638 sola

1009 655 1060 685 Dei
1078 654 1240 685 voluntate
1262 655 1453 693 consistunt,
1476 666 1548 696 quae
1568 659 1694 698 respicit
1714 670 1777 691 nu-

1008 717 1133 738 merum
1158 707 1327 738 electorum
1353 710 1384 738 et
1413 710 1524 739 merita
1553 720 1774 751 personarum,

1008 761 1095 800 ponit
1120 763 1150 791 et
1171 761 1360 791 determinat
1383 762 1553 793 consistere
1579 764 1611 794 in
1633 765 1779 797 cursibus

1008 813 1160 844 siderum.
1179 813 1250 844 Ideo
1271 817 1317 844 est
1337 815 1474 845 secunda
1490 816 1617 855 positio,
1636 819 1718 857 quod
1735 822 1780 850 est
1794 835 1857 862 Ομῑυ,
1876 837 1896 854 2.

1008 867 1137 897 omnino
1152 876 1170 897 a
1185 867 1301 897 virtute
1325 877 1421 907 supra
1436 871 1602 908 naturam,
1626 873 1656 900 et
1676 871 1708 901 in
1725 871 1779 902 Dei

1010 920 1169 951 miraculis
1184 930 1249 951 non
1264 923 1310 951 est
1324 922 1496 960 quaerenda
1510 923 1589 953 ratio
1604 925 1776 956 naturalis:

1009 976 1037 1003 et
1050 974 1118 1004 haec
1133 974 1243 1013 positio
1258 974 1369 1004 stolida
1383 978 1444 1005 est:
1461 985 1560 1015 quare
1573 977 1658 1007 enim
1674 979 1779 1017 magis

1008 1027 1059 1056 fiat
1077 1036 1132 1066 per
1146 1027 1266 1065 ignem,
1282 1037 1379 1066 quam
1395 1037 1450 1067 per
1464 1029 1551 1059 aliud
1567 1039 1692 1070 corpus,
1717 1032 1778 1062 nisi

1009 1080 1047 1109 sit
1060 1080 1162 1110 virtus
1178 1081 1210 1110 in
1231 1081 1321 1119 igne,
1344 1091 1416 1120 qnae
1438 1083 1540 1121 magis
1562 1083 1607 1113 illi
1622 1093 1781 1124 congrue—

1010 1135 1062 1164 bat
1082 1135 1283 1174 operationi?
1304 1135 1341 1165 Εῖ
1362 1136 1431 1167 ideo
1453 1137 1505 1167 via
1531 1138 1635 1169 media
1659 1141 1705 1169 est
1725 1140 1780 1169 eli-
1798 1155 1893 1175 nerei-m,

1010 1187 1128 1226 genda3
1151 1190 1181 1218 et
1201 1188 1384 1227 ponendum
1405 1192 1451 1220 est
1473 1191 1557 1230 quod
1578 1195 1623 1221 est
1642 1192 1728 1232 loqui
1745 1193 1783 1224 de
1799 1185 1902 1207 ⁰⁰⁰¹⁰¹'³⁵·

1010 1241 1137 1280 ignium
1157 1242 1195 1281 (α’)
1221 1242 1472 1281 conflagratione
1493 1247 1647 1283 quantum
1671 1248 1709 1278 ad
1734 1248 1782 1278 in-

1011 1294 1224 1332 choationem,
1243 1305 1464 1335 progressum,
1486 1300 1515 1327 et
1535 1301 1784 1332 consummatio-

1012 1356 1096 1377 nem.
1114 1347 1275 1384 Quantum
1292 1349 1331 1379 ad
1347 1349 1596 1390 inchoationem,
1616 1353 1782 1385 dicendum

1011 1401 1095 1440 quod
1120 1410 1139 1431 a
1161 1402 1279 1432 virtute
1307 1412 1403 1442 supra
1428 1405 1582 1441 {naturam
1612 1409 1668 1438 est.
1696 1407 1782 1444 Quod

1010 1454 1095 1483 enim
1119 1454 1204 1493 ignis
1226 1455 1269 1485 sic
1290 1459 1366 1494 agat
1386 1465 1469 1487 novo
1492 1460 1522 1488 et
1536 1459 1662 1491 insolito
1678 1462 1781 1500 modo⁷

1011 1509 1123 1536 caetera
1140 1509 1365 1545 consumendo,
1384 1512 1414 1539 et
1429 1511 1472 1540 sic
1483 1520 1516 1541 se
1532 1512 1782 1552 multiplicando,

1011 1559 1070 1589 hoc
1086 1568 1150 1590 non
1165 1564 1262 1597 esset,
1280 1562 1339 1592 nisi
1359 1563 1465 1602 aliqua
1479 1565 1581 1595 virtus
1593 1575 1675 1597 nova
1689 1569 1782 1597 assis-

1011 1614 1106 1649 teret3
1130 1622 1205 1652 quae
1227 1617 1334 1645 autem
1351 1616 1390 1646 sit
1411 1616 1482 1655 illa,
1510 1618 1662 1649 Dominus
1683 1621 1783 1652 novit.

1012 1665 1171 1702 Quantum
1203 1669 1310 1698 autem
1339 1669 1375 1699 ad
1407 1679 1630 1710 progressum,
1656 1673 1711 1712 qui
1740 1677 1785 1705 est

1011 1728 1167 1757 purgare,
1195 1730 1303 1758 urere,
1323 1722 1500 1761 subtiliare,
1519 1724 1686 1756 dicendum
1700 1728 1785 1766 quod

1012 1776 1056 1803 est
1079 1784 1097 1803 a
1124 1775 1239 1805 virtute
1267 1777 1414 1807 naturali.
1438 1778 1593 1814 Quantum
1618 1784 1723 1812 autem
1745 1783 1783 1813 ad

1011 1829 1328 1867 consummationem,
1344 1833 1379 1860 ut
1394 1834 1533 1870 purgata
1546 1833 1607 1863 sint
1622 1834 1783 1875 incorrup-

1012 1880 1133 1918 tibilia;
1152 1882 1204 1911 sed
1223 1882 1364 1922 ipsorum
1384 1884 1549 1923 qualitates
1567 1890 1707 1926 mutare,
1724 1889 1784 1919 hoc

1011 1936 1057 1963 est
1067 1943 1164 1973 supra
1174 1937 1334 1966 naturam.
1349 1935 1495 1968 Rationes
1505 1938 1604 1977 igitur
1614 1941 1783 1980 probantes

1011 1987 1095 2027 quod
1111 1988 1150 2017 sit
1166 1989 1340 2019 secundum
1356 1993 1505 2021 naturam
1517 2016 1525 2029 ,
1545 1994 1718 2031 procedunt
1730 1996 1783 2026 via

1012 2041 1124 2075 media,
1143 2041 1223 2071 sicut
1237 2044 1336 2081 patet⁷
1354 2046 1510 2082 quantum
1522 2046 1561 2076 ad
1576 2049 1681 2077 actum
1696 2058 1782 2079 com-

1011 2095 1175 2131 bustionis7
1193 2096 1405 2135 purgationis,
1423 2100 1453 2128 et
1469 2099 1698 2132 subtiliationis.

1052 2151 1065 2177 1
1084 2150 1113 2178 et
1129 2151 1159 2179 ⁶2.
1177 2149 1218 2178 Ad
1238 2149 1315 2180 illud
1336 2151 1421 2190 quod
1440 2152 1589 2191 objicitur
1609 2154 1641 2184 in
1656 2159 1780 2187 contra-

1011 2202 1111 2238 rium,
1131 2202 1214 2241 quod
1237 2203 1276 2232 sit
1298 2213 1394 2243 supra
1416 2208 1583 2244 naturam,
1605 2217 1717 2239 verum
1737 2213 1782 2240 est

1011 2257 1166 2293 quantum
1184 2255 1222 2285 ad
1238 2255 1487 2295 inchoationem,
1503 2261 1539 2289 ut
1555 2260 1666 2299 probat
1681 2263 1781 2301 prima

1012 2307 1109 2344 ratio;
1129 2309 1158 2337 et
1175 2310 1330 2347 quantum
1347 2309 1385 2339 ad
1403 2313 1725 2353 consummationem,
1747 2320 1781 2346 ut

1012 2368 1148 2398 sequens
1163 2370 1169 2389 ι
1189 2360 1433 2399 intelligendum
1454 2364 1574 2402 tamen,
1589 2369 1717 2406 propter
1731 2377 1778 2397 se-

1012 2412 1149 2442 cundam
1173 2413 1340 2451 rationem,
1357 2415 1441 2453 quod
1464 2416 1496 2446 in
1520 2419 1666 2456 augendo
1693 2421 1727 2458 (b)
1752 2425 1779 2451 et

1013 2465 1252 2505 multiplicando
1281 2468 1467 2499 naturaliter
1498 2470 1582 2508 ignis
1611 2472 1779 2511 descendit,

1013 2519 1066 2549 ubi
1078 2519 1171 2549 habet
1183 2520 1348 2551 materiam
1363 2526 1584 2562 praeparatam:
1599 2527 1781 2566 exemplum

1013 2574 1107 2611 patet,
1139 2573 1164 2602 si
1193 2573 1323 2604 candela
1354 2575 1491 2606 extincta
1516 2580 1712 2616 supponatur
1735 2589 1781 2610 ac-

1013 2631 1126 2653 censae.

1045 2687 1080 2718 (a)
1092 2688 1161 2712 Edit.
1181 2688 1236 2713 Ven.
1251 2688 1345 2719 iguem.
1358 2702 1388 2707 ·—
1399 2690 1431 2719 (ὁ)
1446 2692 1554 2721 agendo.
