1991 3006
770 183 884 216 LIBER
907 182 1099 220 QUARTUS.
1673 179 1725 207 651

365 311 444 343 DIS'I
453 311 578 342 INCTIO
600 311 679 342 XIII.

154 389 184 415 St
198 389 327 422 hoeretz'ci,
343 389 383 415 vel
399 389 619 415 excommunicati
634 388 678 413 hoc
694 385 886 413 sacramencum

447 432 597 465 conficiant.

183 515 252 539 Solet
268 514 345 538 etiam
358 513 446 544 quaeri,
463 515 547 536 utrum
560 512 630 542 pravi
643 512 795 540 sacerdotes,
811 512 857 533 etc.

177 574 210 605 Si
224 575 303 604 bene
315 576 458 604 servetur
470 574 614 609 intentis),
631 573 742 607 forma,
758 572 904 611 potestas,

137 627 266 658 Conficit
278 627 455 664 haeretffcus,
468 626 619 666 praecisus
633 634 697 656 non
712 626 904 655 removetur.

137 680 169 711 Si
184 680 257 720 quis
271 682 403 710 conatur
417 688 601 718 perversum
615 679 733 717 dogma
748 677 844 714 tueri,

137 733 174 764 Et
189 733 272 773 quod
285 733 324 763 ab
338 732 475 763 Ecclesia
489 733 578 763 novit
593 740 720 771 prorsus
734 729 904 770 prohiberi,

138 786 194 816 Hic
209 786 338 816 haeresis
354 786 457 816 fautor
470 785 561 816 debet
577 785 615 815 de
625 785 698 823 Jure
714 783 834 820 caveri,

138 839 254 870 Dicitur
268 839 343 869 hinc
357 838 488 869 haeresis
503 838 645 868 doctrina
658 837 735 867 salsa
748 836 859 876 poesis.

367 943 582 975 DlSTINCTlO
602 942 679 973 XIV.

414 1021 449 1046 De
463 1020 631 1046 Poem'tentt'a.

214 1101 273 1124 Post
284 1100 340 1123 hzec
356 1100 386 1123 de
403 1099 555 1123 Paenitentia
571 1098 696 1128 agendum
713 1100 765 1127 est,
781 1099 829 1120 etv.

176 1156 248 1187 Post
271 1156 395 1196 lapsum
419 1156 555 1195 primam
581 1155 721 1185 tabulam
748 1154 907 1193 Baptisrna

216 1219 384 1247 vocamus,

136 1264 214 1294 Cum
229 1263 385 1300 cadimus,
410 1262 566 1300 reliquam
586 1261 741 1299 capimus.
764 1260 789 1290 si
806 1261 905 1299 poeni-

216 1319 349 1347 teamus.

135 1370 231 1400 Poena
245 1370 434 1405 resumetur,
451 1367 629 1407 Baptismus
644 1375 708 1396 non
724 1367 864 1397 iteretur.

136 1423 232 1454 Poena
256 1424 504 1458 sacramentum,
526 1428 647 1450 necnon
666 1420 769 1449 virtus
789 1420 904 1450 refera-

215 1478 279 1506 tur.

135 1529 233 1560 Porro
249 1528 428 1568 Baptismus
441 1529 545 1558 virtus
559 1537 622 1558 non
639 1537 706 1558 esse
722 1527 883 1566 probatur.

135 1582 273 1613 Crimina
286 1582 411 1619 deflere,
430 1584 500 1621 post
513 1581 737 1611 committenda
752 1589 874 1617 cavere,

134 1635 283 1674 signabit
298 1644 371 1666 vere
385 1635 586 1674 deplangere,
603 1634 826 1674 poequenitere.

135 1688 254 1719 Verum
270 1689 325 1728 qui
341 1688 442 1725 flebit,
458 1688 510 1718 sed
526 1690 596 1727 post
615 1696 742 1727 peccare
758 1687 905 1726 placebit,

135 1741 315 1771 Dissimulat
329 1750 414 1778 vere,
433 1740 482 1771 vel
497 1741 594 1770 nescit
610 1740 837 1780 poequenitere.

134 1794 173 1824 Ut
188 1797 216 1824 te
231 1796 378 1834 peccante
393 1802 506 1824 rursus
520 1802 594 1823 reus
610 1802 643 1823 es
660 1792 745 1822 velut
761 1795 843 1829 ante,

133 1847 217 1878 Sicut
231 1847 374 1881 deflebis,
398 1847 480 1876 bona
498 1846 618 1886 perdita
636 1855 747 1877 rursus
761 1845 904 1875 habebis.

133 1900 206 1931 Haec
220 1900 303 1930 bona
318 1902 391 1930 sunt
406 1908 491 1936 vere,
509 1908 580 1938 quae
595 1899 699 1939 primo
720 1899 792 1929 viva
807 1900 904 1929 suere.

132 1952 349 1990 Quorumdam
367 1961 454 1982 more
469 1951 618 1982 solemnis
632 1961 696 1982 non
714 1952 856 1982 iteratur.

133 2006 168 2036 In
184 2005 291 2035 multis
306 2008 409 2035 tamen
425 2005 560 2035 ecclesiis
577 2005 636 2035 hoc
651 2005 854 2035 adnihilatur.

132 2058 401 2098 Quandocumque
417 2058 499 2088 dolet
514 2060 667 2097 peccator,
684 2058 883 2097 suscipiatur.

132 2112 171 2143 Ut
184 2114 269 2152 patet
288 2112 319 2141 in
338 2111 450 2148 David,
467 2120 590 2151 semper
606 2111 757 2141 Dominus
772 2112 905 2142 misera-

212 2167 275 2194 tur.

365 2229 583 2261 DISTINCTIO
606 2229 668 2261 XV.

134 2303 208 2337 Quod
220 2303 344 2337 pluribus
358 2303 481 2329 irretitus
494 2305 626 2337 peccatis,-
646 2311 697 2330 non
708 2306 792 2338 potest
807 2305 838 2330 de
855 2312 905 2331 uno

185 2349 310 2382 poenz'tcre
324 2355 396 2380 vere,
413 2348 466 2373 nisi
481 2349 503 2373 et
519 2347 550 2373 de
564 2348 684 2374 omnibus
698 2349 836 2382 poeniteac.

242 2425 271 2448 Et
286 2424 349 2448 sicut.
365 2424 517 2455 supradictis
531 2423 733 2454 auctoritatibus,
747 2426 793 2448 etc.

175 2482 278 2512 Unum
293 2481 388 2512 deleri
404 2482 528 2521 nequit,
551 2491 587 2512 ac
601 2482 686 2512 aliud
704 2483 842 2513 retineri.

135 2535 243 2566 Mortis
257 2537 418 2574 peccatum
434 2537 539 2565 teneas
554 2535 598 2565 sic
613 2544 678 2565 esse
693 2536 874 2575 probatum.

135 2588 236 2628 thue
251 2587 432 2627 flagelleris,
451 2588 610 2628 purgeris,
629 2588 696 2619 sive
711 2589 863 2628 proberis,

135 2641 197 2672 Aut
212 2639 418 2677 conserveris,
435 2649 561 2680 poenam
577 2639 700 2671 Domini
717 2642 854 2681 patieris.

961 249 1022 279 Nec
1036 257 1100 278 non
1119 257 1213 287 prena
1233 247 1334 281 datur,
1358 254 1421 284 qna
1443 243 1582 274 Christus
1605 243 1730 282 glorifi-

1040 303 1141 331 catur.

962 355 1103 388 Consule,
1120 353 1251 392 castiga,
1269 351 1380 388 solare,
1399 352 1454 387 ser,
1472 360 1537 387 ora,
1556 350 1688 380 remitte.

962 407 1074 444 Visite,
1100 409 1186 446 poto,
1214 406 1298 443 cibo,
1324 404 1459 441 redimo,
1486 406 1574 442 tego,
1602 403 1728 442 colligo,

1042 460 1151 491 condo.

964 515 1098 545 Interius
1114 513 1245 544 mundet
1260 512 1460 551 eleemosyna
1475 511 1646 550 spiritualis

962 569 1010 598 Ad
1026 569 1139 604 vitam,
1162 567 1228 596 sine
1243 575 1307 605 qua
1322 565 1377 595 tibi
1394 564 1439 594 nil
1455 564 1578 603 prodest
1598 572 1729 593 manua-

1040 621 1090 650 lis.

963 673 1014 703 Bis
1030 683 1092 703 non
1108 672 1251 712 punitur,
1268 671 1321 710 qui
1337 679 1429 711 poena
1444 670 1610 700 sufficienti

966 726 1020 756 Hic
1035 727 1066 756 in
1082 725 1228 765 praesenti
1244 725 1323 755 bene
1338 726 1495 754 correctus
1510 723 1675 762 reperitur.

964 779 1039 816 ane
1064 779 1147 809 bona
1170 779 1295 808 mortua
1319 779 1408 814 sunt,
1433 776 1471 806 a'd
1494 775 1591 806 vitam
1614 775 1657 805 nil
1677 775 1731 805 tibi

1044 834 1187 871 prosunt.

964 887 1011 918 Nil
1026 896 1066 917 ex
1081 886 1250 924 condigno,
1266 885 1320 915 sed
1334 883 1534 923 congruitate
1552 884 1701 919 meretur,

965 939 997 970 Si
1013 940 1084 979 quis
1098 939 1237 969 seclusus
1252 939 1290 968 ab
1307 937 1423 967 amoris
1437 936 1530 967 laude
1546 935 1704 976 probetur.

1192 1045 1407 1076 DISTINCTIO
1430 1046 1506 1076 XVI.

983 1127 1018 1151 De
1032 1125 1117 1151 tribus
1126 1145 1134 1154 ,
1150 1131 1208 1157 quae
1221 1124 1251 1149 in
1264 1123 1421 1157 paenitentia
1437 1114 1629 1148 'consideranda
1642 1123 1714 1148 sunt.

1010 1205 1037 1227 ln
1052 1204 1206 1234 perfectione
1222 1205 1306 1226 autem
1321 1201 1475 1226 Poenitonnae
1492 1201 1539 1225 tria
1551 1203 1623 1229 sunt,
1638 1201 1685 1223 ete.

1004 1262 1129 1292 Crimen
1143 1261 1274 1298 deletur,
1295 1261 1319 1290 si
1343 1269 1408 1296 cor,
1431 1268 1559 1295 manus,
1582 1267 1616 1288 os
1635 1257 1731 1287 comi-

1043 1318 1137 1346 tetur.

965 1369 1032 1399 istis
1042 1376 1220 1408 peccamus,
1234 1367 1308 1406 ipsis
1322 1375 1447 1406 quoque
1459 1366 1496 1404 (a)
1510 1364 1731 1395 sacrificamus,

964 1422 1053 1452 Hunc
1069 1422 1106 1451 de
1122 1421 1254 1460 peccatis
1270 1420 1404 1459 perfecte
1419 1418 1511 1449 credo
1527 1418 1643 1454 dolere,

963 1474 1022 1512 Qui
1044 1475 1164 1504 fructus
1183 1473 1296 1511 dignos
1311 1472 1440 1508 facienS,
1466 1470 1533 1500 vult
1552 1470 1662 1509 sponte
1682 1477 1732 1497 ea-

1043 1536 1112 1557 rere

963 1581 1090 1617 Officiis,
1107 1589 1180 1619 quae
1197 1580 1251 1610 vix
1267 1579 1334 1608 sine
1348 1578 1441 1617 culpa
1456 1577 1523 1616 quit
1539 1576 1685 1606 retInere.

964 1634 1073 1669 Poena,
1105 1642 1186 1669 reor,
1213 1634 1317 1662 sancte
1341 1633 1410 1670 post
1431 1630 1623 1669 baptismum
1648 1629 1681 1658 sit
1704 1630 1734 1658 et

1043 1689 1115 1716 ante
1131 1695 1138 1716 z

963 1740 1077 1770 Crebra
1092 1738 1213 1768 medela
1228 1738 1331 1773 datur
1355 1745 1409 1776 per
1430 1743 1525 1775 quam
1547 1734 1670 1765 veniale
1688 1734 1733 1763 la-

1043 1794 1146 1822 vatur.

1089 1902 1305 1934 DISTINCTIO
1328 1902 1406 1933 XVII
1433 1901 1479 1931 ET
1502 1900 1608 1931 XVIII.

998 1981 1064 2007 Tria
1078 1981 1265 2014 proponuntur
1285 1978 1444 2012 quoerenla:
1462 1978 1580 2012 primum
1595 1984 1629 2002 an
1649 1977 1704 2002 sinc

1102 2025 1263 2056 confessione
1278 2023 1434 2049 dimittatur
1452 2023 1600 2056 peccatum.

1101 2104 1146 2127 Hic
1162 2103 1240 2127 oritur
1255 2102 1362 2133 quaestio
1378 2102 1509 2131 multiplex
1544 2102 1594 2123 etc.

1001 2167 1108 2197 Claves
1122 2166 1262 2196 carnales
1279 2174 1343 2195 non
1363 2165 1451 2200 sunt,
1473 2163 1526 2193 sed
1541 2161 1731 2202 spirituales

963 2220 1067 2250 Prima
1082 2219 1241 2259 potestatis
1255 2219 1340 2248 tenet
1355 2226 1460 2247 arcem
1476 2215 1654 2246 nobilitatis.

961 2273 1104 2304 Officium
1122 2272 1251 2311 reliquae
1267 2269 1510 2301 discernendum
1525 2267 1680 2298 tribuatis.

961 2327 1015 2357 His
1034 2335 1097 2356 non
1118 2327 1234 2363 utetur,
1255 2323 1400 2364 quisquis
1420 2322 1569 2362 praecisus
1586 2321 1729 2351 liabetur.

962 2379 1126 2409 lncurrens
1149 2377 1295 2408 haeresim
1319 2377 1500 2406 damnatam
1521 2382 1731 2405 connnnwre-

1043 2435 1103 2468 tur,

961 2485 1023 2515 Nec
1037 2494 1101 2515 non
1116 2484 1261 2515 astrictus
1276 2484 1475 2514 anathemate
1490 2480 1695 2512 consocietur.

961 2537 1101 2569 Absolvit
1124 2546 1268 2568 summus
1293 2537 1440 2576 culpam,
1471 2543 1597 2574 poenam
1626 2541 1731 2564 remo-

1040 2590 1153 2621 vendo.

991 2653 1024 2682 tn)
1041 2653 1099 2676 coet.
1117 2651 1178 2676 edit.
1195 2651 1314 2682 ipsisque,
