1991 3006
72 1244 136 1271 Opin.
158 1246 176 1264 1Δ

75 1561 170 1588 Improb.

80 1878 142 1905 Opin.
163 1881 182 1900 2.

83 2299 179 2325 Improb.

87 2614 151 2641 Opin.
171 2616 190 2634 3.

669 214 765 245 DIST.
789 213 893 245 XLIII.
920 213 1007 244 ΛΒΤ.
1032 214 1055 244 I.
1080 212 1226 250 QUAEST.
1250 213 1287 244 V.

185 283 285 321 potest
307 281 480 321 producere
502 281 561 311 nisi
581 289 637 321 per
655 281 721 311 vim
745 280 947 311 formativam

185 336 341 366 influxam
356 345 429 366 cum
445 335 598 365 decisione
613 335 741 365 seminis
756 346 763 371 ;
780 336 810 364 et
829 334 888 364 tale
903 336 949 363 est

185 397 298 428 corpus
310 388 490 418 humanum
501 412 508 425 ‚
526 388 610 427 quod
624 397 688 418 non
703 389 802 427 potest
820 388 948 416 natura-

185 441 255 471 liter
270 441 448 480 organizari
462 465 469 477 ,
494 441 552 471 nisi
569 441 649 471 adsit
663 450 770 471 semen
784 464 791 477 ,
809 442 839 470 et
861 440 949 470 debi-

185 497 254 525 tum
269 504 325 524 vas
339 495 513 533 suscipiens
524 519 531 531 ‚
547 495 662 525 scilicet
678 494 794 524 matrix
808 499 815 522 ἰ
832 496 862 523 et
882 493 951 523 ideo

185 556 249 577 non
264 549 310 577 est
323 547 430 576 simile
446 547 484 576 (le
500 547 708 585 serpentibus.

226 603 255 630 6.
273 600 319 631 Ad
335 600 410 630 illud
425 599 508 638 quod
524 600 672 639 objicitur
685 600 723 630 de
738 599 878 638 appetitu
896 608 950 628 na-

186 653 266 681 turae
279 675 286 688 ‚
299 650 462 690 duplicIter
473 652 575 689 potest
588 651 771 690 responderi
790 661 795 680 :
814 659 878 680 uno
890 659 953 679 mo-

186 704 240 741 do,
258 703 342 743 quod
357 703 525 743 propositio
546 703 599 733 illa
618 703 695 733 salsa
720 705 767 733 est
783 712 789 733 :
808 703 953 742 quaedam

186 757 271 787 enim
287 759 359 787 sunt
383 756 416 786 in
433 758 556 786 naturae
573 757 728 796 appetitu,
753 766 825 796 quse
845 759 951 786 tamen

187 818 251 840 non
265 809 384 840 suntin
399 810 467 848 ejus
483 810 633 848 potestate
645 833 652 845 ‚
669 811 699 839 et
712 809 786 839 talia
800 819 863 839 11011
879 813 952 839 sunt

187 862 343 893 naturalia
354 886 361 900 ,
377 864 412 892 ut
427 864 510 901 patet
525 862 562 892 de
579 862 788 899 beatitudine3
807 862 955 901 quaedam

189 917 295 946 autem
315 918 387 944 sunt
410 914 444 944 in
468 915 536 954 ejus
562 915 705 954 appetitu
728 917 758 945 et
781 917 932 953 potestate
947 939 956 953 ,

189 970 220 998 et
242 967 317 998 talia
337 969 411 997 sunt
430 967 585 998 naturalia
602 978 608 997 :
630 967 689 997 tale
713 969 818 997 autem
834 977 898 997 non
913 970 958 998 est

188 1020 389 1050 resurrectio.
418 1019 517 1049 Aliter
549 1019 628 1049 solvi
660 1021 778 1058 potest,
808 1020 892 1059 quod
918 1030 958 1050 ex

189 1075 277 1112 parte
296 1073 410 1102 animae
430 1074 476 1102 est
494 1072 668 1111 appetitus,
684 1081 724 1102 ex
740 1075 827 1112 parte
844 1073 956 1112 pulve-

190 1134 262 1155 rum
278 1134 343 1155 non
356 1127 402 1155 est
416 1125 592 1164 appetitus·‚
610 1134 667 1155 nec
681 1134 721 1155 ex
738 1125 790 1155 illa
810 1129 897 1165 parte
913 1129 959 1156 est

190 1178 360 1216 naturalis,
390 1179 443 1208 sed
460 1181 569 1208 contra
587 1181 746 1208 naturam.
771 1178 857 1208 Unde
886 1181 960 1209 nota

192 1232 229 1264 de
243 1232 429 1271 pulveribus
442 1234 506 1261 tres
527 1231 705 1269 opiniones.
723 1231 858 1267 Quidam
875 1232 959 1261 enim

194 1273 315 1322 dicunt,
329 1284 412 1323 quod
427 1284 544 1322 habent
558 1284 731 1323 appetitum
740 1286 770 1313 et
780 1284 958 1313 naturalem

194 1337 424 1367 ordinationem
433 1337 470 1367 ad
481 1336 750 1375 incorruptionem
762 1339 889 1376 propter
898 1337 962 1366 ani-

195 1399 301 1420 mam:
328 1392 358 1419 et
378 1390 498 1419 ratione
523 1389 605 1419 illius
631 1389 765 1426 habent,
793 1390 877 1428 quod
898 1399 961 1419 non

196 1445 324 1482 possunt
347 1442 459 1472 resolvi
476 1451 575 1480 usque
598 1442 634 1471 ad
656 1441 829 1479 elementa,
856 1444 962 1472 tamen

194 1497 324 1535 possunt
334 1504 401 1525 esse
414 1494 544 1524 materia
563 1494 778 1533 quorumlibet
792 1504 962 1533 corporum

194 1548 338 1578 aliorum.
359 1547 419 1577 Sed
435 1547 516 1577 istud
533 1556 596 1577 non
613 1547 714 1585 capio,
742 1547 825 1586 quod
843 1548 874 1576 in
889 1557 962 1577 cor—

197 1611 253 1641 pus
267 1601 386 1631 vermis
401 1600 497 1639 possit
512 1600 625 1629 reverti
642 1599 755 1636 homo,
773 1600 821 1629 vel
839 1600 869 1629 111
893 1609 962 1629 cor-

197 1663 255 1693 pus
278 1653 344 1692 lupi
362 1677 370 1690 ,
393 1655 424 1682 et
440 1662 502 1682 non
518 1652 631 1682 resolvi
647 1652 679 1681 in
700 1652 855 1681 elementa
875 1663 881 1682 :
900 1652 964 1682 imo

197 1707 303 1737 Glossa
313 1715 406 1745 super
420 1705 496 1735 illud
512 1705 625 1735 Psalmi
639 1706 663 1734 ¹:
678 1705 849 1736 Posuerzmt
859 1707 965 1736 morte?-

197 1763 288 1802 εἶπα,
306 1762 430 1791 videtur
447 1760 546 1790 dicere
560 1760 643 1799 quod
659 1761 846 1790 resurrectio
862 1763 908 1790 est
925 1770 966 1791 ex

197 1814 416 1846 occultissimis
431 1816 553 1843 naturae
571 1812 850 1843 si11'1hus.Verbnm
870 1814 965 1843 etiam

198 1867 370 1907 Augustini
390 1867 422 1896 in
444 1865 632 1897 Encltz'ridt'o
646 1867 656 1881 ²
681 1868 857 1904 repugnat,
881 1866 965 1905 quod

199 1922 323 1957 innuit,
340 1919 422 1959 quod
435 1919 465 1948 in
477 1919 544 1958 ipsa
559 1919 654 1948 etiam
666 1918 821 1948 elementa
838 1921 968 1957 possunt

200 1974 324 2004 resolvi.
346 1972 416 2002 Alia
437 1971 543 2011 opinio
562 1973 625 2008 est,
656 1972 739 2010 quod
762 1971 966 2001 resolvuntur

199 2026 233 2055 in
243 2025 446 2061 elementa‚et
460 2025 565 2053 tamen
579 2026 686 2053 manet
697 2024 865 2062 appetitus,
878 2033 969 2063 prop-

199 2080 247 2108 ter
260 2078 320 2108 hoc
335 2077 418 2117 quod
433 2076 587 2106 elementa
608 2076 676 2113 illa,
694 2078 729 2105 ut
745 2076 873 2106 fuerunt
895 2086 964 2106 cor·

200 2130 284 2170 poris
307 2130 441 2160 humani
466 2129 612 2166 materia,
629 2129 810 2158 habuerunt
832 2129 967 2159 multum

201 2183 237 2212 <le
252 2185 366 2213 natura
381 2182 474 2219 lucis,
492 2191 564 2221 quae
580 2183 639 2211 stat
653 2190 727 2211 cum
742 2182 890 2211 omnibus
904 2182 966 2211 ele-

205 2234 333 2270 menti53
351 2236 382 2264 et
395 2234 516 2263 ratione
534 2234 617 2263 illius
641 2237 763 2264 naturae
780 2234 897 2263 habent
912 2244 967 2273 ap-

205 2287 335 2326 petitum
350 2289 380 2316 et
394 2287 633 2317 ordInatIonem.
654 2287 713 2317 Sed
728 2296 784 2316 nec
800 2287 860 2316 hoc
875 2286 968 2316 intel-

204 2340 280 2378 llgo,
293 2339 451 2379 quomodo
466 2339 520 2369 lux
531 2342 657 2370 maneat
672 2340 765 2369 simul
779 2349 852 2369 cum
868 2342 966 2376 terra;

204 2394 234 2422 et
248 2392 331 2432 quod
347 2394 439 2430 terra,
457 2402 529 2431 quae
544 2395 589 2422 est
604 2393 734 2423 materia
749 2392 888 2431 corporis
904 2392 964 2421 hu-

206 2445 310 2482 mani,
333 2445 435 2483 magis
460 2445 498 2474 sit
522 2445 646 2482 lucida3
673 2447 703 2475 et
726 2445 809 2484 quod
834 2445 966 2482 vermis.7

206 2498 257 2536 qui
272 2500 441 2536 generatur
457 2498 493 2527 de
507 2497 648 2528 humano
660 2506 791 2536 corpore
801 2521 809 2534 ,
825 2497 895 2536 plus
911 2497 966 2526 ha-

206 2550 275 2580 beat
299 2550 336 2579 de
358 2552 471 2580 natura
492 2550 590 2587 lucis,
615 2559 711 2589 quam
735 2550 815 2580 alius
841 2550 967 2579 verinis.

205 2601 309 2633 Tertia
322 2602 429 2641 opinio
447 2605 492 2633 est
503 2626 512 2641 ‚
528 2603 612 2642 quod
631 2603 778 2641 pulveres
802 2602 953 2632 resolvun

241 2663 325 2687 ¹Psul.
342 2669 449 2694 Lxxull,
461 2666 484 2688 2,
494 2676 524 2681 —
538 2664 548 2679 ²
560 2664 634 2695 Aug„
646 2664 788 2692 Enchirz'd„
804 2672 825 2689 e.
842 2670 919 2688 Lxxxx
934 2681 939 2685 .

1714 218 1767 245 461

1004 282 1065 317 tur,
1078 280 1128 310 vel
1142 279 1257 310 resolvi
1268 280 1398 319 possunt
1407 279 1438 309 in
1449 279 1603 310 elementa
1614 291 1621 317 ;
1635 289 1692 311 nec
1707 280 1772 311 ele-

1004 335 1110 363 menta
1126 333 1178 362 illa
1202 333 1319 362 liabent
1340 332 1477 371 aliquem
1500 333 1691 372 appetitum,
1716 342 1773 364 nec

1004 386 1235 416 ordinationem
1245 385 1284 415 ad
1296 393 1410 423 corpus
1423 385 1597 415 secundum
1613 388 1772 424 naturam,

1005 438 1059 468 sed
1074 438 1176 468 solum
1193 437 1367 468 secundum
1379 437 1519 467 dlvinam
1532 438 1773 476 providentiam,

1006 499 1078 529 qufe
1093 490 1231 530 disponit
1254 489 1329 519 illud
1352 489 1434 519 idem
1450 499 1563 529 corpus
1579 491 1750 520 reformare
1764 514 1774 528 ,

1006 543 1056 573 vel
1072 543 1197 573 reunire
1212 543 1344 580 animae,
1367 544 1402 572 ut
1417 542 1449 571 111
1466 552 1502 572 eo
1525 545 1744 574 remuneretur
1764 554 1770 573 ε

1007 605 1064 625 nec
1081 598 1127 625 est
1149 595 1294 625 distincta
1312 595 1365 624 illa
1388 604 1460 634 pars
1483 596 1522 625 ab
1547 596 1616 625 aliis
1638 597 1777 635 partibus

1008 648 1154 678 elementi
1169 648 1202 678 in
1215 657 1262 685 se,
1281 648 1334 678 sed
1349 648 1382 677 in
1398 648 1631 687 comparatione
1644 649 1682 679 ad
1697 649 1778 679 divi-

1009 710 1082 731 nam
1111 701 1297 740 sapientiam
1312 724 1320 737 ,
1351 709 1447 739 quam
1471 701 1549 730 1111111
1573 701 1668 739 latet,
1698 702 1778 732 nihil

1010 753 1214 792 subterfugit.
1232 753 1269 784 Et
1284 753 1353 783 haec
1377 753 1483 792 opinio
1505 753 1696 792 probabilior
1711 757 1756 785 est
1769 778 1776 791 ‚

1009 809 1045 837 ut
1060 807 1163 837 credo.
1187 806 1224 836 Et
1238 808 1314 836 tunc
1333 808 1417 845 patet
1431 806 1593 845 responsio
1618 807 1657 837 ad
1678 807 1755 837 illud
1770 831 1777 843 ‚

1011 860 1095 900 quod
1117 868 1282 898 nunquan]
1312 868 1428 898 corpus
1450 868 1489 888 ex
1505 859 1624 889 unione
1649 859 1687 889 ad
1711 860 1779 889 ani-

1012 923 1098 943 mam
1113 913 1252 952 aliquam
1280 912 1389 951 recipit
1413 912 1596 951 qualitatem
1619 914 1755 942 creatam
1772 936 1779 950 ‚

1013 967 1063 997 vel
1078 965 1314 1005 dispositionem
1341 965 1645 1004 incorruptibilitatis
1669 974 1780 996 secun-

1013 1020 1090 1049 dum
1117 1021 1234 1048 statum
1264 1020 1451 1057 praesentem
1471 1042 1480 1055 ‚
1507 1018 1567 1048 nisi
1599 1019 1677 1049 forte
1700 1019 1784 1050 dicas

1014 1072 1180 1108 meritum,
1199 1071 1249 1100 vel
1276 1071 1486 1108 demeritum3
1511 1071 1563 1101 sed
1579 1071 1657 1102 illud
1677 1075 1784 1103 manet

1015 1124 1046 1154 in
1061 1124 1181 1160 anima,
1198 1133 1262 1153 non
1273 1124 1306 1153 in
1317 1133 1446 1163 corpore
1463 1135 1468 1154 :
1482 1127 1535 1154 aut
1546 1124 1570 1154 si
1583 1134 1678 1164 quam
1690 1125 1783 1156 aliam

1015 1177 1069 1207 des
1092 1177 1327 1216 dispositionem
1342 1201 1349 1213 ⁷
1379 1180 1432 1207 aut
1459 1180 1528 1216 post
1550 1179 1785 1217 corruptionem

1016 1233 1046 1260 et
1061 1231 1282 1260 resolutionem
1298 1239 1361 1260 non
1375 1233 1501 1267 manet,
1531 1233 1586 1261 aut
1601 1231 1633 1260 in
1649 1231 1786 1270 potentia

1017 1283 1105 1313 valde
1122 1285 1243 1313 remota
1261 1285 1376 1313 manet.
1395 1283 1459 1313 Hoc
1474 1285 1579 1313 tamen
1590 1284 1656 1314 sine
1668 1285 1786 1314 calum-

1018 1336 1070 1365 nia
1085 1345 1197 1366 verum
1213 1339 1258 1365 est
1270 1360 1279 1373 ,
1294 1336 1378 1375 quod
1394 1345 1525 1375 corpus,
1543 1345 1581 1366 ex
1597 1346 1659 1375 quo
1676 1337 1787 1367 unitur

1017 1389 1133 1418 animae
1148 1388 1311 1425 ralionall,
1337 1389 1568 1418 ordinatlonem
1595 1389 1701 1419 statim
1726 1390 1788 1420 ha-

1019 1441 1070 1470 bet
1094 1441 1131 1470 ad
1155 1440 1423 1471 innnortalitatem
1446 1443 1618 1471 secuudum
1644 1442 1786 1472 divinam

1020 1494 1262 1533 providentiam.
1286 1494 1323 1523 Et
1347 1494 1372 1523 si
1399 1497 1433 1524 tu
1455 1503 1599 1533 quaeras,
1629 1495 1789 1534 quomodo

1020 1547 1124 1576 anima
1141 1547 1237 1577 habet
1252 1546 1426 1585 appetitum
1443 1547 1481 1576 ad
1497 1547 1578 1576 hanc
1593 1550 1714 1586 partem
1730 1547 1790 1578 ele-

1020 1600 1136 1635 menti,
1172 1608 1244 1629 cum
1274 1599 1314 1628 sit
1340 1599 1469 1629 omnino
1499 1600 1737 1638 homogeneum
1760 1603 1791 1631 et

1020 1653 1115 1682 unius
1139 1655 1263 1682 naturae
1279 1661 1352 1682 cum
1373 1652 1442 1681 aliis
1465 1653 1606 1691 partibus
1622 1652 1789 1692 elementi,

1022 1714 1078 1735 nec
1096 1705 1191 1735 etiam
1206 1705 1439 1735 distinctionem
1455 1705 1570 1735 habeat
1588 1706 1675 1744 (quia
1691 1709 1792 1745 potest

1022 1757 1150 1787 omnino
1166 1756 1235 1786 aliis
1259 1757 1491 1795 commisceri),
1513 1760 1543 1787 et
1566 1758 1677 1787 iterum
1701 1768 1792 1798 aeque

1023 1810 1101 1839 bene
1116 1809 1211 1845 possit
1226 1809 1255 1838 ei
1277 1818 1390 1848 corpus
1407 1819 1447 1839 cx
1461 1810 1523 1839 alia
1540 1812 1628 1849 parte
1643 1811 1792 1842 elementi

1023 1862 1182 1900 reparari,
1203 1864 1232 1890 et
1252 1862 1395 1900 ejusdem
1415 1863 1656 1902 c01nplexionIS‚
1682 1867 1712 1894 et
1734 1865 1792 1894 ha-

1026 1917 1190 1954 bitudinis,
1210 1919 1240 1946 et
1256 1916 1478 1955 complementi
1492 1941 1499 1954 ‚
1519 1918 1687 1947 <licendum
1709 1918 1795 1957 quod

1024 1971 1319 2008 quantumcumque
1335 1969 1390 1998 fiat
1405 1969 1506 1999 simile
1518 1993 1525 2006 ‚
1542 1972 1572 1999 et
1587 1971 1794 2001 commiscea-

1024 2025 1076 2052 tur
1091 2021 1159 2051 aliis
1174 2021 1335 2051 elementis
1347 2045 1354 2058 ,
1375 2021 1440 2051 sive
1458 2022 1510 2051 uni
1521 2046 1530 2059 ,
1548 2022 1613 2053 sive
1629 2023 1793 2062 pluribus,

1025 2084 1148 2113 semper
1174 2078 1281 2104 tamen
1315 2076 1421 2103 manet
1451 2075 1626 2105 substantia
1654 2077 1795 2106 materiae

1026 2136 1098 2157 cum
1114 2127 1235 2156 ratione
1252 2126 1407 2164 seminali,
1424 2128 1453 2156 et
1468 2136 1540 2165 pars
1556 2128 1739 2158 substantiae
1757 2128 1795 2157 il-

1026 2180 1087 2209 lius
1102 2179 1243 2209 materiae
1260 2188 1266 2209 :
1282 2181 1312 2208 et
1328 2179 1354 2208 si
1370 2188 1433 2208 non
1449 2179 1488 2208 sit
1504 2182 1573 2209 actu
1597 2183 1739 2219 separata
1756 2181 1795 2211 ab

1027 2232 1094 2263 aliis
1111 2232 1251 2271 partibus
1264 2255 1271 2268 ,
1288 2231 1404 2270 quibus
1419 2233 1466 2260 est
1480 2232 1652 2262 commixta
1664 2256 1672 2270 ,
1691 2236 1736 2263 est
1753 2236 1797 2263 ta-

1029 2294 1101 2315 men
1117 2284 1315 2323 separabilis;
1333 2286 1363 2313 ct
1378 2284 1524 2322 quamvis
1541 2294 1604 2315 non
1621 2286 1659 2315 sit
1674 2295 1796 2325 separa-

1027 2338 1111 2375 bilis,
1124 2347 1180 2367 nec
1191 2336 1416 2375 distinguibilis
1429 2337 1603 2367 secundum
1619 2338 1794 2369 humanam

1028 2390 1215 2429 potentiam,
1232 2391 1277 2419 est
1298 2391 1405 2419 tamen
1428 2390 1611 2428 separabilis
1634 2393 1664 2420 et
1685 2391 1795 2421 distin-

1030 2443 1159 2481 gnibilis
1179 2442 1352 2472 secundum
1377 2442 1548 2481 potentiam
1564 2445 1595 2473 et
1610 2444 1795 2482 saplentian]

1028 2495 1187 2532 divinam,
1205 2502 1278 2533 quae
1295 2494 1382 2523 novit
1406 2494 1436 2523 in
1452 2494 1528 2533 quid
1544 2495 1670 2525 redierit
1684 2504 1797 2534 corpus

1030 2548 1208 2577 humanum
1218 2571 1225 2584 ‚
1243 2546 1482 2585 quodcumque⁷
1500 2548 1530 2576 et
1544 2547 1797 2586 quibuscumque

1031 2599 1257 2630 mutationibus
1285 2601 1315 2628 et
1343 2599 1600 2630 conversionibus
1626 2599 1665 2628 sit
1689 2602 1795 2629 muta-

1031 2655 1098 2682 tum
1110 2663 1117 2682 2
1130 2654 1160 2682 et
1168 2652 1211 2682 sic
1222 2660 1277 2690 per
1290 2651 1376 2681 illius
1389 2651 1550 2690 sapientiae
1561 2651 1795 2690 discretionem,

1804 765 1884 789 Appro-

1817 794 1881 813 balio.
