1991 3006
526 211 622 243 DlST.
646 211 722 242 XXI.
750 211 862 242 PAR'P.
891 212 926 242 ΙΙ.
951 212 1040 243 ART.
1064 213 1102 244 Π.
1127 213 1275 250 QIJAEST.
1301 217 1352 248 111.

141 288 220 319 ergo
233 279 360 316 claudit,
377 288 413 309 ac
427 287 483 318 per
491 278 551 308 hoc
563 280 707 308 remanet
721 278 906 317 impunitus

140 333 226 363 fraus
240 335 270 363 et
285 333 374 363 dolus
390 331 448 361 sibi
457 330 693 370 patrocinantur
705 341 711 360 :
725 339 803 370 ergo
814 330 838 360 si
851 330 910 361 hoc

140 388 186 415 est
201 385 438 422 inconveniens,
456 385 552 423 patet,
565 385 624 414 etc.

179 438 227 469 Ex
243 438 334 469 tertia
354 437 398 467 sic
414 448 420 466 :
440 436 552 467 Nullus
576 446 633 476 pro
657 437 763 476 aliquo
785 439 910 466 tenetur

139 490 266 521 mentiri
283 501 290 520 :
314 489 368 520 sed
378 489 437 519 iste
453 489 610 528 quinovit
624 489 715 520 aliter
735 499 832 529 quam
853 499 910 529 per

139 543 377 580 confessionem,
394 551 457 572 non
474 544 575 582 potest
587 542 707 573 dicere:
729 553 743 571 «
758 542 878 579 Nescio,
890 553 904 570 n

138 597 215 636 quin
230 596 418 633 mentiatur,
435 596 511 635 quia
536 596 626 626 novit
643 598 679 626 ut
693 595 802 631 homo,
819 597 849 625 et
875 598 910 625 ut

136 649 232 687 Deus;
249 650 275 680 si
290 659 369 688 ergo
390 650 513 689 Juravit
533 650 699 679 veritatem
724 649 844 684 dicere,
863 651 907 678 te-

136 704 240 740 netur,
257 703 342 742 quod
358 703 446 733 novit
464 705 499 733 ut
521 702 638 740 homo,
661 702 818 739 revelare,
836 711 908 732 cuni

136 755 174 786 ad
189 755 251 786 hoc
258 756 480 794 juramentum
495 757 600 794 posset
615 755 720 794 ipsum
735 757 866 784 arctare.

175 808 223 839 Ex
239 810 352 848 quarta
365 808 409 838 sic
422 819 428 838 z
449 808 520 838 Esto
538 808 622 847 quod
635 807 750 847 aliquis
764 810 909 838 teneatur

136 870 284 892 accusare
298 862 482 901 proximum
498 861 579 901 apud
598 861 776 900 praelatum,
786 863 855 891 tun]
869 870 908 891 ex

136 914 283 945 mandato
304 914 429 952 divino,
456 917 524 945 tum
555 924 593 944 ex
622 914 770 944 mandato
786 914 908 953 praelati

134 967 195 1003 sui,
207 967 265 997 iste
280 967 358 997 vidit
368 976 442 996 euni
453 970 646 1006 peccantem,
660 969 691 996 et
702 967 823 997 audivit
833 976 906 997 euni

134 1020 335 1049 confitentem
351 1030 358 1049 z
376 1019 402 1048 si
417 1028 497 1058 ergo
511 1019 677 1049 tenebatur
703 1028 741 1048 ex
763 1020 836 1049 visu
860 1020 906 1049 di-

133 1081 218 1110 cere,
235 1074 264 1102 et
285 1081 325 1102 ex
340 1072 453 1102 auditu
469 1072 672 1102 consessionis
684 1072 784 1102 reddit
799 1081 831 1101 se
846 1072 908 1101 im-

132 1126 312 1164 potentem;
342 1134 420 1164 ergo
443 1125 570 1164 quando
595 1125 717 1155 audivit
739 1125 808 1163 ejus
832 1134 905 1154 cou-

133 1177 300 1209 fessionem
311 1203 321 1216 ,
337 1179 478 1218 peccavit
498 1178 689 1214 mortaliter,
719 1177 803 1217 quod
819 1177 906 1207 nullo

133 1231 228 1262 modo
242 1231 367 1261 videtur
382 1231 556 1271 probabile.

173 1284 220 1314 Ex
233 1285 344 1324 quinta
364 1284 408 1314 sic
422 1295 428 1314 :
446 1284 530 1315 Nihil
554 1284 645 1314 debet
662 1284 780 1314 servari
797 1307 804 1321 ,
821 1284 906 1313 unde

134 1337 285 1368 innocens
305 1338 401 1377 possit
424 1337 651 1367 rationabiliter
675 1336 878 1366 condemnari
896 1346 903 1366 ε

133 1390 185 1420 sed
205 1391 248 1420 ita
262 1394 308 1420 est
324 1391 353 1420 in
372 1391 547 1430 proposito,
565 1391 588 1420 si
608 1391 646 1429 (a)
665 1392 790 1420 tenetur
805 1389 904 1420 celare

134 1443 219 1482 quod
233 1443 309 1473 alias
327 1444 415 1474 novit
432 1453 438 1473 :
456 1452 545 1482 ergo,
563 1445 621 1473 etc.
647 1443 796 1473 Probatio
815 1454 822 1472 ι
845 1442 903 1473 Po-

132 1498 226 1526 natur
240 1505 330 1526 casus
344 1496 428 1535 quod
444 1498 578 1535 quatuor
594 1496 710 1526 vadant
726 1505 782 1535 per
797 1496 881 1525 viam
894 1505 901 1525 ε

131 1558 214 1579 unus
227 1551 334 1588 peccat
349 1549 381 1578 in
396 1550 565 1588 conspectu
581 1548 738 1583 omnium,
752 1549 835 1579 unde
851 1558 901 1579 ac-

131 1601 288 1632 cusandus
309 1603 354 1631 est
374 1610 480 1631 coram
503 1601 634 1640 praelato
650 1604 681 1631 et
700 1602 900 1640 puniendus:

131 1655 296 1685 confitetur
320 1655 375 1684 uni
397 1655 434 1684 de
457 1654 576 1684 tribus:
594 1654 655 1684 duo
679 1654 732 1684 alii
755 1658 903 1684 accusant

130 1708 221 1738 illum
245 1707 301 1748 qui
328 1708 488 1747 peccavit,
512 1710 541 1737 et
564 1707 772 1737 testificantur
794 1710 903 1738 contra

130 1770 216 1799 eum,
227 1763 257 1792 et
271 1761 309 1792 ad
327 1762 430 1800 majus
444 1761 543 1791 robur
557 1760 730 1791 testimonii
748 1760 903 1791 advocant

130 1814 259 1845 tertium
276 1825 283 1844 ε
300 1814 392 1844 tertio
409 1814 591 1853 praecipitur
607 1813 691 1852 quod
706 1813 798 1849 dicat,
813 1815 844 1843 et
856 1813 901 1842 illi

130 1877 204 1898 eum
219 1869 377 1905 accusant,
392 1867 453 1896 nisi
467 1867 559 1903 dicat,
577 1869 729 1905 tanquam
745 1866 848 1896 fautor
863 1866 902 1896 sit

129 1921 163 1950 in
177 1921 279 1950 aliena
289 1920 392 1959 culpa,
405 1921 435 1949 et
451 1919 599 1958 praelatus
610 1918 836 1949 rationabiliter
847 1928 902 1958 pu-

129 1973 176 2003 nit
189 1973 294 2012 ipsum
309 1972 347 2003 ad
367 1972 504 2002 duorum
529 1971 747 2002 testimonium
769 1971 806 2001 dc
827 1972 898 2002 ino-

129 2026 296 2056 bedientia.
313 2025 344 2055 Si
359 2034 436 2063 ergo
452 2027 554 2055 totum
573 2025 719 2064 iniquum
734 2027 792 2062 est,
810 2025 897 2055 vide-

129 2081 181 2110 tur
195 2078 279 2118 quod
293 2087 357 2109 non
366 2080 490 2113 tenetur
501 2078 611 2108 celare.
629 2077 703 2108 Situ
714 2078 798 2108 dicas
807 2078 897 2114 mihi⁷

128 2132 210 2172 quod
241 2131 384 2162 sacerdos
411 2131 503 2161 debet
531 2131 693 2161 confitenti
721 2131 897 2169 protestari.

128 2185 213 2225 quod
237 2194 302 2215 non
324 2184 436 2223 accipit
456 2183 515 2213 sub
540 2183 645 2222 sigillo
671 2184 895 2221 confessionis3

128 2241 238 2269 contra
253 2247 363 2278 quaero
378 2237 504 2276 quando
517 2247 524 2267 ε
541 2239 596 2266 aut
612 2238 784 2276 antequam
797 2238 896 2267 confi-

128 2294 232 2323 teatur
242 2302 250 2330 ;
261 2293 317 2322 aut
326 2293 493 2331 postquam
508 2290 669 2320 confessus
680 2291 738 2320 est.
754 2289 815 2320 Sed
826 2292 898 2320 ante

128 2354 192 2375 non
208 2346 347 2382 tenetur,
364 2344 438 2383 quia
459 2343 558 2373 nescit
581 2342 655 2382 quid
681 2342 740 2372 sibi
764 2342 840 2373 velit
855 2343 898 2373 di-

128 2407 212 2435 cere3
229 2398 254 2428 si
273 2399 441 2437 postquam
464 2396 615 2427 confessio
636 2395 744 2426 audita
759 2397 821 2433 est,
838 2396 898 2426 hoc

129 2450 209 2480 nihil
219 2452 276 2488 est,
288 2450 361 2490 quia
374 2459 414 2480 ex
425 2458 488 2489 quo
506 2449 659 2479 confessio
670 2448 751 2478 facta
765 2448 834 2486 fuit,
852 2449 896 2478 si-

129 2502 243 2541 gillum
257 2503 369 2534 habuit
386 2514 392 2533 ε
410 2511 488 2541 ergo
510 2510 566 2541 per
589 2510 680 2532 suam
700 2502 897 2541 protestatio--

126 2564 201 2586 nem
214 2564 278 2586 non
292 2558 394 2596 potest
406 2555 593 2593 infringere.
609 2553 647 2585 Et
661 2554 789 2592 iterum,
799 2554 895 2594 quili-

127 2608 180 2639 bet
194 2608 336 2639 sacerdos
350 2609 454 2648 posset
467 2607 570 2638 dicere
582 2606 744 2638 confitenti
762 2617 768 2636 ε
791 2618 804 2635 ι(
819 2606 897 2637 Nolo

159 2670 190 2701 (α)
206 2670 266 2694 Coet.
281 2669 342 2694 edit.
356 2669 422 2693 deest
440 2670 469 2693 si.

1679 224 1736 253 115

968 279 1045 309 illud
1060 280 1119 310 sub
1141 280 1247 319 sigillo
1272 283 1424 322 accipere.
1447 295 1461 312 n
1492 284 1650 317 Praeterea
1670 290 1737 319 esto

967 333 1051 371 quod
1068 332 1270 364 obliviscatur
1294 335 1372 366 illud
1393 337 1512 375 dicere,
1526 340 1557 368 et
1578 338 1737 370 habeatin

966 386 1069 423 corde,
1084 387 1232 425 quamvis
1258 396 1323 418 non
1343 389 1375 418 in
1402 399 1475 429 ore,
1497 391 1624 422 videtur
1650 393 1734 432 quod

966 438 1048 468 idem
1064 439 1175 469 debeat
1189 440 1339 471 accidere.

1239 556 1460 589 CONCLUSIO.

968 641 1120 674 Confessor,
1146 644 1170 670 si
1192 644 1304 678 aliquod
1331 649 1468 679 peccatum
1499 649 1556 675 alia
1582 651 1629 676 via
1658 658 1738 684 quam

998 694 1049 719 per
1066 688 1253 719 confessionem
1274 691 1366 720 scivit,
1383 692 1406 716 et
1426 691 1498 718 illud
1517 695 1664 727 quoquam
1679 702 1739 721 con-

1001 730 1116 762 fessione
1140 731 1270 764 audierit,
1300 735 1358 760 sine
1383 735 1540 769 proejudc‘cio
1566 739 1738 770 confessionis

998 776 1082 808 potest
1097 775 1169 801 illud
1182 775 1278 803 dicere.

1006 863 1095 902 Resp.
1114 864 1151 894 ad
1167 873 1240 904 arg.
1264 865 1435 897 Dicendum
1459 868 1541 907 quod
1566 869 1679 909 triplex
1692 873 1739 901 est

965 915 1015 945 hic
1034 917 1147 946 modus
1162 918 1294 949 dicendi.
1321 919 1447 951 Primus
1467 918 1513 951 es't
1528 922 1585 952 iste
1602 933 1608 952 :
1628 923 1738 955 Dicunt
1752 937 1857 964 ορῑωοι,

965 968 1048 999 enim
1065 970 1193 1008 quidam
1206 995 1215 1008 ,
1231 972 1315 1010 quod
1339 982 1378 1002 ex
1394 982 1457 1012 quo
1473 973 1587 1013 aliquis
1604 976 1662 1006 scit
1676 976 1736 1006 ali-

964 1022 1039 1061 quid
1058 1032 1112 1061 per
1126 1024 1634 1068 confesionem,qualitercumque
1648 1030 1734 1068 sciat,

964 1076 994 1104 et
1008 1075 1276 1115 quandocumque
1296 1078 1387 1116 sciat,
1405 1079 1479 1109 illud
1506 1089 1581 1111 vere
1600 1091 1665 1112 non
1679 1091 1734 1121 po-

963 1129 1023 1157 test
1036 1129 1182 1165 revelari,
1199 1130 1275 1169 quia
1290 1140 1354 1161 non
1370 1135 1471 1170 potest
1486 1133 1546 1163 tale
1561 1134 1635 1173 quid
1650 1144 1737 1165 reve-

962 1180 1032 1218 lari,
1049 1190 1122 1211 cuni
1137 1183 1175 1212 sit
1191 1192 1263 1222 pars
1277 1185 1492 1223 consessionis,
1519 1188 1596 1226 quin
1617 1188 1672 1218 fiat
1689 1189 1731 1217 si-

963 1233 1040 1270 gillo
1054 1235 1259 1265 confessionis
1273 1238 1496 1276 praejudiciuin
1509 1251 1515 1269 z
1533 1241 1619 1279 quod
1635 1241 1735 1271 maxi-

962 1295 1012 1315 me
1036 1289 1066 1316 et
1090 1288 1250 1327 praecipue
1275 1291 1467 1321 servandum
1490 1295 1538 1322 est
1558 1293 1733 1332 integrum.

962 1338 1011 1369 Ad
1028 1340 1149 1379 objecta
1163 1342 1364 1381 respondent,
1377 1344 1459 1373 sicut
1480 1353 1576 1384 supra
1591 1348 1598 1364 ¹
1615 1349 1735 1377 tactum

961 1394 1018 1429 est,
1036 1393 1119 1431 quod
1135 1394 1158 1423 si
1173 1394 1319 1425 videatur
1335 1398 1483 1434 generari
1499 1399 1731 1439 preeffldicium,

960 1445 1009 1475 vel
1031 1447 1118 1484 sequi
1142 1447 1283 1482 malum,
1310 1458 1373 1479 non
1395 1450 1487 1480 debet
1510 1453 1649 1491 recipere
1673 1454 1732 1484 sub

937 1533 940 1536 ι
960 1497 1064 1536 sigillo
1080 1500 1283 1531 confessionis
1296 1525 1304 1538 ,
1322 1503 1376 1532 sed
1400 1512 1468 1532 cum
1483 1506 1707 1542 protestatione
1724 1531 1731 1543 ‚

959 1551 1042 1590 quod
1060 1552 1137 1581 nolit
1154 1555 1258 1584 tenere
1269 1557 1438 1586 secretum.
1456 1556 1516 1587 Sed
1528 1558 1584 1588 etsi
1601 1559 1660 1589 ista
1669 1560 1733 1599 opi-

959 1604 1012 1633 nio
1027 1605 1077 1644 pia
1091 1605 1256 1645 videatur,
1272 1617 1330 1647 pro
1353 1617 1390 1639 eo
1411 1610 1495 1648 quod
1520 1611 1658 1642 multum
1675 1614 1732 1642 tri—

959 1658 1027 1688 buit
1042 1658 1159 1697 sigillo,
1177 1660 1295 1690 scilicet
1310 1662 1531 1701 confessionis;
1546 1667 1651 1695 tamen
1665 1676 1733 1704 pos—

959 1713 1005 1740 set
1028 1711 1143 1742 ‹lucere
1170 1713 1201 1742 iu
1219 1722 1375 1752 magnum
1401 1716 1589 1755 periculum,
1617 1719 1733 1750 scilicet

957 1764 1040 1801 quod
1061 1765 1146 1794 tieret
1166 1767 1308 1803 veritali,
1329 1769 1359 1797 et
1378 1767 1568 1800 innocentiae
1580 1794 1588 1807 ‚
1605 1773 1636 1801 et
1655 1772 1729 1802 obe-

957 1815 1083 1847 dientiae
1099 1819 1320 1857 praejudicium
1333 1844 1341 1857 ,
1359 1823 1389 1850 et
1403 1822 1505 1852 fraudi
1527 1826 1731 1862 praestaretur

957 1870 1180 1908 patrocinium,
1197 1872 1279 1902 sicut
1294 1875 1456 1904 ostensum
1474 1877 1531 1905 cst.
1554 1875 1592 1906 Et
1607 1880 1729 1908 constat

957 1923 1042 1961 quod
1058 1923 1199 1962 sigillum
1217 1926 1421 1956 confessionis
1434 1927 1613 1959 institutum
1629 1933 1676 1960 est
1690 1931 1728 1961 ad

956 1974 1123 2005 vitandum
1148 1977 1333 2008 scandalum
1348 1989 1355 2015 ;
1380 1979 1497 2009 veritas
1511 1983 1617 2011 autem
1632 1991 1727 2022 prop-

956 2029 1002 2057 ter
1016 2028 1201 2059 scandalum
1215 2030 1402 2061 dimittenda
1412 2041 1477 2062 non
1487 2035 1542 2063 est.
1561 2033 1598 2064 Et
1611 2034 1727 2065 iteruin

954 2080 1006 2110 illa
1027 2082 1209 2120 protestatio
1228 2092 1293 2113 non
1313 2084 1385 2114 facit
1402 2089 1437 2115 ut
1459 2086 1558 2124 possit
1573 2087 1726 2126 revelare,

954 2134 1037 2172 quod
1052 2134 1128 2164 alias
1144 2137 1269 2166 tenetur
1284 2136 1396 2167 celare.
1414 2137 1452 2168 Et
1475 2138 1608 2178 iterum,
1626 2141 1651 2170 si
1667 2141 1727 2171 ali-

954 2186 1026 2225 quis
1042 2187 1164 2218 audivit
1178 2189 1405 2220 confessionem
1421 2190 1564 2230 aliquus,
1582 2195 1612 2223 et
1627 2193 1678 2224 ille
1689 2194 1727 2225 de

954 2238 1007 2269 illo
1020 2242 1145 2278 peccato
1160 2241 1200 2271 sit
1215 2241 1354 2281 infamis⁷
1372 2245 1529 2283 numquid
1553 2245 1669 2277 fractor
1683 2248 1725 2277 si-

953 2292 1021 2330 gilli
1038 2293 1166 2331 dicitur,
1182 2294 1207 2324 si
1230 2295 1268 2325 de
1287 2296 1345 2326 hac
1366 2297 1498 2328 materia
1519 2307 1592 2329 cum
1616 2300 1726 2340 aliqui-

954 2346 1015 2376 bus
1030 2346 1195 2385 loquitur‘!
1212 2347 1272 2378 hoc
1294 2348 1420 2379 videtur
1441 2350 1538 2381 nimis
1560 2351 1677 2383 durum
1695 2357 1726 2384 et

954 2399 1101 2438 impium.
1128 2400 1166 2430 Et
1188 2400 1257 2431 ideo
1278 2404 1325 2431 est
1347 2403 1483 2433 secunda
1504 2405 1634 2444 positio,
1652 2416 1724 2446 quae
1739 2418 1801 2445 ορῑῃ.
1819 2421 1839 2439 2.

955 2451 1080 2482 videtur
1113 2462 1181 2483 esse
1210 2455 1430 2493 temperatior,
1456 2458 1540 2495 quod
1572 2459 1722 2489 confessio

954 2504 1071 2535 claudit
1093 2515 1129 2536 os
1144 2509 1288 2545 respectu
1303 2508 1493 2546 cognitionis
1505 2512 1718 2550 praecedentis,

954 2567 1017 2588 non
1032 2561 1177 2598 respectu
1204 2560 1375 2599 sequentis.
1392 2560 1428 2591 Et
1450 2563 1529 2593 ratio
1553 2564 1649 2603 huJus
1665 2569 1722 2602 est,

953 2610 1028 2650 quia
1042 2611 1094 2641 ille
1109 2612 1163 2651 qui
1180 2612 1268 2651 prius
1284 2613 1384 2649 novit,
1401 2616 1431 2644 et
1458 2615 1536 2645 illud
1555 2616 1587 2646 in
1601 2618 1722 2647 confes-

986 2674 990 2686 ·
1007 2673 1101 2701 Quaest.
1117 2674 1227 2704 praeced.

1748 1570 1844 1597 Improb.
