1991 3006
90 1700 171 1728 Opinio

87 1731 176 1759 duplex·

220 228 278 256 618

219 292 299 331 talis,
311 303 383 324 cum
395 295 508 326 habeat
523 295 658 327 formam
669 298 920 337 corruptibilem:
935 299 987 329 sed

218 348 335 379 vermis
350 348 402 379 ille
417 356 480 380 non
495 350 642 388 moritur,
658 351 738 381 sicut
755 352 829 382 dicit
846 352 941 382 Isaias
957 353 962 369 ¹
978 363 984 382 :

217 409 310 439 ergo,
327 403 386 431 ete.

258 452 333 483 Item
350 454 467 484 vermis
490 456 660 487 materialis
671 481 679 494 ,
698 459 727 488 et
742 458 775 487 in
791 467 847 488 sua
862 467 983 488 remor-

216 506 316 542 sione,
335 510 365 538 et
386 508 418 538 in
441 518 497 540 sua
517 510 659 550 origine,
676 512 795 552 aliquid
816 513 931 543 minuit
946 514 984 544 de

214 560 373 591 subtantia
389 563 546 601 corporis:
565 573 643 603 ergo
659 565 683 595 si
699 574 813 605 corpus
829 566 904 596 illud
920 576 983 596 non

213 615 259 643 est
284 613 510 654 imminuibsse,
540 626 603 647 non
625 620 671 648 est
700 619 781 649 circa
806 619 881 650 illud
911 619 982 650 talis

212 666 341 697 vermis.

253 718 328 749 ltem
344 720 385 750 ibi
401 721 461 751 erit
477 723 578 754 multo
594 725 747 756 intensior
762 726 865 765 ignis,
885 736 980 766 quain

211 773 250 803 sit
268 773 336 803 bic:
354 774 407 804 sed
423 785 547 807 vermes
563 778 595 807 in
610 778 669 809 isto
684 779 760 817 igne
771 789 834 811 non
848 783 980 820 possunt

210 826 318 857 vivere
336 838 342 857 :
363 837 441 867 ergo
456 839 512 860 nec
532 831 563 861 in
580 831 632 862 illo
652 835 809 872 poterunt.
833 834 865 865 Si
881 837 915 865 tu
931 836 980 865 di-

209 889 272 918 cas,
291 881 373 920 quod
390 882 450 912 hoc
465 885 509 913 est
524 894 579 924 per
592 885 793 923 miraculum,
809 897 888 927 ergo
901 891 979 920 tunc

208 943 281 964 cum
292 943 355 965 non
367 936 526 975 patiantur
539 938 578 968 ab
594 938 680 977 igne,
697 940 847 971 videntur
861 942 978 973 habere

208 996 339 1027 corpora
361 989 499 1027 gloriosa
513 993 543 1021 et
565 991 825 1032 incorruptibilia.
842 995 872 1025 Si
894 996 979 1027 dicas

207 1041 290 1080 qnod
316 1046 538 1082 renascuntur,
565 1054 674 1085 quaero
701 1048 874 1087 quomodo,
902 1059 976 1081 cum

206 1104 270 1125 non
291 1095 330 1125 sit
352 1096 395 1126 ibi
417 1097 490 1127 solis
511 1098 590 1128 actio
608 1100 671 1138 (a)‘?
695 1102 725 1131 et
750 1102 888 1133 maxime
903 1113 975 1135 cum

206 1149 446 1188 putrefactibilia
469 1160 525 1190 per
547 1152 696 1184 virtutem
721 1157 975 1194 supercoelestein

206 1202 341 1232 habeant
356 1205 513 1243 generari.

477 1315 699 1349 CONCLUSIO.

202 1402 274 1429 Licet
285 1404 373 1437 poem's
391 1405 575 1438 corporalibus
594 1407 743 1434 crucientur
758 1408 883 1436 damnati
891 1431 899 1444 ,
914 1418 973 1438 ver-

236 1447 286 1473 mis
305 1449 391 1474 tamen
413 1455 500 1475 eorum
521 1456 572 1476 non
595 1452 632 1477 est
649 1453 801 1479 materialis
811 1473 820 1487 ,
835 1454 880 1481 sed
893 1456 975 1489 spiri-

236 1491 326 1518 tualis.

241 1576 331 1616 Resp.
356 1578 394 1608 ad
420 1588 487 1618 arg.
514 1580 685 1612 Dicendum
709 1583 794 1622 quod
816 1585 970 1624 Augusti-

200 1638 260 1660 nus
273 1631 293 1666 ²,
311 1630 349 1662 de
366 1631 502 1664 civitate
518 1634 586 1667 Dez',
604 1635 693 1673 ponit
714 1636 795 1667 circa
820 1637 878 1667 hoc
894 1638 972 1669 duas

199 1683 374 1722 opiniones.
399 1685 533 1721 Quidam
556 1687 640 1717 enini
661 1688 833 1720 voluerunt
853 1691 967 1721 intelli-

200 1745 273 1773 gere
289 1746 429 1768 vermem
444 1738 533 1769 illum
549 1748 616 1770 esse
630 1742 824 1773 materialem
843 1747 970 1784 propter

199 1790 332 1820 verbum
348 1790 538 1830 Scripturae3
563 1793 614 1823 alii
636 1803 727 1832 vero,
746 1796 901 1827 rationem
919 1807 966 1828 se-

198 1845 342 1881 quantes,
360 1844 530 1876 voluerunt
548 1846 667 1885 dicere',
685 1849 769 1887 quod
782 1850 901 1880 vermis
917 1852 968 1882 ille

197 1896 236 1926 sit
251 1896 431 1936 spiritualis.
445 1897 482 1928 Et
494 1898 608 1930 horum
624 1901 807 1940 opinionem
820 1903 895 1935 dicit
909 1905 966 1936 sibi

196 1950 301 1989 magis
315 1950 447 1990 placere.
465 1951 502 1982 Et
518 1962 558 1982 ex
573 1962 635 1992 quo
655 1954 713 1984 sibi
733 1956 836 1995 magis
852 1958 964 1997 placet,

195 2004 226 2033 et
246 2003 335 2033 nobis
354 2004 499 2035 similiter
520 2006 612 2037 debet
637 2007 771 2046 placere.
788 2008 876 2041 Unde
891 2021 965 2042 con-

195 2056 341 2087 cedendae
354 2060 430 2088 sunt
444 2059 592 2098 rationes,
606 2062 690 2100 quod
703 2063 821 2093 vermis
834 2064 886 2095 ille
900 2074 964 2096 non

195 2110 234 2140 sit
249 2111 431 2142 materialis.

235 2166 263 2194 1.
280 2164 328 2195 Ad
350 2164 427 2195 illud
447 2166 530 2204 quod
553 2167 701 2206 objicitur
719 2169 750 2199 in
767 2172 961 2202 contrarium

194 2226 249 2257 per
275 2217 513 2249 similitudinem
538 2220 638 2259 ignis,
664 2221 833 2254 dicendum
858 2226 960 2265 quod,

193 2270 273 2300 sicut
287 2270 372 2309 ignis
384 2272 555 2302 materialis
569 2274 740 2314 affligendo
754 2286 869 2317 corpus
883 2279 962 2309 affli-

193 2323 241 2362 git
262 2324 292 2354 et
314 2324 405 2363 punit
425 2325 565 2356 animam
580 2326 608 2356 ei
626 2328 749 2358 unitam
767 2340 773 2360 z
796 2330 840 2360 sic
862 2332 961 2362 vehe-

193 2384 282 2406 mens
297 2375 385 2407 dolor
399 2379 429 2407 et
443 2386 604 2409 remorsus
621 2380 687 2411 sive
703 2381 830 2413 tristitia
844 2384 961 2415 animae

192 2428 347 2459 redundat
362 2429 395 2459 in
414 2439 542 2470 corpus7
564 2433 639 2471 quia
661 2433 693 2463 in
711 2434 890 2468 Proverbiis
909 2438 961 2468 di-

192 2482 275 2512 citur
289 2482 316 2512 ³:
337 2482 477 2522 Spiritus
497 2485 600 2516 tristis
622 2488 763 2520 exsiccat
775 2497 857 2521 ossa.
875 2490 960 2528 Quo-

191 2535 278 2565 niam
298 2535 399 2575 igitur
419 2537 478 2567 erit
499 2537 530 2567 in
550 2538 706 2570 damnatis
730 2550 869 2581 magnus
884 2553 960 2575 con-

226 2633 231 2649 ¹
248 2633 305 2664 lm„
325 2640 396 2663 vat,
416 2636 450 2659 24.
471 2649 501 2654 -—
518 2638 525 2650 ²
542 2638 616 2668 Aug,
630 2638 659 2661 (le
674 2638 748 2663 Cz'm't.
767 2640 830 2671 Dei¹
846 2642 888 2666 lib.
905 2644 959 2671 XX,

192 2675 214 2691 c.
233 2674 298 2693 ΠΗ.
318 2683 341 2686 -
363 2670 373 2686 ⁸
392 2671 475 2700 Prota,
495 2678 560 2703 xvn,
578 2674 616 2698 22.
633 2687 663 2692 —
681 2674 690 2690 δ
707 2675 746 2705 Cf.
768 2678 794 2701 S.
818 2678 918 2708 Thom„
934 2679 959 2702 in

192 2703 279 2736 Suppl.
299 2712 323 2735 p.
346 2706 392 2736 ΗΙ,
414 2713 438 2737 q.
461 2713 545 2738 xcvii,
565 2711 610 2734 art.
635 2711 660 2741 2;
681 2711 808 2742 Richard„
829 2713 859 2738 lV
879 2713 957 2743 Sent„

773 229 1080 263 SENTENTIARUM
1104 233 1175 264 LlB.
1203 235 1250 265 lV.

1042 300 1181 332 scientiae
1202 311 1362 333 remorsus
1377 305 1407 333 et
1420 303 1526 342 dolor,
1544 304 1587 334 ita
1601 305 1696 336 etiam
1712 308 1747 337 ut
1761 316 1809 338 re-

1041 353 1159 384 dundet
1181 355 1249 385 haec
1267 356 1416 386 moestitia
1439 357 1471 386 in
1486 366 1628 396 carnem,
1648 359 1717 390 ideo
1737 369 1811 391 vere

1040 404 1117 435 dixit
1136 405 1299 446 Scriptura
1317 407 1399 446 quod
1419 408 1506 438 daret
1524 408 1603 439 Deus
1618 419 1761 442 vermem
1778 411 1810 442 in

1039 467 1165 489 carnem
1182 469 1309 497 eorum,
1326 463 1357 491 et
1373 462 1525 501 expressit
1541 463 1679 494 multum
1693 464 1732 495 ad
1747 467 1808 496 ter-

1038 520 1141 543 rorem
1153 513 1337 552 carnalium,
1354 515 1409 554 qui
1422 516 1525 554 magis
1536 516 1667 548 horrent
1677 527 1809 557 poenam

1038 566 1150 604 carnis,
1173 576 1269 606 quam
1288 568 1414 598 animae.
1435 568 1486 599 Vel
1506 573 1609 609 posset
1629 570 1705 608 dici,
1723 572 1809 612 quod

1036 627 1108 650 caro
1125 619 1165 650 ibi
1179 620 1294 651 <licitur
1307 630 1388 660 opus
1402 622 1542 659 carnale;
1556 625 1585 654 et
1597 624 1658 654 hoc
1667 626 1713 654 est
1727 634 1809 665 opus

1036 673 1165 712 peccati,
1178 682 1218 703 ex
1228 683 1291 713 qno
1305 676 1478 712 generatur
1492 676 1611 706 vermis
1623 676 1805 716 spiritualis.

1076 728 1105 756 2.
1120 726 1165 755 A=l
1183 726 1258 756 illud
1273 726 1359 766 quod
1371 727 1530 766 oincitur,
1544 729 1627 768 quod
1644 729 1807 762 habebunt

1035 779 1282 816 deformitatein;
1308 780 1476 810 dicendum
1498 782 1582 820 quod
1604 791 1719 814 verum
1742 786 1804 822 est,

1034 832 1086 863 sed
1102 841 1165 862 non
1183 834 1451 872 putrefactionem.

1074 889 1102 917 3.
1130 886 1282 918 Ultimum
1311 887 1450 918 solutum
1474 890 1520 918 cst
1545 888 1583 919 sle
1608 889 1704 928 igne:
1731 890 1807 929 quia

1034 941 1120 980 ignis
1133 942 1173 972 ab
1192 941 1338 972 exteriori
1362 942 1501 981 procedit
1519 943 1558 972 acl
1578 943 1708 982 intima,
1731 953 1804 974 ver-

1033 994 1093 1024 mis
1112 994 1151 1024 ab
1171 995 1290 1025 intimis
1310 995 1347 1025 ad
1371 995 1548 1026 exteriora:
1570 999 1600 1027 et
1626 997 1695 1027 ideo
1719 996 1807 1036 ignis

1032 1050 1078 1078 ost
1093 1048 1273 1085 materialis,
1292 1048 1345 1078 sed
1362 1049 1480 1079 vermis
1493 1049 1677 1088 spiritualis.

1299 1153 1479 1191 QUAESTIO
1500 1155 1538 1186 11.

1117 1234 1159 1261 An
1174 1237 1203 1261 z'n
1219 1234 1354 1262 damnatis
1367 1236 1405 1262 sit
1420 1237 1516 1263 vermis
1530 1237 1685 1271 spiritualis
1699 1238 1719 1264 ⁸.

1071 1315 1184 1346 Utrum
1203 1316 1235 1346 in
1254 1316 1410 1346 damnatis
1422 1317 1461 1347 sit
1479 1317 1597 1347 vermis
1616 1318 1800 1358 spiritualis,

1030 1370 1061 1399 et
1081 1368 1239 1408 quaeritur
1258 1378 1315 1408 pro
1337 1372 1455 1408 quanto
1477 1369 1591 1400 dieitur
1613 1370 1646 1400 in
1669 1371 1714 1401 eis
1735 1380 1802 1402 esse

1030 1422 1160 1453 vermis.
1181 1422 1213 1453 Si
1235 1423 1309 1461 quia
1334 1425 1379 1453 est
1401 1423 1433 1452 in
1458 1423 1503 1453 eis
1526 1423 1614 1454 dolor
1636 1425 1800 1463 mordens;

1029 1476 1083 1506 sed
1098 1475 1130 1505 in
1147 1475 1414 1514 poenitentialibus
1427 1479 1472 1506 est
1484 1476 1646 1507 maximus
1661 1477 1750 1508 dolor
1763 1477 1802 1509 de

1030 1528 1182 1568 peccatis:
1201 1538 1280 1568 ergo
1293 1531 1324 1559 et
1341 1529 1503 1560 maximus
1518 1531 1647 1560 vermis.

1068 1583 1145 1613 item
1160 1582 1260 1621 aliqui
1279 1582 1322 1612 ita
1342 1585 1416 1613 sunt
1436 1583 1591 1622 perversi,
1613 1583 1698 1623 quod
1711 1584 1721 1600 ¹³
1741 1583 1799 1615 133-

1028 1634 1135 1664 tantur
1155 1644 1227 1665 cum
1250 1635 1331 1665 male
1351 1636 1494 1672 fecerint,
1516 1637 1546 1665 et
1563 1636 1706 1666 exultant
1723 1637 1798 1668 adeo

1026 1690 1062 1718 ut
1075 1689 1200 1718 nullum
1215 1698 1405 1727 remorsum,
1418 1691 1472 1719 aut
1484 1689 1625 1720 dolorem
1637 1690 1773 1721 sentiant
1788 1702 1795 1721 ε

1026 1750 1105 1779 ergo
1121 1741 1147 1771 si
1163 1741 1301 1771 damnati
1321 1744 1395 1772 sunt
1413 1742 1517 1781 magis
1533 1742 1684 1781 perversi,
1701 1752 1797 1782 quam

1026 1795 1172 1832 viatores,
1191 1795 1317 1826 videtur
1338 1795 1423 1834 quod
1445 1794 1569 1825 nullum
1591 1795 1721 1827 omnino
1736 1796 1797 1827 ha-

1025 1848 1120 1878 beant
1134 1857 1323 1878 remorsum.

1064 1903 1141 1934 Item
1157 1903 1254 1943 aliqui
1270 1905 1345 1934 sunt
1360 1903 1401 1933 ita
1423 1903 1571 1934 excaecati
1594 1905 1624 1933 et
1647 1904 1795 1935 obstinati

1024 1957 1056 1987 in
1073 1956 1172 1994 malo,
1193 1956 1277 1996 quod
1297 1956 1421 1986 nullum
1443 1956 1574 1986 omnino
1589 1957 1730 1987 sentiunt
1744 1966 1795 1988 re-

1023 2018 1180 2047 morsum,
1198 2009 1278 2039 sicut
1299 2009 1438 2039 haeretici
1458 2009 1514 2048 qui
1534 2009 1716 2040 moriuntur
1736 2019 1794 2050 pro

1022 2063 1136 2093 haeresi
1150 2071 1208 2093 sua
1224 2062 1360 2092 tuenda:
1378 2062 1431 2092 sed
1446 2062 1586 2092 damnati
1601 2064 1675 2093 sunt
1690 2063 1793 2102 magis

1021 2117 1167 2147 obstinati
1183 2119 1212 2147 et
1225 2117 1392 2147 excaecati:
1411 2126 1500 2156 ergo,
1518 2119 1576 2147 etc.

1062 2169 1151 2207 llem,
1164 2169 1189 2198 si
1205 2168 1321 2199 habent
1336 2168 1487 2205 dolorem,
1501 2171 1557 2198 aut
1566 2168 1604 2199 de
1616 2178 1721 2209 poena,
1735 2172 1791 2200 aut

1020 2223 1057 2254 de
1072 2222 1179 2262 culpa:
1199 2222 1224 2252 si
1241 2222 1279 2252 de
1294 2230 1404 2261 poena,
1421 2223 1498 2252 tunc
1511 2230 1592 2260 ergo
1606 2231 1670 2253 non
1685 2222 1792 2254 differt

1020 2275 1138 2306 vermis
1152 2284 1170 2305 a
1184 2284 1277 2314 pcena
1291 2275 1394 2313 ignis,
1411 2275 1487 2314 quia
1502 2275 1588 2314 ignis
1603 2285 1666 2307 non
1680 2277 1788 2316 punit,

1019 2328 1077 2359 nisi
1097 2328 1172 2367 quia
1192 2327 1312 2365 dolent;
1329 2327 1355 2357 si
1375 2327 1412 2357 de
1432 2327 1534 2367 culpa,
1554 2330 1609 2359 aut
1626 2329 1789 2361 voluntate

1018 2381 1237 2418 deliberativa,
1263 2382 1317 2410 aut
1338 2381 1492 2418 naturali,
1518 2381 1585 2412 sive
1602 2382 1786 2422 synderesi:

1017 2435 1069 2466 sed
1090 2444 1153 2465 non
1172 2433 1391 2471 deliberativa,
1409 2434 1484 2473 quia
1505 2435 1680 2466 secundum
1699 2436 1786 2467 illam

1017 2499 1080 2520 non
1104 2488 1271 2528 poenitent,
1296 2488 1360 2518 imo
1384 2490 1563 2527 perseverat
1584 2488 1617 2519 in
1643 2489 1689 2520 eis
1712 2499 1785 2530 pec-

1017 2543 1108 2574 candi
1122 2542 1282 2579 voluntas3
1304 2550 1368 2572 non
1384 2542 1557 2572 secundum
1575 2543 1783 2583 synderesim‚

1016 2629 1073 2653 dist.
1089 2634 1117 2658 L,
1132 2629 1179 2651 art..
1196 2629 1218 2656 ὃ,
1235 2634 1259 2657 ιῙ.
1278 2633 1298 2656 1;
1318 2626 1406 2657 Steph.
1422 2626 1523 2656 Brulet,
1540 2627 1570 2651 iv
1586 2628 1666 2657 Seni„
1680 2629 1738 2652 dist.
1760 2636 1784 2660 L,

1016 2672 1041 2695 q.
1056 2670 1132 2688 XL—
1148 2664 1158 2679 ⁵
1174 2662 1299 2691 P1·ov.‚1i‚
1321 2664 1356 2686 14.

1048 2714 1082 2744 (α)
1099 2713 1160 2737 Coet.
1176 2711 1235 2736 edit,
1251 2711 1318 2736 latio.

1820 1336 1852 1357 Ad
1871 1343 1921 1363 opp.

1975 2797 1978 2804 ·
1971 2591 1987 2779 *·“0-“·>·ς.“ι.
