1991 3006
719 194 903 225 DlSTlNCT.
928 193 1031 225 xxiv.
1055 193 1154 224 PARS
1179 194 1215 224 ll.
1707 200 1761 227 167

169 265 305 302 nudam,
327 265 380 295 sed
401 265 494 295 etiam
515 272 689 303 exponere,
711 264 741 292 et
758 263 837 292 tunc
854 261 935 291 bene

169 320 252 357 patet
274 318 413 349 officium
433 329 439 348 :
466 318 615 357 qnoniam
641 325 703 346 non
729 315 831 345 solum
856 314 935 353 legit

167 372 314 402 corticem
337 371 467 406 litterae,
493 370 545 400 sed
569 370 665 400 etiam
690 368 824 408 explicat
843 376 932 397 arca-

167 434 244 455 num
265 424 457 464 prophetiae:
480 426 509 453 et
529 426 604 454 tunc
623 425 669 453 est
687 422 882 462 praedicator,
904 422 933 451 et

166 479 283 514 doctor,
304 480 334 508 et
354 479 493 507 meretur
515 476 675 506 aureolam
692 486 697 505 ·.
722 475 805 514 quod
821 475 847 503 si
863 476 930 503 tan-

165 534 233 562 tum
248 531 384 561 officium
403 530 531 568 accipiat
543 553 552 567 ,
576 532 605 559 et
625 538 686 558 11011
705 528 851 567 impleat,
869 535 931 557 non

164 584 291 614 habebit
311 592 350 613 ex
365 583 425 613 hoc
438 582 598 612 aureolam
610 606 618 619 ,
636 581 710 621 quia
725 581 851 611 aureola
868 590 931 610 non

162 637 303 667 redditur
318 636 471 666 voluntati
487 636 537 666 vel
551 635 653 665 officio
669 644 724 674 per
738 644 770 664 se
783 659 788 669 ,
807 634 860 664 sed
874 643 931 663 vo<

161 690 274 720 luntati
285 690 403 728 juuctae
420 698 492 718 cum
507 691 578 719 actu
595 688 816 727 praerogativae
832 686 929 716 alicu-

157 746 222 784 juS.
248 745 355 776 Posset
370 746 477 774 tamen
498 744 575 781 dici,
597 743 681 783 quod
698 743 728 774 id
744 742 931 781 intelligitur

161 799 316 837 quantum
331 798 369 828 ad
386 798 535 828 meritum
549 795 765 827 substantiale.

483 891 549 912 DUB.
575 891 606 911 11.

224 950 261 973 Ab
274 949 453 973 archidiacono
468 949 593 979 accipiunt
608 948 801 978 candelabrum,
819 950 866 972 etc.

200 1011 330 1042 Videtur
351 1011 434 1041 male
453 1010 572 1047 dicere,
594 1010 669 1049 quia
690 1010 931 1040 archidiaconus

160 1074 224 1095 non
239 1066 337 1104 potest
351 1065 497 1094 ordinare
512 1075 518 1094 ι
535 1072 613 1102 ergo
629 1072 687 1093 nec
702 1064 775 1093 dare
791 1072 881 1100 vasa,
898 1063 930 1093 in

160 1116 275 1156 quibus
294 1116 491 1154 significatur
512 1118 656 1154 potestas.
684 1115 758 1144 item
775 1116 931 1153 quaeritur

160 1170 231 1210 quis
253 1169 293 1199 sit
315 1171 403 1199 actus
424 1168 624 1208 principalior
646 1168 842 1207 acolytorum
856 1191 863 1204 ,
889 1177 929 1197 an

160 1223 340 1253 ministrare
361 1224 398 1253 de
420 1231 529 1259 cereo,
551 1231 591 1251 an
615 1221 794 1251 ministrare
814 1221 851 1251 de
872 1231 929 1251 ur—

160 1276 244 1306 ceolo
260 1287 266 1306 :
289 1278 319 1306 et
335 1275 458 1305 videtur
473 1275 557 1314 quod
572 1275 610 1305 de
626 1274 751 1304 urceolo
765 1298 772 1310 ,
790 1274 865 1313 quia
881 1284 928 1304 se-

160 1329 300 1359 cundum
312 1329 407 1359 istum
419 1331 523 1358 actum
537 1328 771 1367 quodaminodo
780 1328 930 1366 ι1110811111·

160 1391 232 1412 cum
243 1382 346 1412 officio
356 1382 550 1412 subdiaconi.
566 1381 624 1411 Sed
634 1381 672 1411 ad
681 1381 860 1420 oppositum
871 1384 927 1419 est,

159 1435 234 1475 quia
250 1435 469 1474 unusquisque
488 1435 565 1464 ordo
587 1434 810 1464 denominatur
825 1444 842 1463 a
858 1434 928 1473 dig-

158 1488 241 1518 niori
260 1491 289 1518 et
308 1487 543 1527 principaliori:
570 1487 622 1518 sed
645 1487 758 1526 acolyti
781 1487 929 1517 dicuntur

157 1542 247 1581 quasi
262 1541 449 1572 ceroferarii.

199 1594 288 1634 Resp.
314 1594 504 1631 Dicendum,
529 1593 613 1633 quod
637 1596 772 1632 potestas
794 1594 928 1625 traditur

156 1648 195 1678 ab
210 1648 354 1687 episcopo
369 1658 375 1684 ;
393 1647 445 1677 sed
460 1647 699 1677 archidiaconus
714 1647 806 1677 tradit
821 1657 927 1678 urceo-

155 1701 223 1731 lum
236 1703 266 1731 et
279 1700 514 1737 candelabrum,
531 1702 566 1730 ut
579 1700 780 1738 significetur
790 1701 873 1740 quod
884 1704 927 1732 ta-

155 1755 193 1785 lis
208 1754 366 1785 ministrat
385 1754 594 1790 subdiacono,
613 1756 643 1784 et
662 1754 804 1793 primum
818 1755 927 1795 incipit

155 1809 235 1839 circa
246 1808 342 1838 altare
354 1807 532 1837 ministrare
545 1818 551 1837 2
567 1807 806 1838 archidiaconus
818 1810 925 1838 autem

154 1861 269 1892 dicitur
288 1860 432 1900 princeps
453 1859 629 1890 ministeriI.
656 1859 744 1896 Quod
765 1861 922 1899 objicitur,

154 1915 226 1954 quis
241 1916 329 1944 actus
345 1913 547 1952 principalior
563 1913 618 1950 sit,
635 1913 804 1943 dicendum
815 1938 824 1951 ,
841 1915 925 1953 quod

154 1970 260 2004 actus,
278 1976 296 1997 a
310 1976 373 2006 quo
388 1966 634 1997 denominantur
649 1967 686 2006 (a)
700 1990 706 2003 ,
724 1969 769 1997 est
783 1967 864 1998 ferre
879 1977 924 1998 ce-

153 2031 244 2058 reos,
267 2021 342 2060 quia
363 2021 448 2050 huuc
468 2022 573 2050 actum
594 2020 710 2050 habent
731 2020 763 2050 in
785 2021 923 2060 quadam

152 2073 379 2113 completione,
396 2073 449 2103 sed
462 2075 567 2103 actum
583 2073 783 2104 ministrandi
807 2075 923 2105 habent

151 2129 183 2158 in
194 2127 428 2167 imperfectione
438 2129 594 2166 quantum
607 2127 646 2157 ad
660 2127 922 2159 ministrationem

151 2190 262 2221 aquae3
284 2180 495 2211 subdiaconus
515 2183 622 2211 autem
637 2181 824 2220 completius
838 2182 922 2212 hunc

151 2236 256 2264 actum
270 2234 376 2264 habet.
393 2233 464 2264 Alia
478 2234 559 2264 ratio
569 2257 578 2271 ,
594 2234 669 2274 quia
682 2234 715 2264 in
730 2235 857 2265 ferendo
873 2244 921 2265 ce-

152 2296 221 2318 reos
250 2287 449 2326 significatur
480 2289 616 2326 potestas
645 2297 742 2327 quam
769 2288 863 2318 habet
890 2289 922 2318 in

152 2339 254 2370 dando
275 2340 394 2371 bonum
416 2340 620 2379 exemplum:
645 2343 675 2371 et
699 2340 773 2380 quia
794 2341 854 2371 hoc
876 2344 921 2372 est

152 2393 316 2433 cujusdam
333 2393 612 2433 superpositionis,
633 2393 685 2423 sed
707 2394 738 2424 in
758 2394 919 2425 ministra-

152 2445 235 2476 tione
249 2455 340 2486 aquae
354 2446 525 2486 subJectio,
542 2446 611 2476 ideo
623 2469 631 2483 ,
648 2449 705 2477 etc.

466 2539 534 2561 DUB.
558 2539 602 2561 111.

221 2596 314 2621 Levitae
329 2604 388 2628 ergo
403 2604 433 2621 ex
449 2597 553 2625 nomine
568 2597 679 2622 auctoris
693 2599 776 2623 vocati
790 2602 855 2623 sunt.

193 2658 320 2690 Videtur
345 2659 425 2690 male
452 2659 575 2696 dicere,
607 2660 681 2698 quia
710 2661 918 2693 sacerdotium

992 270 1084 291 novae
1114 261 1196 299 legis
1223 265 1356 293 evacuat
1382 263 1592 294 sacerdotium
1621 264 1735 294 veteris
1753 276 1759 295 2

992 323 1069 352 crgo
1091 303 1164 353 pari'
1179 314 1298 344 ratione
1319 316 1529 346 ministerium
1549 319 1681 347 evacuat
1702 317 1760 347 ini-

992 367 1156 397 nisterium
1173 378 1179 397 z
1201 376 1278 405 ergo
1298 377 1361 398 non
1378 369 1492 399 debent
1507 370 1642 409 amplius
1658 370 1762 401 levz'coe

992 420 1062 450 dici.
1082 420 1159 450 Item
1175 421 1329 459 quaeritur
1342 421 1379 451 de
1393 422 1462 459 hoc,
1478 423 1562 462 quod
1578 423 1668 453 dicit:
1688 423 1759 454 «Ad

990 474 1158 504 diaconum
1179 475 1313 513 pertinet
1329 476 1471 506 assistere
1493 478 1726 515 sacerdotibus;
1744 489 1756 505 n

990 527 1063 566 quia
1078 537 1151 557 cum
1165 528 1260 557 unius
1275 529 1394 558 ordinis
1406 539 1489 559 unus
1505 530 1543 559 sit
1556 533 1643 560 actus
1655 533 1685 561 et
1697 540 1761 561 una

991 583 1145 619 potestas,
1170 581 1294 611 videtur
1316 582 1398 621 quod
1426 583 1507 612 male
1531 584 1671 622 assignet
1693 585 1761 614 dia-

989 643 1066 663 cono
1083 643 1203 664 novum
1220 637 1325 665 actum
1338 659 1345 671 ,
1364 636 1443 665 sicut
1458 636 1645 675 intelligitur
1661 647 1700 668 ex
1714 638 1761 668 lit-

989 690 1078 718 tera:
1105 697 1184 727 ergo
1207 692 1263 719 aut
1287 690 1436 720 diaconus
1461 691 1676 729 complectitur
1699 702 1759 723 no-

988 751 1065 771 vum
1088 742 1231 772 ordinem
1255 746 1284 772 et
1306 752 1427 773 novum
1449 744 1683 782 characterem,
1705 747 1760 776 aut

988 803 1051 824 11011
1068 795 1147 825 bene
1163 804 1221 826 nec
1236 805 1310 826 vere
1333 796 1517 835 assignatur
1532 797 1560 827 ei
1576 797 1759 836 hujusmodi

988 852 1086 880 actus.

1029 902 1118 943 Resp.
1136 904 1308 934 Dicendum
1320 929 1327 941 ,
1346 905 1431 944 quod
1447 905 1552 938 levitoe
1567 907 1693 946 proprIO
1707 916 1761 937 110-

989 956 1074 985 mine
1098 957 1299 996 appellantur
1323 958 1465 995 diaconi,
1490 960 1521 989 in
1545 969 1608 999 quo
1632 961 1761 991 nomine

987 1008 1144 1039 clauditur
1167 1012 1313 1049 proprius
1329 1020 1440 1041 eorum
1455 1014 1546 1042 actus
1561 1015 1591 1043 et
1605 1013 1761 1053 principa-

986 1062 1041 1099 lis,
1067 1062 1181 1093 scilicet
1205 1064 1385 1094 ministrare
1409 1066 1559 1096 sacerdoti
1587 1066 1762 1106 specialiter

987 1117 1016 1145 et
1041 1116 1221 1146 immediate
1242 1117 1275 1146 in
1299 1119 1514 1149 sacramentis,
1541 1119 1587 1149 Ad
1612 1119 1761 1151 diaconos

987 1169 1071 1199 enim
1088 1170 1223 1208 pertinet
1246 1180 1359 1210 corpus
1375 1172 1499 1202 Domini
1515 1173 1703 1209 transferre,
1728 1173 1760 1203 in

987 1223 1150 1261 primitiva
1166 1223 1303 1254 Ecclesia
1319 1225 1415 1255 etiam
1431 1226 1623 1264 sanguinem
1639 1226 1762 1265 dispen-

987 1284 1077 1306 sare:
1101 1277 1185 1306 unde
1207 1277 1390 1308 immediate
1411 1279 1459 1308 isti
1480 1279 1693 1309 sacerdotibus
1709 1288 1758 1309 as-

986 1328 1100 1359 sistunt
1121 1332 1152 1360 et
1172 1330 1369 1369 ministrant3
1394 1334 1424 1362 et
1447 1332 1575 1371 quando
1597 1333 1689 1363 datur
1714 1333 1759 1363 eis

986 1385 1121 1422 potestas
1136 1384 1174 1414 ad
1190 1384 1276 1415 hunc
1290 1388 1408 1421 actum,
1424 1388 1501 1416 tunc
1518 1388 1562 1416 est
1576 1386 1756 1424 dicendum,

985 1437 1199 1468 characterem
1216 1439 1367 1478 imprimi.
1386 1440 1473 1470 Unde
1489 1450 1561 1470 cuin
1578 1450 1699 1471 novum
1714 1442 1759 1471 ni-

985 1489 1029 1519 hil
1049 1490 1130 1520 circa
1148 1491 1225 1521 illud
1246 1492 1277 1521 in
1301 1492 1405 1522 littera
1427 1493 1618 1532 assignetur,
1640 1494 1755 1524 intelli-

983 1544 1145 1583 gendum,
1168 1545 1251 1584 quod
1268 1545 1319 1575 alii
1336 1548 1409 1576 suut
1429 1547 1566 1583 annexi,
1586 1547 1617 1577 hi
1640 1547 1756 1586 princi-

984 1597 1079 1636 pales.
1097 1597 1134 1628 Et
1147 1598 1171 1627 si
1188 1600 1221 1628 tu
1237 1608 1363 1638 quaeras
1376 1624 1383 1635 ,
1401 1609 1499 1639 quare
1515 1600 1664 1630 dicuntur
1680 1601 1757 1632 levi-

983 1653 1042 1687 toe,
1063 1651 1248 1689 dicendum,
1268 1652 1351 1692 quod
1367 1662 1430 1683 non
1451 1653 1519 1683 ideo
1539 1653 1688 1684 dicuntur
1709 1654 1752 1684 le-

982 1704 1075 1741 vitae,
1093 1705 1167 1743 quia
1178 1705 1318 1736 osticium
1334 1706 1472 1736 habeant
1482 1705 1682 1743 Levitarum;
1703 1707 1757 1737 sed

981 1757 1056 1795 quia
1070 1758 1232 1789 consimile
1247 1759 1302 1796 illi,
1321 1762 1351 1790 et
1365 1769 1419 1799 per
1434 1760 1513 1791 illud
1524 1760 1666 1791 officium
1679 1770 1756 1800 prae-

982 1811 1170 1848 figuratum.

1299 1860 1367 1881 nnn.
1386 1861 1431 1882 lv.

1003 1912 1038 1935 Ad
1055 1912 1230 1943 presbyterum
1245 1915 1330 1937 antem
1346 1914 1454 1944 pertinet
1470 1917 1671 1945 sacramentum,
1686 1919 1734 1940 etc.

1021 1969 1150 2000 Videtur
1174 1971 1258 2010 quod
1282 1971 1396 2002 divisio
1422 1974 1551 2003 actuum
1577 1973 1755 2005 sacerdota—

980 2022 1080 2060 lium,
1101 2032 1119 2053 a
1142 2023 1295 2062 Magistro
1319 2025 1438 2064 posita,
1466 2026 1521 2065 qui
1545 2029 1616 2057 sunt
1641 2036 1755 2067 corpus

979 2076 1103 2106 Domini
1127 2078 1302 2115 conticere,
1335 2078 1494 2109 orationes
1518 2080 1639 2117 dicere,
1673 2081 1754 2112 dona

980 2129 1031 2160 Dei
1047 2130 1230 2161 benedicere
1242 2155 1250 2168 ,
1270 2140 1333 2162 non
1349 2131 1387 2162 sit
1403 2133 1573 2168 sufficiens,
1591 2134 1666 2173 quia
1681 2143 1753 2166 cum

978 2185 1066 2213 actus
1079 2183 1200 2222 ligandi
1218 2186 1249 2214 et
1264 2185 1407 2215 solvendi
1427 2185 1466 2215 sit
1485 2187 1585 2217 multo
1605 2188 1751 2227 nobilior,

979 2237 1102 2267 videtur
1113 2237 1194 2277 quod
1211 2237 1361 2275 Magister
1373 2239 1500 2270 deberet
1512 2240 1679 2279 assignare
1693 2242 1750 2281 ipsi

978 2290 1140 2320 sacerdoti.

1017 2343 1107 2382 Resp.
1128 2343 1309 2383 Dicendum,
1328 2346 1411 2384 quod
1427 2345 1477 2376 isti
1494 2348 1582 2376 actus
1597 2348 1671 2377 sunt
1684 2356 1752 2386 pro-

977 2397 1043 2435 prie
1066 2396 1282 2434 sacerdotum,
1304 2399 1334 2427 et
1358 2398 1531 2437 respiciunt
1556 2399 1748 2430 sacerdotem

976 2449 1151 2480 secundum
1172 2458 1223 2487 se3
1247 2450 1301 2481 sed
1320 2453 1408 2481 actus
1426 2451 1548 2491 ligandi
1565 2454 1595 2482 et
1608 2452 1749 2483 solvendi

976 2502 1101 2541 respicit
1110 2503 1337 2534 confessionem
1349 2516 1354 2535 :
1372 2504 1441 2535 ideo
1453 2514 1550 2545 supra
1558 2505 1595 2535 de
1606 2505 1666 2536 hoc
1678 2507 1750 2536 actu

977 2556 1009 2586 111
1028 2558 1163 2587 tractatu
1187 2556 1222 2596 (b)
1242 2557 1279 2588 de
1299 2558 1484 2598 poenitentia
1503 2559 1748 2590 determinatum

978 2612 1023 2640 est
1038 2621 1043 2639 τ
1063 2610 1131 2641 ideo
1147 2610 1295 2650 Magister
1310 2621 1375 2642 non
1390 2613 1512 2652 repetit.

1008 2672 1038 2702 (a)
1055 2672 1114 2696 Coet.
1131 2673 1188 2698 edil.
1200 2673 1388 2698 denominatur.
1400 2688 1429 2692 —
1441 2674 1471 2705 (la)
1486 2677 1654 2700 sacramento„
