1991 3006
806 163 901 194 DIST.
925 162 1028 194 XLIV.
1052 162 1152 193 PARS
1176 163 1197 193 1.
1738 170 1792 197 471

725 310 1090 357 DISTINCTIO
1130 310 1283 356 XLIV

247 429 284 451 DF,
308 427 550 450 RESURRECTIONE
575 426 718 453 QUANTUM
742 426 782 447 AD
805 425 929 454 MODUM,
958 424 1025 445 SIVE
1050 424 1193 451 QUANTUM
1217 424 1257 445 AD
1279 423 1471 449 QUALITATEM
1494 425 1531 445 ET
1555 424 1758 451 QUIDDITATEM

881 477 1120 499 RESURGENTIUM.

913 591 1028 626 PARS
1058 591 1080 626 1.

454 682 492 703 DE
514 681 620 703 AETATE
643 682 679 702 ET
699 681 833 702 STATURA
857 681 1103 709 RESURGENTIUM,
1126 681 1161 702 AC
1184 681 1221 702 DE
1241 680 1438 703 REPROBORUM
1461 681 1541 702 IGNE.

249 763 362 796 Solent
376 766 485 795 autem
502 762 655 795 nonnulli
672 762 852 805 percontari
876 765 907 794 et
929 772 1073 805 quaerere
1085 787 1092 801 ,
1113 773 1155 794 an
1175 762 1209 793 in
1232 761 1343 794 eadem
1361 765 1452 794 aetate
1468 766 1498 794 et
1514 766 1637 794 statura
1651 763 1796 806 corporis

203 832 315 853 omnes
330 820 543 853 resurrecturi
561 820 636 852 sint.
654 819 795 858 Quidam
811 823 1010 863 putaverunt
1026 830 1137 851 01111105
1152 822 1390 851 resurrecturos
1406 819 1587 851 secundum
1604 830 1792 852 mensuram

203 878 304 911 aetatis
318 882 349 910 et
363 882 495 910 statura}
512 877 647 917 Christi,
669 877 742 909 ideo
757 876 834 920 quia
849 876 1024 919 Apostolus
1040 877 1084 908 ait
1105 877 1112 892 ¹
1133 888 1139 907 ε
1157 878 1266 908 Donec
1287 887 1498 909 occurramus
1512 888 1622 909 omnes
1636 877 1670 909 in
1690 877 1793 909 virzmz

199 938 379 980 perfectum
395 962 402 974 ,
427 936 462 968 in
483 946 673 968 mensuram
699 935 808 967 oetatis
834 940 864 966 et
881 933 1104 978 plenitudinis
1130 934 1265 966 Christi.
1294 934 1357 966 Sed
1382 933 1431 966 his
1456 934 1564 966 verbis
1586 946 1651 967 non
1684 935 1794 968 eadem

203 993 449 1035 resurgentibus
464 993 650 1035 assignatur
667 995 791 1023 statura
804 1017 811 1031 ,
837 992 891 1023 sed
908 995 996 1024 retas.
1015 991 1136 1024 Omnes
1155 991 1242 1023 enim
1258 991 1292 1023 in
1308 991 1418 1023 eadem
1435 996 1527 1024 aetate
1544 996 1735 1035 resurgent,
1762 992 1795 1025 in

202 1062 267 1094 qua
281 1050 428 1083 Christus
452 1053 602 1082 mortuus
623 1053 669 1082 est
691 1053 722 1082 et
745 1049 940 1089 resurrexit,
970 1049 1206 1092 cujuscumque
1228 1048 1332 1081 aetatis
1352 1049 1473 1081 mortui
1494 1049 1629 1082 fuerint.
1648 1054 1658 1069 ²
1684 1050 1795 1082 Virum

201 1111 309 1141 autem
333 1108 460 1152 posuit,
488 1119 553 1139 non
575 1111 611 1139 ut
633 1107 848 1149 distingueret
874 1117 1010 1146 sexum,
1036 1106 1090 1138 sed
1115 1110 1151 1138 ut
1173 1106 1370 1148 significaret
1396 1106 1627 1150 perfectionem
1652 1107 1793 1149 virium,

200 1177 299 1210 quam
320 1169 398 1198 tunc
424 1165 611 1205 habehunt3
636 1164 688 1196 sed
715 1176 781 1196 non
804 1175 917 1196 omnes
941 1163 1087 1196 eamdem
1115 1168 1273 1196 staturam
1298 1164 1442 1208 corporis
1464 1164 1674 1199 obtinebunt.
1701 1165 1795 1198 Unde

201 1223 409 1265 Augustinus
427 1225 437 1241 ³
460 1234 466 1254 ε
484 1236 500 1253 «
517 1222 590 1254 Non
605 1248 612 1263 ‚
630 1222 694 1262 ait,
715 1222 749 1253 in
772 1232 962 1254 mensuram
983 1221 1127 1265 corporis
1149 1222 1200 1253 vel
1222 1225 1367 1263 staturae,
1391 1222 1444 1254 sed
1466 1223 1579 1263 aetati5‚
1597 1223 1675 1267 quia
1694 1235 1796 1256 unus-

200 1281 340 1325 quisque
352 1291 445 1313 suam
461 1279 595 1323 recipiet
610 1290 798 1311 mensuram
813 1279 970 1323 corporis,
987 1291 1086 1323 quam
1112 1279 1161 1311 vel
1178 1279 1293 1311 habuit
1307 1280 1340 1312 in
1351 1279 1539 1323 juventute,
1555 1281 1682 1313 etiamsi
1697 1292 1795 1314 senex

199 1338 295 1378 obiit;
313 1338 365 1370 vel
380 1337 486 1369 fuerat
504 1337 688 1378 habiturus,
701 1336 726 1368 si
739 1340 813 1368 ante
828 1340 871 1369 est
889 1336 1071 1370 defunctus.
1086 1349 1101 1367 >›
1117 1337 1210 1369 [Etas
1225 1348 1303 1370 vero
1318 1338 1379 1369 erit
1394 1337 1464 1379 illa,
1482 1338 1631 1382 adquam
1647 1339 1795 1382 pervenit

199 1395 347 1428 Christus
358 1421 366 1436 ,
381 1394 500 1427 scilicet
512 1394 671 1438 juvenilis
689 1420 696 1434 ,
714 1398 751 1426 ut
764 1394 847 1426 circa
863 1394 997 1437 triginta
1011 1406 1124 1427 annos
1143 1394 1292 1437 Triginta
1306 1395 1394 1427 enim
1409 1395 1552 1428 duorum
1567 1407 1747 1437 annorum,
1764 1400 1795 1429 et

200 1453 300 1485 trium
319 1452 480 1485 mensium
499 1456 568 1484 erat
587 1456 664 1484 aetas
684 1451 821 1492 Christi,
846 1452 881 1484 in
902 1463 967 1496 qua
990 1456 1137 1485 mortuus
1158 1456 1250 1485 estet
1267 1453 1454 1485 resurrexit.
1473 1453 1545 1486 Non
1561 1457 1608 1486 est
1622 1458 1732 1486 autem
1748 1453 1795 1486 fas

198 1509 322 1550 dicere,
340 1509 427 1553 quod
452 1509 486 1540 in
511 1509 747 1541 resurrectione
767 1509 894 1541 accedat
916 1510 1060 1553 corporis
1084 1510 1293 1553 magnitudo,
1318 1522 1416 1554 quam
1439 1522 1498 1543 nec
1513 1511 1629 1543 habuit
1644 1511 1716 1552 hic,
1737 1523 1795 1544 nec

198 1571 267 1600 erat
286 1566 475 1600 habiturum
491 1566 548 1598 diu
564 1566 705 1598 vivendo
716 1579 724 1607 ;
749 1577 807 1598 nec
831 1566 954 1609 majora
973 1578 1110 1611 corpora
1134 1567 1311 1610 redigenda
1336 1572 1412 1600 sunt
1434 1568 1473 1600 ad
1491 1569 1623 1601 modum
1639 1568 1795 1601 dominici

198 1624 352 1668 corporis.
368 1624 494 1657 Periret
508 1624 596 1656 enim
613 1623 756 1656 multum
772 1623 811 1655 de
826 1623 892 1656 illis
905 1624 1109 1668 corporibus,
1127 1635 1201 1657 cnm
1219 1636 1276 1657 uec
1293 1625 1457 1669 periturus
1471 1625 1512 1657 sit
1527 1625 1679 1670 capillus,
1696 1631 1732 1658 ut
1746 1626 1790 1659 ait

200 1682 379 1714 Dominus‘
395 1694 401 1713 2
420 1681 564 1725 Capillus
578 1681 618 1713 de
632 1681 737 1725 capite
749 1687 854 1713 vestro
870 1693 935 1714 non
947 1682 1079 1726 peribit.

248 1753 263 1770 «
278 1739 351 1772 Non
376 1739 463 1772 enim
478 1740 487 1756 ⁵
503 1739 586 1782 perit
608 1739 673 1771 Deo
696 1742 824 1771 terrena
846 1739 995 1771 materies
1010 1765 1017 1779 ,
1040 1739 1079 1771 de
1099 1751 1165 1783 qua
1190 1740 1380 1773 mortalium
1408 1744 1537 1774 creatur
1559 1753 1654 1782 caro3
1681 1743 1734 1775 sed
1758 1743 1789 1775 in

198 1797 378 1842 quemlibet
393 1797 563 1841 pulverem
578 1796 761 1829 cineremve
774 1796 932 1837 solvatur,
952 1796 986 1828 in
1011 1796 1175 1840 quoslibet
1199 1797 1320 1830 halitus
1336 1809 1498 1842 aurasque
1512 1798 1664 1842 diffugiat
1679 1826 1686 1841 ‚
1711 1804 1741 1832 et
1757 1801 1791 1833 in

197 1865 440 1899 quamcumque
456 1854 596 1886 aliorum
621 1865 796 1897 corporum
821 1854 1054 1894 substantiam,
1078 1854 1130 1886 vel
1153 1854 1187 1886 in
1211 1855 1280 1898 ipsa
1302 1855 1463 1888 elementa
1485 1860 1642 1898 vertatur,
1660 1857 1695 1889 in
1710 1870 1790 1901 quo-

197 1923 415 1956 rumcumque
438 1912 536 1944 etiam
558 1911 753 1944 animalium
770 1911 820 1943 vel
841 1911 1014 1943 hominum
1030 1911 1140 1943 cibum
1155 1923 1352 1956 carnemque
1368 1917 1526 1955 mutetur,
1552 1914 1601 1946 illi
1620 1915 1739 1948 animae
1755 1916 1788 1948 in

197 1975 317 2016 puncto
333 1969 488 2014 temporis
502 1969 637 2010 redibit,
653 1980 726 2013 qnae
741 1968 832 2001 illam
848 1980 979 2001 carnem
995 1969 1148 2013 primitus
1165 1973 1199 2002 ut
1214 1970 1312 2003 homo
1330 1969 1421 2003 fieret
1436 1997 1444 2013 ,
1460 1976 1626 2014 cresceret,
1644 1973 1787 2016 viveret,

196 2027 365 2060 animavit.
382 2026 392 2041 ⁶
407 2027 479 2071 Ipsa
504 2038 580 2069 ergo
603 2030 731 2059 terrena
754 2027 904 2059 materies
925 2038 999 2071 quac
1019 2027 1201 2060 discedente
1223 2029 1331 2061 anima
1358 2029 1395 2061 fit
1419 2029 1569 2071 cadaver,
1596 2041 1661 2063 non
1687 2031 1731 2064 ita
1754 2032 1789 2065 in

195 2084 430 2118 resurrectione
446 2085 662 2129 reparabitur,
689 2088 724 2117 ut
744 2096 781 2117 ea
804 2096 878 2129 quae
899 2084 1104 2126 dilabuntur,
1137 2090 1167 2118 et
1192 2085 1226 2118 in
1241 2086 1322 2119 alias
1336 2091 1434 2131 atque
1449 2088 1529 2120 alias
1543 2099 1654 2122 rerum
1670 2089 1789 2134 species

195 2147 381 2184 vertuntur,
399 2142 553 2187 quamvis
567 2142 607 2175 ad
622 2153 742 2187 corpus
758 2143 891 2175 redeant
905 2169 912 2183 ‚
939 2143 1025 2175 unde
1040 2143 1165 2187 dilapsa
1179 2148 1255 2176 sunt
1269 2170 1276 2185 ,
1302 2145 1341 2177 ad
1357 2145 1485 2178 easdem
1500 2158 1631 2191 quoque
1646 2148 1789 2192 corporis

194 2205 301 2244 partes
315 2201 372 2233 ubi
386 2201 520 2233 fuerunt
535 2226 542 2241 ‚
568 2200 672 2232 redire
687 2211 813 2232 necesse
836 2201 887 2232 sit.
906 2200 1063 2244 Alioquin
1080 2201 1107 2233 si
1121 2201 1259 2245 capillus
1274 2202 1377 2244 redit,
1394 2215 1492 2247 quem
1510 2208 1574 2237 tam
1592 2205 1704 2238 crebra
1719 2209 1789 2239 ton-

194 2270 272 2291 sura
288 2258 448 2298 detraxit3
474 2258 501 2289 si
525 2258 714 2301 unguibuS,
741 2269 823 2302 quos
848 2258 940 2290 toties
962 2258 1118 2302 depressit
1141 2260 1300 2301 exsectio,
1327 2260 1541 2294 immoderata
1561 2266 1592 2294 et
1615 2262 1766 2295 indecens
1780 2290 1788 2305 ,

194 2316 414 2360 cogitantibus
428 2315 701 2348 resurrectionem
716 2315 822 2348 earnis
836 2342 843 2356 ,
865 2319 896 2347 et
918 2315 990 2348 ideo
1012 2327 1077 2348 non
1103 2316 1331 2357 credentibus,
1357 2319 1497 2351 occurrit
1511 2319 1706 2353 informitas.
1725 2321 1789 2361 Sed

195 2373 472 2418 quemadmodum
488 2375 497 2391 ⁷
512 2373 539 2405 si
554 2377 660 2406 statua
677 2373 849 2417 cujuslibet
864 2373 1013 2406 solubilis
1030 2374 1153 2406 metalli
1172 2375 1248 2417 igne
1264 2376 1472 2419 liquesceret,
1501 2378 1552 2410 vel
1567 2382 1790 2411 contereretur

194 2431 226 2463 in
243 2431 412 2475 pulverem
427 2457 435 2471 ,
452 2430 504 2463 vel
520 2431 776 2463 confunderetur
790 2431 825 2463 in
841 2442 979 2463 massam
993 2444 1000 2470 ;
1025 2435 1056 2463 et
1076 2442 1146 2464 eam
1169 2432 1265 2465 vellet
1283 2434 1399 2466 artifex
1416 2446 1546 2467 rursum
1562 2447 1602 2468 ex
1616 2436 1705 2468 illius
1720 2447 1788 2468 ma-

194 2488 277 2521 teria
296 2492 327 2521 et
348 2488 529 2532 quantitate
545 2499 695 2532 reparare
709 2515 716 2529 ,
739 2488 823 2521 nihil
843 2489 1010 2521 interesset
1027 2488 1066 2521 ad
1081 2489 1152 2533 ejus
1168 2489 1400 2533 integritatem,
1418 2503 1492 2536 quae
1508 2493 1670 2536 particula
1686 2497 1786 2525 mate-

227 2565 230 2577 ¹
249 2563 328 2594 Epltex
341 2581 347 2593 ,
368 2569 401 2593 lv,
419 2565 455 2587 133.
473 2577 503 2580 —
522 2565 529 2578 ’-’
546 2565 645 2594 tlaym„
664 2564 688 2587 in
704 2564 785 2588 Gloss.
804 2572 877 2594 super
896 2564 954 2587 illud
977 2564 1074 2594 Ephes„
1098 2571 1131 2594 w,
1149 2567 1185 2588 Ἰ13.
1205 2579 1233 2583 —-
1252 2568 1260 2579 ³
1276 2568 1350 2597 Aug„
1371 2567 1399 2590 rh·
1420 2567 1496 2591 Cz'rzl.
1519 2569 1575 2597 lm,
1596 2576 1617 2591 c.
1644 2574 1682 2597 xv,
1703 2570 1786 2599 quoad

194 2604 347 2623 5011511111.-
362 2598 368 2611 ⁴
382 2599 447 2627 Luc„
464 2604 517 2624 xxi,
537 2601 571 2622 18.
590 2612 619 2616 -
639 2600 648 2615 ⁵
664 2600 738 2629 Aug„
756 2599 896 2626 Emlurid„
916 2608 937 2622 ιι.
955 2605 1083 2629 mxxwu,
1101 2602 1177 2624 11.23.
1196 2614 1223 2617 m
1243 2602 1251 2613 ⁶
1264 2601 1337 2632 aaut,
1358 2608 1504 2632 c.Lxxx1v;
1522 2604 1598 2633 nug„
1618 2602 1646 2625 (le
1663 2603 1785 2633 Sacram.⁷

194 2634 238 2658 fib.
255 2634 285 2664 ΙΙ,
300 2640 325 2664 p.
343 2633 365 2663 l,
386 2642 407 2658 c.
430 2639 482 2658 xlx.
494 2647 523 2651 -
539 2634 546 2649 7
561 2634 713 2666 Augustinus
731 2635 807 2658 habet
824 2635 888 2658 hanc
903 2634 1095 2659 similitudinem
1111 2635 1186 2659 ctiam
1202 2636 1226 2659 iu
1243 2636 1285 2660 tib.
1299 2637 1375 2667 ΧΧΙΙ,
1388 2638 1417 2660 <le
1432 2638 1506 2662 Cim'l.
1525 2638 1584 2667 Dei,
1599 2645 1620 2661 c.
1637 2643 1711 2663 xvnl.

1808 1758 1867 1782 Quod
1881 1765 1913 1779 re-

1821 1792 1893 1816 surget

1806 1821 1911 1847 quidquid

1816 1851 1854 1871 fuit
1875 1853 1902 1874 dc

1806 1883 1901 1904 substan-

1806 1914 1834 1932 tia
1844 1917 1864 1934 et
1876 1922 1910 1936 ua.

1806 1946 1850 1964 tura
1861 1952 1906 1966 cor·

1805 1977 1869 2002 poris,
1891 1981 1912 1998 et

1805 2008 1824 2027 iu
1836 2008 1910 2029 cadem

1822 2042 1881 2065 parte

1804 2071 1909 2097 corporis.
