1991 3006
153 1518 238 1544 Explw.

260 218 319 250 428
817 212 1126 246 SENTENTIARUM
1148 214 1221 246 LlB.
1246 216 1297 248 lv.

260 286 430 317 succedunt
444 285 592 315 defuncto
609 285 642 315 in
657 284 752 315 rebus
767 283 847 320 suis,
866 282 899 312 in
913 280 1029 320 quibus

259 339 371 369 habuit
385 338 564 368 dominium
585 340 615 368 et
635 337 864 377 possessionem
882 347 888 365 z
912 334 965 365 sed
982 334 1030 364 vir

259 391 371 421 habuit
394 391 570 432 dominium
592 390 625 420 in
649 390 815 420 mulierem
841 397 896 428 per
917 387 1030 417 matri-

260 445 431 475 monium:
459 454 556 483 ergo,
582 444 756 475 secundum
780 444 868 481 iura,
895 450 1028 471 consan-

262 499 370 537 guinei
385 498 499 529 debent
514 500 544 528 et
565 500 694 537 possunt
716 497 832 527 habere
853 494 1029 525 dominium

262 552 294 581 in
331 560 444 590 corpus
479 551 627 590 conjugis
660 559 716 590 per
756 548 997 579 matrimonium
1021 557 1028 577 :

262 613 358 643 ergo,
374 606 433 635 etc.

302 660 330 688 4.
357 657 434 688 Item
455 657 639 687 commixtio
662 656 796 687 carnalis
820 658 866 685 est
890 655 929 685 ad
953 657 1031 685 tem-

262 721 332 751 pus,
349 713 379 741 et
391 711 430 749 (a)
449 711 687 740 matrimonium
703 713 749 740 est
765 708 930 739 vinculum
946 708 1032 738 inso-

263 764 359 795 lubile
378 775 384 794 :
409 764 434 794 si
451 773 529 801 ergo
551 765 655 802 maius
678 763 844 793 vinculum
859 762 953 792 solvit
973 761 1031 791 min

263 826 335 855 nus,
355 827 427 847 cum
444 816 628 847 commixtio
643 816 777 846 carnalis
793 814 1032 845 matrimonium

263 879 327 900 non
345 870 440 909 possit
455 870 623 909 impedire,
645 879 724 908 ergo
741 878 798 899 nec
812 868 948 899 affinitas
964 868 1035 897 inde

264 926 433 955 contracta.

532 1025 757 1058 CONCLUSIO.

268 1120 399 1153 Affinitas
443 1126 500 1152 quae
532 1118 659 1152 praecedz't
695 1119 893 1143 matrimonium
924 1117 1038 1151 impedit

303 1163 525 1191 contrahendum.
550 1165 573 1189 ct
595 1162 701 1188 (It'rimic
720 1163 900 1191 contractum,-
922 1169 972 1187 ηοη
993 1169 1040 1187 αυ-

305 1211 355 1235 tem
373 1208 569 1242 superveniens.

309 1299 401 1338 Resp.
430 1298 469 1328 ad
497 1306 566 1335 arg.
595 1296 765 1327 Dicendum
792 1296 877 1335 quod
905 1295 1041 1325 affinitas

269 1352 399 1391 impedit
410 1351 661 1386 matrimonium,
675 1350 756 1379 sicut
767 1349 901 1379 hahetur
910 1349 1038 1379 Extrav.

268 1404 306 1436 de
326 1404 604 1443 consanguinitate
619 1406 646 1435 ec
666 1402 845 1442 affinitale;
867 1404 897 1432 et
916 1402 977 1432 hoc
991 1402 1039 1432 in-

270 1457 480 1496 telligendum
500 1459 546 1487 est
567 1457 605 1487 de
626 1457 778 1486 affinitate
801 1464 873 1495 quae
893 1455 1042 1495 praecedit

270 1511 467 1541 matrimonii
489 1510 752 1546 contractionem,
775 1518 841 1539 non
861 1508 898 1538 de
919 1518 954 1538 ea
970 1518 1042 1547 quae

271 1564 462 1602 supervenit.
483 1563 515 1593 Si
538 1563 623 1593 enim
638 1562 805 1602 praecedat,
823 1562 953 1601 impedit
967 1570 1043 1591 con-

272 1617 474 1654 trahendum,
492 1619 522 1646 et
534 1616 655 1646 dirimit
665 1616 734 1654 jam
746 1617 955 1653 contractum,
968 1614 1044 1654 quia

273 1671 345 1702 facit
360 1679 526 1710 personam
542 1669 741 1708 illegitimam
759 1669 933 1699 secundum
951 1678 1041 1699 eum-

273 1725 345 1756 dem
367 1724 515 1760 modum,
539 1725 569 1753 et
591 1732 646 1762 per
669 1723 794 1752 easdem
818 1722 972 1760 rationes,
990 1731 1046 1761 per

274 1787 369 1817 quem
394 1777 544 1812 modum,
571 1778 601 1806 et
630 1785 684 1815 per
708 1785 786 1815 quas
814 1776 951 1805 rationes
974 1774 1046 1804 facit

275 1830 543 1869 consanguinitas.
568 1829 600 1860 Si
623 1831 729 1860 autem
755 1831 906 1868 sequatur
934 1829 1043 1858 matri-

274 1885 436 1921 monium,
451 1893 515 1914 nou
531 1886 633 1923 potest
649 1883 755 1923 ipsum
772 1882 956 1918 dissolvere,
973 1891 1046 1912 cum

275 1939 315 1968 sit
334 1938 499 1968 vinculum
522 1936 700 1967 insolubile.
724 1936 756 1967 Si
777 1938 885 1966 autem
904 1937 1048 1965 contrac-

276 1994 346 2022 tum
370 1993 416 2022 est
439 1994 469 2021 et
489 1993 764 2027 consummatum,
792 1989 886 2019 ambo
910 1991 984 2019 sunt
1009 1989 1048 2019 ad

277 2044 502 2075 continentiam
521 2043 680 2073 monendi.
706 2042 739 2073 Si
754 2051 830 2073 vero
851 2043 1048 2072 contractum

278 2100 325 2128 est
346 2099 377 2128 et
398 2097 588 2127 ratificatum
613 2104 668 2135 per
693 2095 791 2125 verba
816 2095 854 2125 de
880 2095 1045 2133 praesenti,

278 2160 350 2181 cum
366 2150 444 2181 solvi
463 2158 527 2180 non
547 2150 660 2188 possit,
678 2149 738 2178 nisi
754 2148 954 2186 ingrediatur
969 2148 1048 2177 alter

279 2205 455 2243 conjugum
465 2203 664 2242 religionem,
679 2201 759 2231 sicut
772 2201 906 2231 habetur
918 2200 1047 2230 Extrav.

279 2257 317 2288 de
346 2257 548 2288 conversione
586 2255 845 2294 conjugatorum,
875 2254 1050 2284 necessario

280 2312 403 2350 oportet
431 2310 515 2349 quod
542 2309 593 2339 ille
622 2309 675 2348 qui
704 2308 858 2338 malitiose
889 2308 1052 2346 cognoscit

281 2363 549 2401 consanguineam
565 2362 714 2401 aliquam,
731 2361 840 2391 reddat
853 2361 1007 2398 debitum,
1024 2361 1051 2390 si

282 2417 336 2447 illa
354 2425 417 2446 non
440 2416 509 2446 vult
527 2415 704 2452 continere,
729 2417 784 2445 aut
807 2415 839 2444 in
861 2414 1051 2453 religionem

283 2468 638 2508 ingrediaturOExtrav.
653 2468 691 2499 de
707 2476 739 2499 eo
754 2469 812 2507 qui
826 2468 1052 2507 coqncvz'tcon-

283 2523 491 2562 sanguineam
507 2522 622 2553 uoeoris
647 2530 724 2556 sace,
750 2531 776 2551 e.
806 2522 1052 2559 Dz'scretionem,)

285 2580 316 2608 et
337 2577 432 2613 infra,
458 2576 513 2606 ubi
536 2575 651 2605 dicitur
669 2575 754 2614 quod
775 2577 900 2604 tenetur
924 2574 1055 2605 reddere

318 2640 351 2669 (α)
369 2638 436 2662 Edit.
455 2638 512 2662 Ven.
528 2637 587 2665 add.
603 2637 643 2661 ad.
660 2649 688 2653 —
705 2635 740 2666 (b)
760 2636 896 2661 restitutus.

1087 281 1240 320 debitum,
1257 293 1330 314 cum
1345 292 1409 314 non
1423 283 1533 314 debeat
1548 284 1665 322 conjux
1680 284 1748 315 sine
1762 285 1855 325 culpa

1084 337 1156 374 jure
1170 346 1226 367 suo
1242 337 1361 376 privari
1376 348 1382 374 ;
1402 337 1467 376 ipse
1483 338 1589 367 autem
1604 345 1668 367 non
1683 337 1773 368 debet
1787 338 1854 368 exi-

1087 398 1162 425 gere
1177 413 1183 425 ,
1213 390 1287 429 quia
1316 390 1449 420 reddidit
1482 398 1514 419 se
1550 389 1723 420 inhabilem
1737 415 1744 428 ,
1776 390 1857 421 sicut

1087 442 1200 472 dicitur
1215 443 1246 472 in
1266 443 1375 473 eodem
1396 442 1498 478 titulo,
1520 451 1545 472 c.
1569 443 1778 474 Transmz‘83oe
1800 450 1858 475 ηο-

1088 495 1146 532 ὺῖε,
1163 498 1233 533 ete„
1251 497 1304 526 ubi
1324 496 1438 526 dicitur
1453 495 1536 535 quod
1553 496 1722 534 requisitus
1741 496 1776 535 (b)
1794 505 1858 528 non

1088 549 1154 579 sine
1178 550 1270 585 gravi
1296 549 1398 579 cordis
1422 549 1527 579 dolore
1552 548 1687 578 accedat.
1711 549 1761 579 Sic
1781 557 1858 588 ergo

1089 602 1333 639 concedendum,
1351 602 1434 642 quod
1449 602 1586 631 affinitas
1601 601 1780 642 praecedens
1796 611 1859 632 ma-

1089 655 1287 693 trimonium,
1305 658 1458 695 quantum
1475 656 1512 685 ad
1529 655 1668 695 primum
1683 664 1797 695 genus,
1815 655 1859 686 ita

1090 708 1220 747 impedit
1234 709 1484 745 matrimonium,
1500 712 1535 738 ut
1549 709 1822 747 consanguinitas

1132 765 1159 791 1.
1184 761 1229 791 Ad
1249 762 1325 792 illud
1342 762 1424 800 quod
1440 762 1598 800 objicitur,
1617 762 1701 801 quod
1719 771 1858 801 praecep-

1093 817 1157 844 tum
1179 817 1244 844 orat
1268 814 1381 844 ducere
1396 823 1529 844 uxorem
1551 814 1656 844 fratris
1668 837 1676 851 ,
1692 814 1860 844 dicendum

1092 868 1176 907 quod
1202 868 1261 898 hoc
1285 876 1397 898 verum
1412 869 1478 897 erat
1493 867 1525 896 in
1547 876 1637 904 casu,
1656 866 1772 897 scilicet
1787 875 1861 897 cum

1092 922 1187 951 frater
1203 922 1348 950 mortuus
1363 922 1429 950 erat
1444 920 1512 950 sine
1526 919 1646 950 semine
1663 930 1669 949 ε
1688 919 1763 960 quia
1776 919 1862 950 enim

1093 974 1248 1014 promissa
1262 976 1328 1004 erat
1350 974 1394 1003 eis
1416 974 1552 1013 perfecta
1571 972 1746 1003 benedictio
1766 973 1799 1003 in
1813 981 1864 1003 se-

1095 1028 1189 1065 mine,
1204 1027 1272 1057 idco
1285 1036 1349 1057 non
1362 1027 1492 1057 debehat
1504 1027 1567 1065 pati
1577 1026 1640 1064 lex,
1652 1026 1739 1066 quod
1750 1025 1863 1066 aliquis

1094 1083 1174 1111 esset
1193 1081 1247 1119 qui
1265 1081 1426 1111 videretur
1448 1081 1514 1110 sine
1535 1080 1671 1116 semine,
1688 1079 1714 1109 si
1735 1079 1865 1110 haberet

1097 1134 1309 1173 propinquum
1335 1134 1389 1172 qui
1414 1134 1602 1164 suscitaret:
1631 1142 1715 1163 nunc
1740 1135 1863 1170 autem,

1096 1187 1171 1225 quia
1186 1187 1245 1216 hoc
1264 1186 1423 1217 sublatum
1439 1189 1498 1223 est,
1515 1187 1560 1216 sic
1576 1185 1707 1225 impedit
1720 1185 1862 1222 omnino,

1096 1240 1177 1270 sicut
1193 1240 1464 1278 consanguinitas.

1137 1295 1166 1323 Ξ.
1180 1293 1227 1323 Aa
1242 1293 1317 1323 illud
1329 1293 1413 1332 quod
1425 1292 1583 1331 objicitur,
1598 1291 1683 1331 quod
1698 1291 1748 1322 vir
1763 1291 1868 1330 magis
1896 1281 1898 1283 ’

1093 1347 1246 1386 jungitur
1257 1346 1392 1383 mulieri,
1405 1345 1574 1376 dicendum
1585 1345 1670 1385 quod
1682 1353 1794 1376 verum
1804 1346 1866 1382 est;

1098 1400 1151 1430 sed
1167 1400 1319 1439 quoniam
1342 1399 1393 1429 ille
1413 1401 1502 1429 actus
1527 1400 1688 1433 consonat,
1705 1401 1736 1428 et
1759 1406 1870 1428 conse-

1098 1453 1207 1492 quitur
1222 1452 1460 1482 matrimonium
1470 1475 1478 1489 ,
1500 1452 1575 1481 hinc
1590 1453 1636 1481 est
1651 1451 1737 1490 quod
1753 1451 1868 1481 vincu-

1097 1506 1164 1536 lum
1194 1506 1319 1536 nullum
1343 1506 1384 1534 ibi
1411 1505 1569 1535 concurrit
1593 1505 1674 1534 inter
1699 1504 1808 1534 virum
1840 1506 1871 1534 et

1100 1559 1280 1595 mulierem,
1296 1558 1381 1598 quod
1400 1558 1603 1588 matrimonio
1626 1559 1752 1596 praestct
1770 1557 1872 1596 impe-

1099 1613 1286 1643 dimentum.
1312 1612 1476 1651 Amplius,
1503 1611 1583 1641 sicut
1604 1610 1792 1650 praedictum
1813 1612 1871 1648 est,

1100 1674 1173 1695 cum
1202 1665 1338 1694 affinitas
1369 1665 1408 1694 sit
1434 1663 1601 1694 vinculum
1629 1671 1686 1702 per
1714 1661 1871 1699 accidens,

1100 1718 1318 1758 praesupponit
1337 1717 1502 1748 vinculum
1523 1726 1579 1756 per
1597 1725 1647 1753 se,
1665 1715 1780 1746 scilicet
1799 1724 1875 1746 con—

1101 1772 1348 1810 sanguinitatem
1367 1780 1374 1801 :
1395 1773 1425 1801 et
1447 1771 1521 1810 quia
1541 1778 1635 1800 nemo
1657 1768 1717 1799 sibi
1738 1767 1798 1807 ipsi
1822 1770 1868 1798 est

1102 1825 1374 1863 consanguineus,
1396 1823 1471 1854 hinc
1490 1825 1536 1854 est
1559 1822 1643 1862 quod
1668 1821 1782 1851 mulier
1810 1829 1876 1851 non

1102 1878 1234 1909 efficitur
1249 1878 1352 1908 affinis
1368 1877 1447 1914 viro,
1465 1877 1518 1907 sed
1532 1877 1602 1915 eJus
1613 1873 1870 1913 consanguineis.

1144 1934 1172 1962 3.
1196 1931 1243 1962 Ad
1264 1930 1341 1961 illud
1360 1929 1446 1969 quod
1467 1929 1633 1968 objicitur,
1655 1927 1739 1967 quod
1763 1935 1876 1958 secun-

1103 1985 1179 2016 dum
1200 1986 1275 2024 Jura
1299 1981 1530 2021 consanguinei
1555 1981 1670 2012 debent
1697 1980 1875 2018 succedere,

1104 2038 1272 2068 dicendum
1284 2036 1368 2076 quod
1383 2044 1498 2066 verum
1509 2037 1554 2065 est
1567 2035 1600 2064 in
1614 2034 1667 2064 illa
1679 2033 1875 2071 haeredstate,

1104 2100 1201 2130 quam
1216 2092 1316 2129 potest
1336 2089 1408 2128 quis
1425 2088 1478 2118 alii
1494 2087 1730 2118 communicare
1744 2089 1775 2116 et
1789 2086 1875 2117 dare.

1105 2144 1164 2175 Sed
1189 2152 1269 2174 uxor
1292 2145 1337 2172 est
1354 2142 1430 2172 adeo
1452 2141 1572 2171 honum
1591 2139 1777 2179 proprium,
1793 2138 1878 2178 quod

1106 2206 1164 2227 nec
1182 2196 1317 2226 charitas
1338 2193 1566 2230 communicat,
1583 2200 1656 2231 quae
1680 2191 1752 2221 facit
1771 2191 1879 2221 omnia

1106 2249 1288 2280 communia
1308 2250 1361 2278 :et
1384 2247 1453 2278 ideo
1478 2246 1555 2276 illud
1575 2247 1630 2285 jus
1653 2253 1820 2284 nunquam
1846 2251 1880 2274 se

1107 2303 1247 2333 extendit
1262 2302 1301 2332 ad
1317 2310 1463 2332 uxorem.

1147 2358 1175 2385 Ji.
1200 2355 1247 2386 Ad
1269 2354 1346 2385 illud
1367 2353 1451 2394 quod
1470 2353 1620 2392 objicitur
1643 2351 1778 2388 ultimo,
1793 2349 1881 2390 quod

1109 2408 1242 2439 earnalis
1268 2407 1453 2437 commixtio
1476 2409 1522 2436 est
1542 2405 1581 2435 ad
1605 2407 1748 2444 tempus,
1771 2403 1879 2434 dicen-

1109 2463 1186 2492 dum
1207 2461 1289 2500 quod
1301 2484 1308 2498 ,
1334 2459 1481 2500 quamvis
1503 2459 1542 2489 sit
1561 2458 1600 2488 ad
1616 2461 1757 2497 tempus,
1774 2459 1882 2487 tamen

1110 2516 1205 2546 habet
1232 2514 1379 2544 effectum
1401 2514 1606 2552 perpetuum,
1631 2511 1749 2542 scilicet
1776 2508 1880 2540 affini-

1110 2571 1224 2600 tatem:
1236 2570 1272 2598 ut
1284 2567 1371 2607 prius
1385 2566 1490 2596 visum
1502 2567 1559 2600 est,
1574 2567 1603 2595 et
1612 2573 1669 2603 per
1683 2563 1770 2594 illam
1785 2562 1882 2602 impe-

1111 2623 1157 2653 dit
1178 2633 1184 2652 2
1203 2624 1231 2651 et
1249 2621 1293 2651 sic
1308 2621 1391 2660 patet
1405 2620 1520 2649 totum.
