1991 3006
151 2130 236 2156 Exposi-

137 2161 166 2181 tio
182 2162 244 2180 ra¹i0-

252 234 310 262 ³56

250 307 324 328 cum
338 297 400 327 Deo
414 308 420 328 :
438 305 516 335 ergo
533 296 599 335 pari
614 296 735 326 ratione
749 298 879 335 possunt
894 293 1019 333 parvuli

250 360 306 390 per
321 350 397 381 alios
412 350 451 380 ad
466 349 706 380 matrimonium
724 348 871 387 obligari.

290 404 367 434 Item
395 403 449 433 ubi
473 403 576 433 deficit
597 403 674 433 fisles
698 401 839 442 propria,
867 399 1022 430 succurrit

250 457 327 487 tides
337 459 504 496 parentum
514 467 519 486 :
531 465 610 495 ergo
623 456 689 495 pari
704 455 835 491 ratione,
851 453 905 483 ubi
918 453 1021 483 ‹leticit

249 510 394 541 discretio
411 508 636 549 parvulorum,
659 508 783 548 supplet
804 507 949 537 discretio
964 516 1020 546 pa-

250 565 375 593 rentum
390 574 396 592 z
414 565 443 592 et
459 563 513 600 sic,
531 565 589 592 etc.
641 552 643 555 ¹

291 616 368 646 Item
389 625 515 655 quaero,
539 624 638 655 quare
659 617 783 654 tempus
804 613 959 652 septennii
974 615 1020 643 est

250 669 496 700 determinatum
513 669 551 698 atl
567 668 725 707 sponsalia
740 666 972 702 contrahemla;
991 668 1021 696 et

250 722 376 753 videtur
391 723 476 762 quod
491 732 554 752 non
571 722 609 751 sit
621 721 829 751 conveniens:
846 720 920 759 quia
935 720 1019 759 quod

250 778 322 807 ante
333 785 396 806 non
406 774 688 815 possintcoutrahi,
698 775 754 803 aut
764 773 825 803 hoc
834 775 880 803 est
893 775 1021 812 propter

249 830 403 861 desectum
419 828 626 865 discretionis,
643 829 697 857 aut
712 826 896 856 locutionis:
914 825 940 854 si
955 826 1020 856 dis-

250 883 407 920 cretionis,
425 882 477 912 sed
493 882 589 911 etiam
604 883 680 911 tuno
697 879 841 909 discretio
856 879 977 913 ‹lesscit;
995 879 1019 909 si

250 935 436 973 locutionis,
464 934 517 964 sed
539 936 612 964 ante
634 933 736 963 sciunt
759 931 883 971 parvuli
907 932 993 972 loqui
1013 943 1018 962 ;

251 998 345 1028 ergo,
365 991 422 1019 etc.

525 1067 748 1100 CONCLUSIO.

250 1152 396 1187 Sponsalia
415 1158 466 1177 non
483 1152 590 1184 possunt
611 1149 733 1175 contrahi
756 1150 817 1174 ante
838 1149 1002 1181 septennium
1014 1167 1020 1177 .

286 1197 352 1230 quia
369 1199 431 1222 ante
445 1194 499 1221 tale
515 1197 615 1228 tempus
629 1201 681 1219 non
695 1192 772 1218 modo
794 1192 954 1224 consentire,
978 1191 1024 1217 secl

287 1247 368 1275 neque
381 1239 601 1273 complacentium
609 1239 723 1271 possunt
737 1236 830 1262 habere
842 1237 930 1270 pueri,
942 1243 1022 1269 quam

287 1285 441 1319 eoeprimant
454 1285 528 1317 si‘qno
543 1283 584 1309 vel
598 1282 683 1308 verbo.

293 1364 382 1404 Resp.
406 1363 445 1394 ad
467 1372 538 1402 arg.
570 1361 743 1392 Dicendum
773 1360 857 1399 quod
893 1368 1021 1398 sponsa-

252 1418 293 1448 lia
307 1417 345 1447 de
364 1417 439 1456 jure
462 1425 526 1446 non
550 1416 681 1454 possunt
699 1413 843 1443 contrahi
857 1415 929 1442 aute
953 1422 1023 1452 sep-

252 1470 412 1507 tennium;
430 1471 460 1499 et
475 1469 500 1498 si
523 1467 750 1498 contrahantur
771 1466 808 1496 de
828 1466 924 1503 facto,
945 1465 1023 1495 nihil

253 1524 288 1554 fit
307 1534 313 1553 :
342 1523 536 1563 permittitur
561 1525 668 1551 tamen
692 1520 796 1559 ipsum
817 1519 896 1549 nihil
918 1518 952 1548 in
975 1528 1022 1555 re,

253 1576 335 1616 quod
352 1579 398 1606 cst
412 1575 529 1614 aliquid
544 1575 577 1604 in
596 1583 666 1613 spe,
687 1575 814 1612 propter
831 1572 950 1601 honum
969 1581 1024 1611 pa-

253 1630 307 1660 cis.
326 1630 413 1660 Ratio
431 1628 579 1668 temporis
600 1628 668 1657 haec
688 1629 748 1663 est,
767 1626 841 1665 quia
863 1626 942 1655 sicut
961 1634 1024 1654 non

255 1686 384 1722 possunt
395 1682 491 1721 aliqui
507 1679 747 1710 matrimonium
763 1678 950 1708 contrahere
965 1677 1024 1707 nisi

254 1735 380 1774 proprio
404 1743 576 1769 consensu,
603 1734 633 1762 et
657 1731 783 1771 proptio
802 1730 895 1769 signo
918 1730 1024 1769 expri-

254 1791 359 1818 mente
380 1795 583 1822 consensum;
609 1785 652 1815 sic
673 1794 735 1814 non
751 1786 882 1823 possunt
902 1784 940 1814 ail
958 1793 1024 1813 ma·-

254 1842 441 1872 tiimonium
457 1840 595 1879 obligati
613 1840 673 1869 nisi
691 1839 824 1878 placeat,
842 1841 872 1868 et
887 1838 1024 1877 compla-

255 1896 389 1926 centiam
407 1894 503 1925 verbo
518 1893 566 1923 vel
583 1893 677 1931 signo
697 1891 886 1930 exprimant,
901 1891 975 1930 quia
992 1894 1027 1921 ut

255 1950 438 1988 frequenter
454 1947 494 1976 ab
513 1946 566 1976 illo
585 1947 727 1984 tempore
742 1945 895 1984 incipiunt
910 1945 1025 1974 intelli-

255 2011 332 2041 gere
356 2009 429 2040 quae
451 1999 571 2034 dicunt,
598 2001 627 2028 et
650 1997 735 2036 loqui
757 1997 930 2027 secundum
952 2007 1026 2036 pro-

255 2055 362 2094 prium
390 2054 537 2083 affectum
563 2062 570 2081 t
601 2051 670 2081 ideo
705 2060 743 2080 ex
772 2053 846 2080 tunc
872 2050 1029 2089 incipiunt

258 2107 374 2138 valere.
392 2106 437 2136 Ex
458 2105 507 2135 his
528 2106 635 2143 patent
649 2103 783 2142 objecta,
804 2103 881 2142 quia
900 2112 964 2133 non
983 2106 1027 2134 est

259 2161 361 2190 simile
381 2159 419 2189 de
437 2157 630 2196 obligatione
646 2156 860 2192 matrimonii,
878 2159 909 2186 et
923 2166 1025 2187 sacra-

259 2213 356 2244 menti
374 2213 412 2251 (α)
441 2210 601 2250 baptismi,
623 2209 698 2248 quia
718 2209 770 2238 illa
790 2211 835 2238 est
855 2210 1028 2239 necessaria

258 2267 297 2297 ad
310 2266 458 2301 salutem3
474 2264 544 2293 ideo
560 2263 670 2292 merito
692 2271 748 2301 per
763 2261 861 2291 alium
877 2262 1028 2292 subveni-

258 2322 309 2349 tur
322 2321 455 2357 aegroto.
474 2316 560 2346 Patet
570 2316 664 2345 etiam
680 2316 760 2344 ratio
775 2316 936 2354 temporis,
955 2316 1029 2355 quia

258 2371 405 2411 quamvis
428 2379 490 2400 uon
514 2369 554 2398 sit
578 2369 671 2408 plena
690 2368 835 2397 discretio
854 2368 893 2398 ad
913 2368 1027 2399 discer-

259 2424 400 2455 nendum
427 2423 546 2452 honum
572 2432 590 2450 a
615 2421 696 2450 malo
716 2421 748 2450 in
770 2421 830 2457 eis,
857 2423 965 2452 tamen
983 2425 1029 2452 cst

258 2476 403 2508 discretio
423 2476 461 2505 ad
485 2475 726 2513 intelligendum
750 2474 834 2513 quod
855 2474 981 2512 dicitur,
999 2478 1029 2505 et

257 2528 510 2569 respondendum
528 2528 611 2567 quod
626 2528 731 2557 libeat.

289 2617 294 2628 ⁸
312 2614 351 2644 Cf.
372 2614 397 2637 S.
414 2613 539 2643 Thomas,
557 2612 582 2635 in
598 2612 676 2642 Suppl
702 2620 727 2642 p.
747 2612 788 2641 tlt,
804 2619 828 2642 q.
846 2618 919 2642 xum,
936 2615 982 2636 art.
998 2616 1026 2643 335

287 2663 320 2691 (a)
342 2664 401 2686 Coet.
422 2661 481 2685 edit.
496 2662 697 2685 sacramento.—
708 2661 742 2690 (b)
758 2661 1027 2691 aliqua111.—ic)Caet.

254 2699 313 2722 edit.
337 2698 394 2721 udd.
417 2697 484 2728 quia.

803 226 1021 258 SENTENTIA
1030 225 1110 257 RUM
1134 226 1208 257 LlB.
1236 225 1283 255 lV.

1122 296 1146 322 l.
1165 292 1211 322 Ad
1231 291 1307 322 illud
1326 300 1406 331 ergo
1426 291 1510 331 quod
1525 292 1674 331 objicitur
1689 293 1728 324 de
1743 303 1847 325 sacra-

1078 347 1184 376 mento
1199 344 1361 384 baptismi,
1387 346 1471 383 patet
1492 345 1669 384 responsio,
1685 346 1769 386 quod
1783 356 1848 378 non

1077 400 1123 428 est
1146 397 1262 434 simile,
1290 397 1371 427 sicut
1395 406 1477 436 saepe
1496 397 1615 428 dictum
1636 401 1700 437 est,
1722 401 1849 439 propter

1078 451 1136 480 hoc
1153 450 1238 490 quod
1253 452 1298 480 cst
1315 452 1423 480 contra
1442 450 1608 489 originale,
1625 451 1708 490 quod
1724 460 1789 482 non
1803 454 1850 483 est

1078 513 1134 543 per
1150 503 1344 533 voluntati-m
1361 505 1586 542 perpetratum.
1604 504 1640 534 lit
1652 504 1797 544 ulterius,
1814 505 1850 536 in

1078 557 1234 596 baptismo
1243 566 1305 586 non
1313 556 1476 594 obligatur
1485 556 1701 596 parvulusnisi
1709 557 1801 595 adea,
1810 557 1849 589 ad

1080 620 1152 649 qum
1170 613 1295 640 tenetur
1309 610 1346 640 de
1366 611 1435 649 jure
1457 610 1612 640 naturali:
1629 610 1713 641 unde
1727 620 1791 640 non
1805 613 1851 642 est

1082 664 1122 693 ibi
1139 666 1250 694 votum
1267 664 1327 693 nisi
1346 664 1435 693 valde
1448 664 1548 702 large.
1564 663 1598 694 El
1618 664 1643 693 si
1659 669 1693 694 tu
1707 664 1850 703 objicias,

1077 717 1163 757 quod
1181 717 1333 756 parvulus
1348 719 1448 756 potest
1459 717 1592 755 obligari
1608 717 1662 747 ubi
1675 722 1720 748 est
1730 717 1851 748 honum

1077 780 1183 808 suum,
1201 770 1370 801 (licendum
1392 771 1474 809 quod
1491 780 1604 800 verum
1621 774 1667 801 est
1683 771 1715 801 in
1730 779 1852 810 posses-

1077 824 1235 862 sionibus3
1253 824 1305 853 sed
1328 824 1359 853 iu
1377 824 1592 861 matrimonio,
1615 824 1668 854 ubi
1691 824 1849 855 estservi-

1077 880 1129 908 tus
1149 877 1306 916 corporis,
1331 879 1361 906 et
1387 875 1478 906 debet
1501 885 1569 906 esse
1595 878 1725 906 mutuus
1748 885 1849 914 amor,

1077 930 1215 960 decrevit
1233 929 1328 967 Deus,
1354 931 1389 959 nt
1409 928 1517 959 nullus
1538 929 1636 968 possit
1653 938 1711 960 nec
1729 929 1850 967 debeat,

1079 985 1138 1015 nisi
1152 984 1280 1024 propria
1292 984 1468 1020 voluntate,
1480 983 1626 1022 obligari.
1641 982 1696 1014 Est
1708 984 1795 1014 enim
1808 984 1852 1014 ibi

1078 1038 1236 1078 quoddam
1265 1037 1426 1074 mirabile,
1454 1037 1529 1076 quia
1552 1036 1648 1068 homo
1674 1037 1796 1068 invenit
1820 1038 1852 1068 in

1079 1094 1211 1124 muliere
1222 1093 1328 1132 aliqua
1338 1092 1373 1131 (b)
1384 1092 1655 1131 complacentiam,
1667 1102 1765 1133 quam
1772 1102 1853 1124 nun-

1078 1156 1174 1186 quam
1192 1148 1296 1186 possct
1315 1146 1348 1175 in
1363 1145 1424 1175 alia
1444 1145 1603 1183 invenire,
1620 1149 1654 1176 ut
1674 1146 1781 1177 dicunt
1794 1147 1852 1178 ati-

1078 1200 1132 1239 qui
1148 1199 1281 1239 experti.

1338 1304 1518 1342 QUAESTtO
1542 1305 1593 1335 ΙΙΙ.

1110 1392 1155 1418 An
1169 1391 1309 1425 sponsalia
1323 1393 1460 1417 contracta
1472 1393 1533 1425 post
1546 1392 1711 1425 septennium
1721 1392 1826 1426 possint

1213 1435 1325 1462 dissolvi
1338 1442 1387 1469 per
1400 1438 1519 1461 mutuum
1532 1443 1688 1462 consensum
1705 1435 1722 1462 ¹.

1120 1518 1231 1549 Utrum
1257 1519 1414 1558 sponsalia
1445 1522 1604 1549 contracta
1633 1521 1700 1559 post
1725 1522 1849 1559 septen-

1080 1572 1168 1601 nium
1192 1572 1312 1610 possint
1328 1572 1453 1602 dissolvi
1479 1582 1533 1611 per
1553 1575 1701 1603 mutuum
1719 1581 1849 1604 consen-

1080 1634 1168 1661 sum3
1197 1627 1226 1654 et
1248 1625 1332 1664 quod
1355 1634 1435 1662 non,
1452 1625 1594 1655 videtur:
1623 1626 1698 1665 quia
1718 1626 1798 1656 sicut
1819 1635 1852 1656 se

1080 1677 1175 1707 habet
1194 1680 1269 1707 actas
1287 1678 1445 1717 puberum
1461 1678 1500 1708 ad
1515 1678 1766 1709 contrahendum
1782 1688 1852 1710 ma-

1080 1731 1282 1768 trimonium,
1300 1731 1343 1761 ila
1359 1734 1436 1761 aetas
1451 1732 1654 1771 impuberum
1677 1732 1715 1762 ad
1728 1735 1851 1763 contra-

1081 1783 1185 1814 hemia
1212 1784 1368 1823 sponsalia
1392 1794 1399 1814 ε
1430 1784 1484 1815 sed
1509 1784 1544 1823 (b)
1571 1785 1706 1823 puberes
1733 1788 1853 1816 contra-

1081 1837 1192 1867 hentes
1212 1838 1453 1868 matrimonium
1475 1847 1538 1868 non
1559 1841 1689 1877 possunt
1709 1837 1850 1869 solvere:

1082 1900 1177 1929 ergo,
1195 1893 1254 1920 etc.

1123 1943 1212 1980 Item,
1221 1943 1302 1973 sicut
1313 1942 1604 1973 Dominusinstituit
1613 1943 1853 1974 matrimonium

1083 2008 1146 2029 non
1163 1999 1256 2036 solvi,
1269 1999 1312 2028 ita
1327 1998 1468 2038 praecipit
1482 2007 1546 2028 non
1562 1999 1737 2038 perjurare,
1748 2002 1779 2030 et
1792 2000 1854 2031 fide

1083 2061 1148 2082 non
1161 2052 1285 2082 mentiri
1304 2061 1311 2081 ε
1328 2061 1408 2090 ergo
1421 2052 1446 2081 si
1461 2054 1620 2082 contracta
1635 2055 1709 2083 sunt
1724 2061 1852 2092 sponsa-

1083 2105 1124 2134 lia
1147 2114 1202 2143 per
1219 2106 1439 2143 jurameutum
1464 2105 1702 2144 interpositum,
1729 2105 1854 2136 videtur

1083 2157 1165 2197 quod
1181 2157 1357 2187 necessario
1369 2160 1536 2187 teneantur
1550 2166 1786 2189 consummare.

1125 2211 1213 2247 item,
1230 2211 1268 2242 de
1286 2210 1492 2249 sponsalibus
1513 2214 1540 2242 ec
1555 2212 1785 2249 Matrimonz‘is,
1805 2212 1852 2243 di-

1083 2265 1166 2294 citur
1181 2265 1213 2294 in
1230 2264 1378 2294 Decretali
1394 2265 1542 2300 secunda,
1562 2265 1648 2304 quod
1672 2265 1730 2295 hoc
1752 2267 1855 2305 potest

1084 2317 1211 2347 tolerari
1226 2328 1232 2348 z
1250 2317 1275 2347 si
1290 2326 1368 2356 ergo
1382 2317 1546 2356 permissio
1560 2326 1623 2348 non
1637 2320 1683 2349 est
1698 2318 1782 2356 honi,
1800 2318 1854 2349 sed

1084 2370 1173 2406 mali,
1193 2371 1320 2400 videtur
1335 2370 1419 2409 quod
1434 2370 1474 2400 sit
1488 2370 1619 2400 malum.
1786 2409 1791 2413 ”

1126 2423 1221 2460 item,
1240 2423 1271 2452 iu
1293 2423 1362 2453 eod.
1389 2423 1449 2460 tit,
1474 2423 1591 2453 Decret.
1615 2423 1821 2455 Commissum
1844 2435 1856 2455 .-

1088 2476 1195 2512 «Quia
1213 2476 1335 2515 juravit
1357 2476 1494 2515 aliquam
1519 2475 1633 2506 ducere
1649 2476 1681 2506 in
1704 2485 1852 2514 uxorem,

1084 2532 1211 2568 propter
1222 2530 1456 2568 jurameutum,
1474 2528 1500 2558 si
1514 2528 1583 2558 vult
1598 2529 1715 2560 intrare
1728 2529 1854 2569 religio-

1084 2626 1211 2653 Richard„
1234 2627 1263 2649 lv
1286 2626 1364 2654 Sent.,
1380 2625 1436 2649 dist.
1453 2631 1548 2654 xxxvi,
1563 2628 1610 2650 art.
1627 2628 1650 2656 6,
1666 2634 1691 2657 q.
1708 2634 1743 2657 1¹3
1765 2627 1852 2658 steph.

1086 2661 1190 2691 ssruiei„
1203 2662 1230 2685 lv
1245 2661 1323 2690 Seni„
1336 2661 1392 2684 dist.
1404 2666 1491 2689 xxxvi,
1507 2668 1531 2691 q.
1546 2667 1583 2691 v1;
1600 2662 1689 2686 Petrus
1701 2662 1731 2686 de
1741 2663 1854 2693 'rm-ant„

1085 2697 1117 2721 lV
1131 2697 1210 2728 Seni„
1226 2697 1283 2721 dist.
1299 2701 1391 2726 xxxvi,
1406 2702 1431 2726 q.
1446 2701 1482 2719 vi.

1868 1532 1901 1553 Ad
1920 1537 1963 1559 opp
1971 1547 1976 1552 .
