1991 3006
11 456 114 478 Fundam.

19 1993 98 2019 Explir.

607 218 703 249 DIST.
727 217 830 249 XLVI.
856 217 944 248 ART.
970 218 1006 248 ll.
1032 218 1181 255 QUAEST.
1205 220 1254 251 lv.

132 285 236 324 gratia
256 288 357 316 estex
379 286 513 323 meritis,
534 286 599 324 jam
622 294 685 315 non
709 287 752 315 cst
774 284 897 322 gratia:

131 348 210 378 ergo
225 342 277 370 aut
295 349 358 370 non
372 342 417 370 est
433 339 476 369 ihi
488 339 611 379 Justitia
623 362 631 376 ,
649 341 701 368 aut
718 347 779 367 non
797 340 841 367 est
856 337 899 367 ihi

132 393 235 432 gratia
252 404 258 422 z
278 393 330 423 sed
345 395 391 423 est
407 393 511 431 gratia
527 403 532 422 z
552 402 616 422 nou
631 401 710 430 ergo
722 391 857 431 jiistitia.

170 446 283 476 Contra
311 457 317 476 ε
350 446 507 477 Universoe
534 446 593 477 υἷας
618 445 747 476 Domini
775 445 898 475 misere·-

129 498 242 529 cordz'a
257 502 285 530 ei
300 499 419 530 veritas
435 509 446 529 .·
461 507 538 537 crgo
553 498 578 527 si
591 497 774 536 justificatio
790 499 834 526 est
851 497 901 526 via

128 550 264 589 Domini7
283 560 360 590 ergo
373 554 419 581 est
434 551 476 580 ibi
493 550 708 580 misericordia
723 552 753 579 et
765 549 898 588 justitia.

171 603 245 634 item
270 604 303 634 in
326 604 448 634 Psalmo
476 604 483 620 ¹
511 613 516 633 :
544 603 652 634 Jzestzzs
682 603 835 634 Dominus
865 604 900 634 iri

129 656 272 688 omnibus
300 657 363 687 viis
385 657 476 693 suis,
505 659 534 687 et
558 658 699 686 sanctus.
732 655 767 685 Et
795 655 869 685 alibi
892 665 898 685 τ

128 709 352 740 Miserationes
373 709 441 747 ejvs
460 717 555 748 super
579 709 685 740 omnia
709 716 803 747 opera
818 707 897 746 effus.

128 761 213 800 Ergo
233 761 266 791 in
287 762 374 791 omni
389 771 483 801 opere
507 763 701 791 concurrunt
722 760 898 790 misericorz

128 814 179 844 dia
193 838 200 850 ‚
216 816 245 844 et
257 814 394 853 justitia.

170 866 245 897 item
270 868 490 906 Augustinus²
508 878 514 897 :
536 878 550 895 «
570 866 629 903 Qui
648 866 765 896 creavit
783 868 813 896 te
833 867 901 896 sinc

128 922 173 958 te,
196 929 261 951 non
279 921 463 959 justificabit
483 923 513 951 te
539 921 604 951 sine
627 923 666 950 te.
690 932 703 947 η
732 919 816 957 Ergo
838 929 900 949 non

129 973 258 1004 omnino
273 974 512 1012 estjustisicatio
527 983 545 1003 a
561 973 634 1010 Deo,
651 973 675 1002 si
692 973 808 1011 aliquid
826 982 899 1003 con-

129 1026 228 1055 cernit
241 1035 259 1056 a
275 1028 361 1065 parte
381 1028 485 1056 nostra
501 1037 507 1055 z
533 1026 585 1056 scd
608 1026 821 1055 misericordia
838 1035 898 1056 non

129 1078 289 1108 concernit
306 1078 365 1108 nisi
379 1078 540 1108 miseriam
555 1089 560 1108 z
573 1087 651 1116 ergo
665 1078 748 1116 quod
765 1078 901 1117 amplius

129 1131 170 1161 ibi
186 1131 364 1168 concernit,
382 1131 442 1161 hoc
457 1134 503 1161 est
513 1131 657 1170 Justitiffl.

170 1183 248 1214 Item
272 1184 394 1214 ratione
421 1183 564 1220 videtur,
591 1184 665 1223 quia
687 1183 901 1213 misericordia

129 1237 270 1268 consistit
285 1237 317 1266 in
332 1237 518 1267 remissione
534 1237 634 1276 culpae
651 1239 679 1266 et
697 1245 800 1276 poenae
823 1247 829 1266 ε
847 1236 900 1266 sed

128 1289 206 1320 nulli
229 1290 359 1320 omniuo
388 1289 519 1319 remittit
549 1289 673 1328 culpam
697 1291 728 1319 et
753 1298 900 1328 pcenam,

129 1342 210 1382 quod
228 1345 322 1382 patet,
338 1343 413 1382 quia
427 1342 493 1372 siue
506 1342 745 1382 poenalitatibus
756 1351 817 1371 nou
835 1350 901 1380 pos-

128 1405 240 1427 sumus
255 1397 364 1427 vivere
381 1407 387 1426 :
407 1405 504 1435 ergo,
522 1398 581 1426 etc.

401 1513 625 1546 CONCLUSIO.

127 1603 157 1629 In
172 1610 248 1637 opere
260 1602 468 1636 justificationis
487 1604 521 1628 est
536 1602 721 1628 misericordia
735 1604 760 1628 et
775 1601 903 1635 justitia,-

162 1650 187 1673 εἰ
206 1647 266 1674 licet
281 1647 431 1681 baptismus
454 1647 544 1673 liberet
562 1654 577 1672 a
593 1647 672 1680 culpa
689 1648 711 1672 et
724 1653 804 1680 poena
823 1648 900 1671 (Βίεν-

162 1698 216 1721 ηα,
241 1693 320 1724 atque
343 1698 359 1716 a
381 1698 459 1724 poena
485 1692 510 1715 ct
533 1691 735 1722 satisfactione,
764 1692 902 1715 remanent

164 1736 250 1761 tamen
264 1735 449 1768 poenamates.

169 1820 257 1859 Hesp.
284 1819 322 1850 ad
351 1828 421 1857 arg.
448 1818 618 1849 Dicendum
642 1818 727 1857 quod
751 1818 782 1847 iu
809 1827 902 1857 opere

122 1873 356 1914 Justifieationis
383 1875 429 1902 est
456 1871 673 1902 misericordia
705 1874 735 1901 et,
764 1871 899 1908 veritas;

126 1928 307 1957 nontamen
321 1925 497 1955 secundum
512 1924 607 1954 idem.
623 1923 660 1953 Et
672 1924 731 1954 hoc
745 1926 826 1962 patet
843 1923 898 1961 sic7

125 1979 201 2019 quia
224 1979 340 2018 impius
363 1987 403 2008 ex
427 1980 552 2017 peccato
576 1977 705 2007 offendit
730 1976 845 2014 Deum,
872 1980 913 2007 etr

125 2032 243 2071 dignus
264 2034 309 2062 est
330 2040 422 2070 poena
444 2033 563 2061 aeterna
583 2039 589 2059 :
617 2032 647 2060 et
671 2029 713 2059 ita
732 2029 773 2059 ibi
794 2032 841 2059 est
854 2031 899 2060 οῖ’-

124 2086 226 2123 sensa,
247 2088 277 2116 et
292 2087 398 2115 reatus
417 2084 455 2114 ad
477 2092 614 2123 poeuam.
633 2082 669 2113 Et
686 2082 901 2113 misericordia

125 2141 171 2169 est
195 2138 227 2168 in
255 2137 443 2168 remittendo
470 2136 623 2166 offensam
651 2137 682 2165 et
709 2137 833 2165 reatum
861 2135 899 2165 ad

124 2200 250 2231 poenam
275 2193 429 2221 aeternam
451 2200 457 2220 ;
483 2189 536 2219 scd
555 2188 681 2227 justitia
697 2190 743 2217 est
764 2188 796 2217 in
817 2188 900 2217 obli-

126 2244 232 2282 gando
248 2243 285 2273 ad
302 2243 507 2282 temporalem
524 2250 651 2280 poenam
666 2243 791 2270 tantum
806 2252 812 2277 3
830 2243 861 2271 et
875 2241 900 2270 si

125 2297 302 2337 baptismus
316 2296 427 2326 liberet
443 2305 461 2325 a
474 2304 567 2335 poena
583 2296 702 2325 aeterna
717 2296 747 2324 et
760 2295 897 2324 satisfac-

127 2351 219 2387 toria,
234 2359 297 2380 non
312 2352 418 2380 tamen
433 2349 472 2379 ab
487 2348 573 2378 omni
589 2356 693 2387 poena,
710 2347 774 2377 imo
791 2356 900 2387 ptena-

127 2402 228 2433 litates
246 2404 410 2433 remanent
424 2402 455 2431 in
471 2409 601 2440 corpore
617 2402 647 2430 et
660 2400 778 2430 anima.

168 2459 197 2486 1.
214 2455 261 2486 Ad
275 2455 351 2486 illud
366 2454 451 2494 quod
465 2454 629 2493 objicitur,
647 2454 731 2493 quod
748 2454 780 2483 in
797 2454 900 2493 primo

128 2508 265 2539 adventu
284 2509 331 2537 est
350 2506 578 2537 misericordia.
602 2506 768 2536 dicendum
784 2530 790 2543 ,
815 2506 899 2545 quod

163 2608 167 2620 ¹
186 2605 254 2630 Psul.
273 2611 362 2634 θεων,
388 2606 422 2635 Π,
443 2605 466 2627 9.
488 2617 516 2621 -
538 2605 546 2618 ³
572 2605 646 2635 Aug,
667 2604 696 2627 (le
718 2604 783 2627 υενΙ).
806 2605 900 2635 Λμοςῖ,

131 2648 207 2666 serm.
224 2646 266 2670 κν,
282 2640 312 2664 al.
332 2646 418 2667 ceux,
431 2647 452 2663 c.
470 2645 504 2668 xl,
517 2640 632 2663 ι].13.-
647 2640 655 2653 ³
666 2640 705 2669 Cf.
721 2640 790 2663 Alex.
805 2640 900 2667 Ateus,

130 2683 155 2707 p.
173 2677 191 2706 1,
211 2683 225 2707 q
255 2681 348 2704 xxxix,
361 2674 468 2698 membr.
482 2676 505 2704 3,
524 2677 570 2697 art.
586 2674 635 2704 4,§
652 2677 675 2704 l,-
691 2675 778 2705 Steph.
793 2674 899 2704 Brulet.⁷

1669 224 1727 253 535

958 285 1016 315 hoc
1028 294 1089 315 non
1100 287 1147 315 est
1157 285 1276 316 dictum
1290 287 1430 326 praecise,
1443 287 1495 317 sed
1510 287 1725 327 appropriate:

957 337 1031 376 quia
1046 338 1102 367 etsi
1117 339 1285 378 utrobique
1301 340 1341 369 sit
1362 339 1575 370 misericordia
1590 341 1620 370 et.
1631 340 1725 379 justi·

958 388 1015 424 tia,
1034 388 1084 418 liic
1105 391 1211 418 tamen
1235 390 1336 428 magis
1356 390 1473 420 relucet
1497 390 1724 427 misericordia,

958 440 999 469 ibi
1016 441 1121 479 magis
1133 441 1266 480 justitia.

998 495 1026 523 2.
1054 494 1098 523 Ad
1119 494 1193 524 illud
1211 495 1295 533 quod
1311 496 1475 534 obiicitur,
1493 496 1576 536 quod
1593 497 1727 536 petimus

958 547 1039 585 quod
1058 556 1119 577 nou
1131 547 1285 577 retribuat
1299 549 1472 579 secundum
1486 550 1612 586 merita3
1626 549 1728 580 dicen-

958 601 1051 639 dum,
1066 601 1148 640 quod
1165 601 1225 631 hoc
1241 601 1430 641 intelligitur
1446 603 1725 643 secundumjusti-

958 653 1009 683 tiae
1025 654 1183 692 rigorem:
1202 654 1250 684 vel
1266 655 1452 692 dicendum,
1469 656 1552 695 quod
1568 665 1630 686 nou
1648 656 1725 695 peti-

959 715 1047 736 mus.
1074 707 1156 745 quod
1182 707 1269 737 nullo
1300 708 1391 738 modo
1417 709 1590 739 secuudum
1618 709 1728 739 merita

958 760 1127 796 retribuat,
1145 760 1220 799 quia
1236 760 1387 790 debemus
1402 761 1482 791 velle
1498 761 1613 800 puniri.

998 815 1025 843 3.
1059 813 1106 843 Ad
1130 813 1206 843 illud
1236 813 1318 853 quod
1345 814 1506 853 objicitur,
1536 814 1619 853 quod
1649 813 1728 844 Deus

959 867 1059 905 gratis
1076 866 1244 904 justificat,
1263 867 1448 905 dicendum,
1466 868 1551 907 quod
1573 869 1728 906 quantum

957 919 995 950 ad
1020 919 1131 958 graiiae
1155 919 1369 955 collationem,
1387 923 1431 951 est
1456 922 1579 950 tantum
1603 920 1728 950 miseri-

957 972 1077 1009 cordia,r
1104 981 1167 1002 non
1194 974 1335 1012 justitia,
1368 974 1429 1004 nisi
1459 975 1581 1004 dicatur
1608 974 1730 1013 justitia

958 1024 1159 1055 condecentia
1193 1025 1360 1063 bonititis3
1392 1029 1548 1066 quantum
1582 1036 1657 1058 vero
1691 1027 1727 1057 ad

958 1086 1059 1116 poenae
1087 1078 1285 1108 exactionem
1309 1079 1400 1116 dico,
1427 1080 1510 1119 quod
1535 1082 1581 1109 est.
1604 1080 1729 1119 proprie

954 1129 1088 1168 justitia.

998 1185 1026 1212 4.
1050 1183 1096 1214 Ad
1112 1183 1189 1214 illus]
1207 1184 1290 1223 quod
1313 1186 1460 1224 objicitur
1475 1186 1511 1216 ad
1528 1186 1706 1225 oppositum
1717 1210 1724 1224 ,

958 1235 1142 1274 dicendum,
1159 1238 1243 1276 quod
1259 1240 1314 1268 aut
1330 1238 1518 1278 intelligitur
1533 1240 1569 1270 de
1587 1240 1727 1278 Justitia‚

958 1290 993 1318 ut
1011 1291 1057 1318 est
1071 1290 1271 1320 condecentia
1292 1291 1439 1322 bonitatis
1455 1304 1461 1322 ;
1480 1294 1535 1322 aut
1554 1292 1578 1322 si
1603 1293 1729 1332 proprie

958 1341 1148 1380 intelligitur
1176 1343 1213 1373 de
1236 1344 1377 1382 justitia,
1407 1345 1527 1376 ratione
1555 1345 1729 1384 punitionis

958 1395 1025 1433 conj
1034 1398 1136 1426 unclae
1147 1397 1377 1435 justificationi.

1217 1528 1397 1566 QUAESTIO
1422 1530 1470 1561 lV.

958 1626 1000 1652 An
1026 1625 1092 1652 Deus
1111 1627 1196 1660 possit
1216 1627 1330 1661 aliquem
1350 1628 1447 1661 punire
1467 1635 1531 1662 pure
1551 1636 1583 1654 σω
1601 1629 1727 1663 justitia,

1053 1670 1095 1696 rel
1109 1677 1174 1704 pure
1187 1677 1353 1698 remunerare
1368 1679 1400 1698 ecc
1414 1672 1597 1698 misericordia
1613 1672 1632 1698 ³.

999 1766 1111 1797 Utrum
1136 1767 1233 1806 possit
1256 1767 1337 1797 Deus
1357 1767 1496 1807 aliquem
1519 1769 1632 1808 punire
1653 1778 1731 1808 pure
1747 1779 1782 1800 Aa
1798 1785 1848 1804 opp.

958 1829 995 1849 ex
1010 1820 1133 1859 Justitia
1145 1843 1152 1857 ,
1171 1820 1221 1850 vel
1236 1829 1315 1859 pure
1333 1830 1539 1851 remunerare
1553 1831 1592 1851 ex
1607 1822 1731 1852 miseri-

958 1873 1078 1910 cordia,
1107 1873 1150 1903 ita
1174 1873 1258 1912 quod
1286 1874 1344 1903 ista
1375 1874 1438 1904 duo
1464 1877 1669 1913 separentur;
1701 1877 1731 1905 et

958 1926 1041 1964 quod
1070 1926 1125 1963 sic,
1154 1926 1303 1956 videtur.
1333 1927 1408 1966 quia
1429 1927 1526 1966 Hugo
1552 1928 1590 1958 de
1617 1927 1730 1958 Sancto

958 1977 1080 2009 Victore
1098 1979 1171 2009 dicit
1189 1990 1194 2009 :
1217 1991 1230 2008 «
1247 1979 1336 2016 Quod
1353 1980 1377 2009 si
1394 1979 1475 2010 Deus
1490 1982 1586 2010 totam
1604 1989 1728 2019 poenam

957 2031 1130 2069 relaxaret,
1148 2041 1212 2062 non
1233 2034 1359 2071 propter
1378 2032 1438 2062 hoc
1453 2034 1533 2062 essct
1547 2032 1694 2072 injustus.
1715 2043 1728 2060 n

957 2084 1041 2123 Ergo
1057 2085 1081 2114 si
1104 2085 1316 2115 misericordia
1336 2084 1411 2114 velit
1426 2085 1567 2115 relaxare
1583 2094 1725 2125 poenam,

958 2139 987 2167 et
999 2138 1122 2176 justina
1137 2146 1201 2167 non
1217 2140 1388 2177 repugnat,
1406 2140 1498 2177 patet,
1514 2140 1572 2168 etc.

996 2189 1073 2220 ltem
1092 2190 1212 2220 ratione
1232 2190 1372 2227 videtur,
1390 2190 1465 2230 quia
1481 2190 1562 2221 Deus
1577 2194 1623 2222 est
1638 2201 1726 2222 sum—

956 2252 1007 2273 me
1036 2244 1141 2282 justus
1154 2267 1162 2281 ‚
1189 2246 1219 2274 et
1252 2253 1377 2274 summe
1409 2245 1587 2275 misericors
1612 2254 1619 2275 ε
1651 2245 1703 2276 sed
1719 2245 1728 2261 ⁶

956 2295 1058 2326 albius
1082 2299 1146 2332 est,
1171 2296 1254 2335 quod
1277 2299 1323 2326 est
1346 2296 1440 2336 nigro
1464 2297 1726 2337 impermixtius:

956 2358 1033 2387 crgo
1053 2358 1126 2378 cum
1143 2349 1357 2379 misericordia
1380 2352 1532 2389 temperet
1547 2350 1704 2389 ¹justitiam
1718 2374 1725 2386 ,

956 2404 986 2431 et
1005 2402 1129 2441 justitia
1157 2401 1427 2439 misericordiam,
1458 2403 1488 2433 id
1516 2406 1562 2434 est
1592 2412 1727 2434 summae

957 2455 1197 2492 miscricordiae,
1223 2455 1307 2494 quod
1326 2455 1403 2485 nihil
1428 2455 1522 2486 hahet
1537 2456 1725 2495 dejustitia,

956 2509 986 2535 ctv
999 2516 1016 2536 e
1031 2516 1183 2537 converso
1200 2518 1206 2536 :
1224 2516 1302 2545 ergo
1323 2508 1347 2536 si
1374 2507 1454 2537 Deus
1469 2517 1615 2537 summus
1629 2511 1676 2537 est
1692 2508 1723 2538 in

958 2604 987 2627 IV
1006 2603 1084 2632 Sent.,
1100 2604 1158 2627 dist.
1174 2610 1243 2631 XLVI,
1255 2612 1279 2635 q.
1295 2610 1335 2631 1X;
1355 2605 1419 2628 Petr.
1433 2606 1463 2629 de
1479 2606 1590 2633 Tarnut.,
1603 2605 1632 2628 lv
1648 2605 1728 2634 Sem„

956 2639 1112 2698 ffljt'flgmq'
1134 2647 1158 2669 q⁴
1182 2646 1257 2663 v1.—-
1281 2640 1290 2656 δ
1314 2640 1398 2666 fxi-ish,
1424 2641 1487 2670 Tap„
1510 2640 1552 2664 lib.
1576 2641 1624 2670 111,
1646 2647 1668 2663 c.
1693 2645 1725 2669 iv,
