1991 3006
174 173 232 203 202
731 168 1041 201 sENTENTtARUM
1065 170 1138 200 LlB.
1165 170 1214 200 IV.

174 239 326 278 obligari,
346 239 421 278 quia
442 238 562 268 ratione
581 240 706 275 carent,
728 237 845 268 faciunt
867 245 941 267 con-

174 294 222 323 tra
231 294 384 323 statutum
395 294 425 322 et
435 294 629 331 praeceptum
640 290 785 322 Ecclesiae
799 300 804 318 z
820 293 849 320 et
860 290 941 325 ideo,

173 345 199 375 si
228 346 304 376 tales
329 345 514 375 ordinantur
537 345 697 382 exterius,
727 345 942 374 characterem

173 399 328 438 recipiunt
348 398 386 428 de
407 398 506 436 facto,
530 398 603 438 quia
627 408 690 428 non
712 396 939 433 contradicunt,

173 451 320 491 quamvis
341 460 404 481 non
425 452 629 482 consentiant.
646 452 692 482 Ad
709 451 847 480 minores
867 459 942 480 vero

173 504 298 534 ordines
330 504 506 543 requiritur
540 504 578 534 de
614 505 776 534 honestate
813 502 943 533 rationis

174 566 250 587 usus
262 581 270 594 ,
299 558 375 597 quia
402 557 445 587 ibi
472 558 714 588 committuntur
742 557 845 588 officia
870 566 942 596 quae

173 613 313 650 spectant
329 620 393 641 non
407 611 511 642 solum
526 612 564 642 ad
578 612 729 642 habentes
744 620 838 640 usum
851 610 943 640 ratio-

173 664 236 700 nis,
253 664 317 694 imo
334 664 428 694 etiam
450 665 488 695 ad
509 665 660 695 habentes
680 665 843 694 seientiam
860 664 943 693 litte-

173 719 301 748 raturae.
319 717 378 748 Sed
394 720 511 754 tamen,
528 718 602 757 quia
618 718 661 747 illi
676 718 802 747 ordines
816 716 942 747 suntad

172 771 342 810 quamdam
357 771 628 808 assuefactionem,
647 771 699 800 ubi
715 780 755 800 ex
768 770 873 809 aliqua
886 771 943 800 uti-

172 824 258 854 litate
271 824 320 854 vel
335 824 516 854 necessitate
534 824 658 854 videtur
677 824 857 863 expediens,
874 833 943 863 pos-

172 879 246 907 sunt
261 877 298 907 ad
314 877 451 907 minores
469 877 593 907 ordines
616 877 796 917 promoveri
814 877 853 916 (a)
870 879 942 907 ante

172 939 271 961 annos
285 930 492 960 discretionis.
510 929 568 961 Sed
583 931 666 970 quod
682 930 725 960 ita
738 931 854 970 passim
869 939 940 970 pro-

172 986 371 1021 moveantur,
389 985 419 1014 et
433 984 593 1014 benefieiis
607 983 823 1014 ecelesiasticis
838 984 942 1013 diten-

172 1038 238 1073 tur,
258 1036 313 1066 vix
337 1039 436 1075 potest
461 1046 527 1067 esse
551 1037 618 1067 sine
642 1038 824 1076 contemptu
848 1045 942 1066 cano-

172 1098 268 1126 num,
296 1091 325 1119 et
352 1090 496 1120 seandalo
526 1090 713 1127 homiuum,
747 1092 777 1119 et
804 1089 942 1128 periculo

171 1142 363 1172 animarum.
381 1142 593 1173 Concedendae
613 1152 691 1181 ergo
711 1145 785 1172 sunt
805 1142 942 1172 rationes

171 1196 382 1234 ostendentes,
400 1196 485 1236 quod
503 1205 567 1226 non
587 1198 632 1226 est
654 1196 849 1226 necessarius
866 1205 944 1226 usus

171 1249 301 1279 rationis
322 1249 361 1280 ad
377 1250 565 1280 sacramenti
589 1258 677 1286 esse,
696 1249 747 1279 vel
768 1248 941 1288 suscipere,

172 1302 225 1333 sed
240 1302 344 1333 solum
358 1305 515 1342 quantum
535 1303 574 1332 ad
599 1303 678 1332 bene
699 1311 765 1332 esse
776 1325 783 1338 ‚
800 1304 831 1332 et
846 1302 944 1340 digne

171 1356 344 1396 suscipere,
359 1356 517 1396 loquendo
532 1356 570 1386 de
584 1355 748 1386 ordinibus
764 1355 900 1395 proprie.

212 1412 240 1439 1.
252 1409 300 1439 Ad
314 1409 390 1439 illud
404 1409 488 1448 quod
503 1409 652 1448 objicitur
667 1409 704 1438 de
721 1409 940 1445 matrimonio,

171 1462 338 1493 dicendum
359 1462 445 1502 quod
457 1471 521 1492 non
536 1464 583 1492 est
597 1462 718 1500 simile,
734 1462 809 1501 quia
825 1462 858 1491 in
880 1471 943 1492 ina-

172 1515 320 1545 trimonio
335 1524 400 1545 non
415 1515 587 1554 requiritur
602 1524 679 1545 usus
699 1515 830 1545 rationis
846 1524 942 1554 prop-

172 1571 219 1598 ter
240 1568 429 1607 dignitatem
447 1568 656 1605 sacramenti3
683 1569 736 1599 sed
758 1570 884 1608 propter
899 1568 943 1598 si-

173 1622 410 1660 gnificationem
426 1622 657 1661 conjunctionis
683 1621 734 1652 llei
755 1624 784 1651 et
808 1622 942 1659 animae,

172 1684 245 1714 quae
260 1683 324 1705 non
339 1676 384 1704 est
402 1674 462 1704 nisi
477 1677 589 1705 mutuo
604 1684 768 1705 consensu.
791 1674 945 1705 Praeterea

173 1736 236 1757 non
250 1727 408 1758 concludit
419 1728 479 1758 hoe
489 1728 680 1766 generaliter
695 1728 732 1758 de
748 1730 945 1758 sacramento

172 1780 301 1818 ordinis,
318 1780 372 1811 sed
385 1781 488 1811 solum
503 1781 540 1811 de
556 1781 709 1819 dignitate
724 1781 872 1821 episcopi.

213 1836 242 1864 Ξ).
266 1834 315 1865 Ad
340 1834 416 1865 illud
438 1835 522 1874 quod
545 1835 713 1874 objicitur,
740 1835 822 1875 quod
848 1835 941 1865 dicit:

174 1887 306 1927 Accipe,
330 1887 499 1918 dicendum
521 1888 607 1928 quod
628 1888 681 1918 illa
704 1889 820 1919 oblatio
842 1889 945 1928 signi-

175 1941 247 1971 ficat
262 1941 364 1980 magis
384 1942 554 1982 imperium
578 1944 609 1972 et
627 1944 812 1981 potestatem
830 1942 944 1980 dantis,

175 2003 271 2033 quam
286 1995 505 2025 executionem
526 1994 735 2034 suscipientis.
760 1994 848 2025 Unde
863 1995 946 2024 illius

175 2056 239 2077 non
255 2049 379 2077 tantum
395 2049 441 2077 est
455 2047 581 2085 offerre,
597 2047 650 2077 sed
665 2048 824 2078 conferre:
842 2050 872 2078 et
886 2047 946 2077 nisi

175 2100 214 2130 sit
227 2099 309 2130 obex
323 2100 488 2130 contrariae
503 2100 690 2138 voluntatis,
710 2101 753 2131 ita
774 2101 858 2140 quod
873 2110 945 2131 om-

175 2153 249 2183 nino
274 2153 312 2183 sit
330 2153 467 2190 invitus,
491 2153 599 2192 recipit
626 2155 878 2191 sacramentum,
896 2163 944 2183 se-

174 2205 317 2236 eundum
329 2206 413 2245 quod
424 2206 587 2245 ¹iudicatur
603 2206 640 2236 de
655 2208 853 2236 sacramento
869 2215 944 2236 con—

175 2259 374 2289 firmationis.

215 2314 245 2342 3.
268 2312 315 2342 Ad
330 2311 406 2342 illud
421 2311 504 2351 quod
521 2312 668 2351 objicitur
684 2312 722 2342 de
740 2321 820 2349 usu;
838 2312 947 2343 dicen-

175 2365 253 2395 dum
263 2364 346 2404 quod
360 2364 417 2394 etsi
426 2373 490 2394 non
497 2364 611 2395 habeat
626 2365 731 2395 statim
745 2374 853 2403 usum,
869 2365 946 2405 quia

175 2422 282 2449 tamen
297 2420 442 2458 speratur
454 2418 624 2457 aliquando
640 2419 768 2456 habere,
786 2429 851 2449 non
867 2420 950 2450 frus-

176 2475 225 2503 tra
247 2472 339 2503 datur
355 2474 606 2508 sacramentum,
629 2472 709 2502 sicut
734 2472 831 2502 etiam
855 2473 948 2504 datur

175 2526 386 2557 sacerdotium
403 2525 449 2563 ei,
467 2525 521 2565 qui
540 2525 635 2564 longe
658 2527 729 2565 post
743 2525 847 2556 differt
866 2526 947 2557 cele-

175 2580 278 2611 brare.

211 2644 217 2660 ²
233 2644 270 2673 Cf.
286 2642 374 2675 Steph.
392 2641 496 2672 Brulef.‚
511 2641 543 2665 1v
562 2641 640 2672 Sene„
660 2640 717 2665 dist.
737 2646 799 2672 xxv,
815 2647 900 2672 qam.
920 2655 945 2659 -

1038 239 1066 267 4.
1093 237 1138 268 Ad
1159 236 1233 267 illud
1255 237 1339 277 quod
1361 238 1510 277 objicitur
1531 239 1569 270 de
1588 242 1763 278 recusante,

997 291 1164 322 dicendum
1179 290 1263 330 quod
1275 290 1325 320 hic
1339 293 1383 321 est
1397 292 1558 331 sophisma
1573 301 1764 332 consequen-

999 345 1061 374 tis:
1084 356 1098 372 «
1119 343 1278 374 Recusaus
1302 353 1367 374 non
1388 345 1498 384 recipit
1516 356 1522 375 ε
1544 354 1622 383 ergo
1646 347 1769 384 oportet

997 398 1080 437 quod
1102 397 1253 436 recipiens
1277 398 1466 435 consentiat;
1491 410 1505 426 »
1529 399 1604 438 quia
1628 398 1768 430 medium

997 453 1043 481 est
1071 451 1151 480 inter
1181 453 1379 481 recusantem
1404 451 1552 490 omnino,
1581 454 1612 482 et
1637 460 1767 482 consen-

999 505 1139 534 tientenl.

1037 560 1066 587 5.
1091 557 1137 587 Ad
1153 556 1229 587 illud
1250 557 1331 596 quod
1354 557 1501 597 objicitur
1521 558 1559 588 de
1583 561 1724 597 tempore
1738 560 1769 588 et

997 613 1089 641 aetate
1101 635 1110 647 ,
1138 610 1306 640 dicendum
1337 611 1421 651 quod
1454 611 1674 641 determinatio
1709 610 1769 641 ista

997 664 1148 703 temporis
1173 673 1235 694 non
1263 666 1310 694 est
1334 666 1491 703 quantum
1515 664 1553 694 ad
1581 664 1768 695 sacramenti

998 718 1213 748 necessitatem
1226 741 1234 755 ,
1255 718 1308 748 sed
1330 718 1435 757 potius
1456 720 1612 757 quantum
1634 718 1672 748 ad
1697 727 1769 748 sus-

997 771 1150 810 ceptionis
1187 770 1419 808 congruitatem
1449 772 1479 800 et
1514 770 1743 801 solemnitatem
1758 794 1767 808 ,

998 833 1093 863 quam
1104 824 1136 853 in
1150 823 1323 862 majoribus
1332 823 1496 853 ordinibus
1504 825 1625 860 oportet
1636 823 1766 860 servari,

998 876 1107 905 saltem
1120 878 1274 914 quantum
1287 875 1325 905 ad
1337 884 1434 905 annos
1449 875 1657 911 discretionis,
1676 884 1766 915 prop-

998 931 1044 959 ter
1065 931 1175 959 votnm
1197 929 1398 959 continentiae
1412 952 1419 966 ,
1436 930 1467 958 et
1487 928 1637 958 ordinum
1660 928 1768 967 digni-

998 984 1094 1012 tatem
1122 993 1128 1012 :
1161 982 1292 1012 ulterior
1320 992 1395 1013 vero
1426 982 1590 1021 protelatio
1618 981 1770 1021 temporis

997 1038 1153 1076 quantum
1174 1036 1212 1066 ad
1234 1037 1425 1073 sacerdotes,
1449 1038 1606 1075 quantum
1629 1035 1667 1065 ad
1688 1037 1770 1066 tem-

999 1099 1074 1129 pora
1098 1090 1260 1127 moderna,
1288 1098 1351 1119 non
1368 1089 1522 1128 exigitur,
1545 1088 1622 1128 quia
1642 1088 1722 1119 sicut
1736 1088 1770 1119 in

998 1142 1105 1172 multis
1122 1142 1240 1171 malitia
1257 1142 1381 1181 supplet
1397 1144 1539 1179 aetatem,
1557 1141 1597 1171 ita
1614 1141 1646 1170 in
1662 1141 1770 1172 multis

998 1196 1122 1225 bonitas
1142 1198 1172 1225 et
1187 1196 1333 1225 sanctitas
1351 1195 1487 1235 supplet.
1507 1194 1663 1225 Praeterea
1678 1194 1769 1226 multi

999 1258 1085 1279 nuuc
1103 1249 1305 1285 ordinantur,
1322 1249 1376 1287 qui
1394 1257 1457 1278 non
1477 1248 1697 1287 praefieiuntur
1712 1257 1768 1288 po-

998 1301 1090 1342 pulo,
1108 1304 1144 1332 ut
1161 1301 1305 1340 religiosi
1325 1312 1330 1330 :
1358 1301 1427 1331 ideo
1450 1310 1515 1331 non
1535 1303 1659 1340 oportet
1678 1301 1710 1331 in
1725 1301 1771 1331 eis

999 1355 1041 1385 ita
1057 1364 1183 1385 servare
1200 1358 1360 1394 tempora,
1379 1356 1413 1385 ut
1431 1355 1462 1384 in
1478 1354 1548 1384 aliis
1560 1378 1568 1392 ,
1590 1354 1729 1384 maxime
1744 1353 1771 1384 si

999 1408 1038 1438 sit
1061 1409 1209 1438 sanctitas
1224 1408 1313 1445 vitae,
1331 1410 1361 1438 et
1380 1407 1509 1438 scientia
1521 1432 1528 1444 ,
1554 1410 1584 1438 et
1605 1407 1771 1438 maturitas

1000 1470 1137 1492 morum.

1038 1517 1067 1544 6.
1093 1514 1139 1545 Ad
1151 1514 1229 1545 illud
1244 1514 1328 1554 quod
1346 1513 1493 1553 objicitur
1509 1513 1547 1544 de
1563 1513 1768 1551 continentia,

995 1569 1063 1607 jam
1080 1570 1164 1607 patet
1184 1567 1363 1607 responsio;
1382 1576 1455 1596 nam
1471 1566 1663 1597 continentia
1678 1566 1711 1597 in
1725 1576 1772 1597 sa-

999 1622 1059 1651 cris
1077 1622 1241 1652 ordinibus
1263 1630 1327 1651 non
1350 1624 1397 1651 est
1417 1621 1455 1651 de
1469 1629 1552 1658 esse,
1569 1620 1623 1651 sed
1638 1620 1677 1651 de
1690 1620 1772 1651 bene

999 1684 1077 1705 esse.

1259 1776 1438 1814 QUAESTIO
1461 1775 1513 1806 lll.

1060 1866 1104 1892 An
1124 1865 1159 1891 ad
1176 1865 1367 1898 susceptionem
1387 1863 1490 1890 ordinis
1509 1864 1546 1890 sit
1566 1864 1714 1890 necessaria

1248 1907 1376 1934 indivisio
1397 1909 1486 1934 carnis
1506 1907 1525 1933 ¹.

1043 1997 1154 2027 Utrum
1171 1996 1209 2026 ad
1223 1996 1342 2026 ordinis
1357 1994 1588 2034 susceptionem
1598 1993 1773 2025 necessaria
1788 2005 1882 2027 Fundam

1001 2051 1040 2081 sit
1052 2050 1199 2080 indivisio
1214 2049 1316 2079 carnis
1326 2060 1332 2086 3
1351 2051 1381 2079 et
1396 2048 1479 2088 quod
1499 2048 1560 2085 sic,
1576 2047 1703 2078 videtur
1717 2056 1774 2086 per

1002 2103 1136 2134 Paulum
1148 2103 1187 2133 ad
1206 2102 1399 2134 Timotheum
1410 2105 1420 2120 ²
1433 2110 1443 2131 :
1459 2101 1583 2140 Oportet
1592 2101 1773 2140 episcopum

1001 2164 1063 2188 esse
1078 2157 1176 2187 unius
1192 2157 1304 2187 uxoris
1320 2157 1447 2194 virum;
1461 2156 1492 2184 ct
1505 2154 1565 2184 hoc
1580 2154 1686 2194 ipsum
1700 2153 1773 2184 dici-

1002 2213 1054 2240 tur
1069 2209 1107 2239 de
1123 2209 1264 2239 diacono.

1043 2262 1121 2292 item
1135 2262 1339 2299 Ambrosius,
1362 2261 1406 2293 ad
1425 2259 1650 2297 Vercellenses‚
1666 2261 1697 2290 et
1712 2259 1769 2290 ha-

1002 2316 1094 2346 betur
1108 2315 1180 2346 dist.
1200 2324 1301 2345 xxxrv
1319 2318 1329 2333 ³
1347 2314 1382 2353 (b)
1403 2323 1410 2344 :
1433 2326 1447 2343 ι(
1469 2312 1693 2352 Cognoscimus
1709 2321 1773 2342 non

1002 2369 1106 2399 solum
1121 2369 1158 2398 de
1173 2368 1329 2407 episeopo,
1346 2370 1376 2397 et
1391 2367 1575 2406 presbytero
1586 2364 1772 2404 Apostolum

1002 2422 1157 2459 statuisse,
1175 2421 1227 2451 sed
1248 2421 1343 2451 etiam
1359 2422 1462 2460 patres
1476 2420 1508 2449 in
1524 2418 1651 2464 Concilii
1665 2417 1772 2449 Niceni

1003 2477 1136 2506 tractatu
1153 2474 1306 2505 addidisse
1317 2498 1324 2511 ,
1341 2473 1490 2504 clericum
1510 2470 1693 2511 quempiam
1708 2479 1774 2501 non

1005 2560 1035 2583 ²1
1056 2560 1126 2588 Tim,
1148 2564 1190 2587 ni,
1212 2560 1233 2583 2.
1248 2572 1277 2575 —
1297 2558 1307 2574 ³
1325 2558 1418 2581 Decree.
1442 2563 1468 2587 p.
1490 2556 1513 2585 l,
1532 2555 1589 2579 dist.
1612 2556 1655 2585 34,
1673 2561 1696 2578 c.
1720 2559 1773 2578 xiv.

1036 2606 1071 2636 (a)
1096 2605 1156 2629 Coet.
1183 2604 1322 2635 “linquam
1346 2603 1424 2627 nescio
1451 2609 1527 2633 quum
1553 2600 1583 2624 ab
1613 2607 1720 2626 causam.
1744 2612 1774 2618 —

1005 2641 1041 2673 (b)
1054 2641 1115 2667 Coet.
1130 2640 1192 2664 edit.
1210 2641 1249 2670 33,
1265 2639 1344 2664 mend.
