1991 3006
35 261 65 281 De
79 264 139 281 εἰει(

51 296 131 313 coinra-

34 324 136 344 hennum.

159 190 216 218 348
713 185 1019 218 SENTENTIARUM
1042 188 1115 219 LIB.
1138 189 1187 220 lv.

205 254 272 286 Hoc
287 254 382 286 etiam
399 254 566 286 sciendum
582 258 649 295 est,
667 254 753 298 quod
778 253 869 297 pucri
889 257 964 286 ante
985 255 1230 298 quatuordecim
1247 267 1350 288 annos
1363 282 1371 297 ,
1388 260 1419 287 et
1435 257 1554 300 puellae
1570 262 1642 290 ante
1657 258 1738 291 duo-

160 311 262 343 decim
279 322 399 351 ann05‚
417 311 595 343 secundum
622 312 727 354 legem
753 311 1000 344 matrimonium
1025 312 1106 345 inire
1132 317 1308 357 nequeunt.
1334 314 1427 355 Quod
1449 314 1474 345 si
1499 318 1572 346 ante
1592 315 1742 358 praedicta

159 372 304 412 tempora
320 367 468 411 copulam
483 368 615 400 inierint
630 395 637 409 ‚
655 369 795 412 separari
818 372 973 411 possunt,
999 370 1150 413 quamvis
1169 371 1336 402 voluntate
1358 375 1390 402 et
1411 382 1542 403 assensu
1569 376 1740 415 parentum

155 425 260 468 juncti
275 424 406 456 fuerint.
420 424 484 463 Qui
501 436 577 457 vero
594 425 627 457 in
644 425 784 469 pucritia
798 425 941 468 copulati
958 431 1026 469 post
1042 438 1144 459 annos
1158 427 1338 471 pubertatis
1354 427 1472 460 nolunt
1486 440 1518 459 se
1534 428 1735 472 relinquere,

157 482 210 513 sed
227 482 259 513 in
276 482 504 525 conjunctione
519 494 709 527 permanere
726 496 733 523 3
748 483 815 526 jam
832 494 871 514 cx
889 483 948 515 hoc
962 483 1150 516 efficiuntur
1165 484 1319 527 conjuges
1332 511 1339 525 ,
1358 489 1388 516 ct
1402 485 1553 529 deinceps
1568 490 1736 529 nequeunt

157 538 309 582 separari.
327 539 407 571 Item
423 540 430 556 ¹
450 551 456 571 :
474 553 489 570 «
503 539 674 583 Sponsalia
691 544 764 572 ante
780 540 985 583 septennium
999 541 1144 573 contrabi
1157 553 1221 574 non
1235 547 1384 585 possunt;
1403 542 1470 574 solo
1483 543 1569 574 enim
1579 553 1736 576 consensu

156 595 413 637 contrahuntur,
431 596 488 640 qni
505 597 701 629 intervenire
727 608 791 628 non
813 601 934 640 potest,
952 598 1014 629 nisi
1029 598 1068 630 ab
1084 599 1242 631 alterutra
1258 603 1346 643 parte
1362 600 1392 631 id
1413 600 1628 642 intelligatur,
1645 600 1733 644 quod

156 653 241 685 inter
255 665 308 685 eos
322 653 440 696 agitur.
457 667 472 683 >³
490 653 562 686 Duo
578 654 633 686 illa
648 654 774 686 executi
790 666 907 687 snmus
928 665 1002 687 cum
1019 655 1157 688 aliorum
1179 656 1398 700 quorumdam
1413 657 1602 700 adjectione,
1620 657 1742 701 quibus

156 711 345 754 conjugium
363 711 445 743 solvi
462 715 564 755 potest
578 737 585 751 ‚
604 722 661 743 nec
685 715 792 743 tamen
807 711 888 743 solvi
905 723 1031 756 semper
1058 724 1183 745 neccsse
1203 717 1259 745 est.
1288 713 1381 746 Nunc
1409 714 1448 746 de
1470 714 1552 756 illis,
1569 725 1644 758 quae
1666 725 1738 758 per-

155 779 249 800 sonas
263 768 452 811 illegitimas
467 769 596 813 penitus
615 769 756 810 faciunt,
774 769 960 802 addendum
977 774 1024 802 est
1038 796 1045 811 ‚
1062 774 1092 802 et
1108 770 1250 814 primum
1266 770 1305 802 de
1323 770 1447 803 ordine.

341 901 545 933 EXPOSITIO
566 901 728 932 TEXTUS.

226 987 296 1009 Nunc
322 985 352 1008 de
374 985 518 1009 conditione
542 985 688 1014 videamus,
711 993 743 1009 au
767 986 848 1010 valeat

421 1020 580 1051 conjugium,
595 1022 643 1044 cte.

192 1100 295 1140 Supra
313 1100 380 1138 egit
396 1100 546 1139 Magister
566 1101 604 1131 de
629 1101 863 1140 impedimentis
888 1101 919 1131 in

152 1153 264 1192 quibus
288 1153 459 1192 impeditur
474 1154 720 1191 [matrimonium
735 1178 742 1190 ,
760 1154 834 1193 quia
849 1154 899 1184 ille
910 1179 917 1191 ‚

151 1206 205 1244 qui
220 1206 394 1243 contrahit,
412 1215 476 1236 non
497 1209 595 1246 potest
617 1216 649 1236 se
667 1207 766 1244 ligare
792 1210 920 1246 propter

151 1258 305 1289 defectum
321 1259 463 1296 virtutis;
490 1259 540 1288 hic
561 1259 629 1297 agit
652 1260 690 1289 de
710 1259 762 1289 illo
785 1259 918 1298 impedi-

152 1314 258 1342 mento
270 1312 353 1351 quod
369 1313 508 1351 impedit,
523 1313 599 1351 qnia
614 1312 665 1342 ille
681 1313 734 1352 qui
751 1313 918 1349 contrahit,

150 1373 214 1394 non
230 1367 329 1403 potest
343 1374 375 1394 se
391 1365 428 1404 (a)
446 1365 547 1404 ligare
562 1367 690 1404 propter
706 1366 917 1396 conditionem

150 1418 320 1447 servitutis.
339 1418 375 1448 Et
398 1418 550 1448 dividitur
566 1418 635 1447 haec
660 1427 732 1457 pars
757 1418 789 1447 in
813 1418 890 1447 duas
911 1430 916 1448 z

151 1470 181 1500 in
199 1470 301 1509 prima
317 1470 506 1501 determinat
527 1471 564 1501 de
579 1471 771 1508 conditione,
789 1480 862 1510 quae
882 1472 919 1510 (b)

150 1526 196 1552 est
220 1522 357 1553 defectus
381 1523 534 1553 libertatis
556 1534 563 1560 3
593 1523 625 1552 in
651 1523 789 1553 secunda
813 1533 887 1554 vero
911 1549 919 1562 ‚

150 1576 245 1614 quia²
267 1580 385 1615 quanto
410 1579 544 1614 tempore
559 1576 658 1606 hoeres
680 1577 834 1614 parvulus
858 1580 918 1615 est,

151 1628 235 1660 nihil
251 1629 361 1669 diflert
377 1638 396 1660 (ι
411 1636 520 1666 servo,
537 1637 607 1659 cum
628 1629 834 1660 sitdominus
856 1638 921 1661 om-

152 1683 253 1719 nium,
270 1682 337 1720 agit
352 1682 389 1712 de
404 1682 517 1721 puerili
540 1684 642 1718 aetate,
660 1682 703 1711 ibi
721 1693 726 1711 :
746 1682 809 1713 Hoc
824 1684 921 1714 etiam

150 1735 316 1766 sciendum
332 1738 398 1772 est,
418 1734 502 1774 quod
516 1735 610 1773 pueri
631 1737 704 1766 ante
719 1743 821 1766 annos
841 1744 919 1775 qua-

151 1788 325 1820 tuordecim
338 1812 345 1824 ‚
362 1788 416 1818 ubi
428 1788 637 1825 determinat,
656 1788 740 1827 quod
756 1789 844 1828 pueri
857 1798 921 1819 non

152 1843 283 1880 possunt
301 1842 485 1871 contrahere
514 1841 754 1871 matrimonium
771 1843 843 1871 ante
865 1851 919 1872 an-

152 1904 229 1924 num
256 1894 415 1924 decimum
442 1896 606 1934 quartum.
637 1893 743 1924 Prima
764 1903 835 1934 pars
865 1895 920 1925 ha-

152 1947 203 1977 bet
213 1949 275 1977 tres
287 1958 292 1977 :
306 1947 337 1977 in
349 1948 450 1986 prima
461 1948 576 1986 quaerit
591 1946 739 1985 Magister
750 1949 860 1977 utrum
875 1957 922 1977 er-

153 2008 206 2029 ror
221 2000 408 2030 conditionis
426 2000 575 2039 impediat
593 2000 847 2036 matrimonium,
864 2000 921 2029 ubi

152 2056 197 2083 est
211 2063 299 2084 error
309 2055 340 2083 et
353 2053 590 2089 dissimilitud03
611 2053 748 2082 secundo
763 2062 850 2090 vero,
866 2053 921 2082 ubi

151 2109 197 2137 est
211 2115 308 2144 error,
327 2109 357 2136 et
382 2108 487 2135 tamen
504 2105 693 2141 similitudo3
711 2105 802 2135 tertio
818 2114 894 2135 vero
912 2128 919 2141 ‚

150 2161 279 2196 utrum,
297 2159 365 2188 viro
380 2159 461 2188 facto
484 2167 575 2188 servo
587 2182 594 2195 ‚
620 2158 673 2187 fiat
698 2166 790 2187 serva
806 2159 836 2187 et
856 2157 922 2196 ipsa

151 2221 243 2242 uxor.
266 2211 408 2241 Primum
432 2211 503 2241 facit
528 2211 578 2241 hic
607 2222 613 2241 ε
639 2211 728 2241 Nunc
752 2210 790 2241 de
811 2210 921 2241 condi-

151 2266 253 2301 tione,
279 2266 349 2300 etc.;
374 2263 549 2293 secundum
576 2264 646 2293 facit
664 2264 732 2293 ibi:
762 2264 922 2298 Qiccerz'cur

152 2318 259 2355 etiam,
275 2318 305 2348 si
313 2325 423 2348 servus
434 2317 531 2347 nnius
542 2316 692 2347 ancillam
702 2316 846 2354 alterius,
861 2318 918 2346 etc.

151 2370 310 2406 Tertium,
328 2369 370 2398 ihi
388 2380 394 2398 :
419 2368 502 2399 Illud
521 2370 617 2399 etiam
632 2369 810 2400 notandum
825 2369 920 2408 quod,

152 2424 192 2460 si,
217 2424 274 2452 etc.
302 2421 340 2451 Et
360 2422 403 2451 ita
424 2421 455 2450 in
478 2421 536 2451 hac
558 2421 755 2451 distinctione
782 2422 922 2452 breviter

152 2476 215 2506 duo
235 2474 422 2505 determinat
439 2485 445 2504 z
470 2475 573 2511 primo
589 2474 626 2503 ‹le
642 2483 747 2504 errore
766 2475 923 2506 condItio-

153 2528 222 2565 nis;
239 2528 376 2558 secundo
391 2536 477 2565 vero,
495 2527 532 2557 de
547 2527 670 2557 defectu
686 2528 798 2558 aetatis.

188 2607 406 2637 ¹Gratian.,caus.
432 2613 496 2635 xxx,
513 2613 536 2637 q.
558 2612 584 2635 11,
607 2608 664 2629 ante
677 2613 698 2629 c,
727 2612 742 2629 1.
758 2620 771 2622 -
799 2607 806 2620 ²
827 2607 923 2637 Galat„

155 2648 190 2672 lv,
209 2644 227 2666 1.

1305 899 1372 920 DUB.
1397 899 1417 919 1.

1049 953 1074 977 Si
1092 954 1144 984 ipsa
1162 954 1255 978 femina
1272 954 1346 978 ruerit
1368 956 1455 984 postea
1479 955 1504 978 in
1522 955 1669 978 servitutem

1273 990 1382 1020 dejecta,
1401 993 1448 1013 etc.

1017 1048 1177 1085 Quaeritur
1193 1050 1230 1086 si⁷
1241 1051 1411 1088 antequam
1424 1049 1513 1088 plene
1523 1049 1701 1088 detegatur,
1717 1048 1742 1078 si

976 1104 1049 1131 sunt
1064 1102 1096 1131 in
1111 1111 1205 1131 causa
1220 1104 1249 1132 et
1263 1102 1327 1139 lite,
1346 1105 1454 1132 utrum
1470 1102 1580 1132 debeat
1595 1101 1653 1131 sibi
1669 1101 1738 1131 red-

976 1154 1048 1184 dere
1069 1154 1207 1184 dehitum
1222 1164 1229 1191 3
1247 1157 1276 1183 et
1292 1155 1374 1193 quod
1394 1164 1457 1184 non
1469 1178 1477 1192 ‚
1499 1154 1623 1184 videtur
1640 1165 1646 1184 :
1668 1154 1743 1194 quia

977 1209 1029 1236 aut
1046 1207 1209 1245 cognoscit
1219 1216 1288 1236 eam
1301 1208 1415 1237 affectu
1427 1207 1578 1244 maritali,
1591 1209 1646 1237 aut
1659 1216 1742 1236 non:

977 1260 1001 1288 si
1017 1259 1074 1296 sic,
1093 1262 1224 1298 generat
1240 1260 1298 1289 sibi
1315 1260 1537 1298 praeJudicium
1552 1283 1559 1296 ,
1572 1262 1601 1289 et
1617 1268 1744 1289 consen-

976 1312 1056 1342 tiens
1067 1314 1230 1351 reputatur
1242 1323 1250 1349 3
1263 1313 1287 1341 si
1300 1321 1363 1342 non
1374 1313 1537 1351 cognoscit
1554 1312 1668 1343 affectu
1681 1320 1744 1342 ma-

977 1364 1069 1400 ritali,
1089 1367 1194 1404 peccat
1210 1364 1393 1394 mortaliter.
1412 1364 1472 1394 Sed
1488 1367 1595 1395 contra
1610 1365 1670 1394 hoc
1684 1366 1741 1402 est,

977 1418 1051 1456 qnia
1067 1418 1172 1447 nullus
1187 1417 1277 1447 debet
1292 1417 1418 1456 spoliari
1430 1418 1503 1456 Jure
1520 1426 1576 1447 suo
1588 1420 1660 1448 ante
1675 1426 1746 1447 cau-

977 1480 1020 1501 sae
1037 1471 1262 1510 cognitionem.

1019 1524 1109 1563 Resp.
1127 1524 1299 1553 Dicendum
1319 1523 1402 1562 quod
1425 1523 1498 1552 talis
1522 1525 1624 1562 potest
1643 1522 1748 1562 dupli-

977 1577 1053 1607 citer
1069 1585 1197 1606 noscere
1217 1576 1300 1615 qnod
1315 1576 1369 1605 illa
1391 1576 1430 1605 sit
1446 1576 1557 1605 ancilla
1569 1599 1577 1613 ,
1595 1585 1691 1615 quam
1706 1575 1747 1604 li-

979 1631 1088 1661 beram
1098 1630 1227 1660 credidit
1240 1640 1246 1659 z
1259 1632 1313 1659 aut
1326 1629 1388 1659 levi
1399 1629 1576 1668 suspicione
1586 1653 1593 1665 ,
1609 1631 1662 1659 aut
1678 1637 1748 1668 pro-

978 1683 1072 1713 babili
1081 1683 1129 1713 vel
1137 1682 1315 1713 vehementi
1324 1682 1581 1720 praesumptione‚
1590 1681 1656 1711 sive
1665 1683 1749 1711 certa

977 1736 1172 1774 cognition-¹.
1196 1734 1301 1764 Primo
1318 1734 1411 1764 modo
1426 1743 1489 1763 non
1513 1734 1605 1763 debet
1626 1736 1746 1773 petere,

977 1797 1143 1829 quousque
1164 1788 1305 1827 inquirat
1322 1798 1328 1816 :
1348 1787 1400 1817 sed
1425 1790 1547 1824 tamen,
1569 1787 1595 1816 si
1612 1786 1748 1817 Ecclesia

977 1841 1143 1881 compellet
1156 1865 1164 1879 ‚
1184 1841 1276 1871 debet
1296 1841 1442 1877 reddere,
1465 1840 1541 1879 quia
1567 1839 1748 1878 ignorantia

977 1904 1052 1925 eum
1073 1896 1201 1924 excusat
1220 1905 1225 1923 :
1244 1893 1340 1923 nescit
1361 1893 1445 1923 euim
1466 1895 1576 1922 utrum
1593 1892 1632 1922 sit
1650 1900 1743 1922 uxor.

978 1947 1120 1978 Secundo
1136 1947 1240 1983 modo,
1258 1947 1323 1976 sive
1339 1946 1473 1976 Ecclesia
1485 1945 1661 1984 compellat,
1679 1944 1746 1974 sive

977 2010 1056 2037 non⁷
1074 2009 1138 2030 non
1157 2000 1265 2036 debet,
1285 1999 1359 2038 quia
1384 2001 1438 2028 aut
1455 2001 1529 2028 tunc
1550 1998 1610 2028 sibi
1634 1998 1748 2036 praeJu-

977 2053 1058 2082 dicat
1078 2052 1270 2088 necessario,
1289 2054 1343 2081 aut
1359 2051 1550 2087 fornicatur3
1568 2052 1599 2080 et
1620 2051 1747 2089 propter

977 2106 1161 2135 mandatum
1182 2104 1327 2134 Ecclesiae
1354 2112 1417 2133 non
1443 2104 1489 2132 cst
1513 2101 1748 2133 fornicandum0‘

977 2159 1076 2189 Aliter
1095 2156 1304 2196 Judicandum
1320 2158 1366 2185 est
1380 2155 1418 2185 de
1440 2163 1541 2184 uxore
1563 2153 1744 2190 fornicaria,

977 2220 1049 2250 quae
1063 2219 1136 2240 vere
1146 2218 1229 2239 uxor
1242 2211 1288 2238 est
1300 2233 1307 2245 ,
1324 2208 1374 2238 cui
1390 2216 1463 2238 cum
1478 2216 1517 2237 ex
1530 2206 1676 2236 mandato
1697 2205 1749 2236 Ec-

977 2263 1079 2293 clesiae
1092 2262 1231 2292 redditur
1245 2261 1398 2297 debitum,
1412 2269 1476 2290 non
1485 2261 1749 2298 generaturprae-

973 2316 1130 2356 Judieium
1142 2338 1152 2352 ,
1170 2324 1226 2344 nec
1240 2314 1413 2344 incurritur
1428 2312 1555 2352 aliquod
1572 2313 1746 2351 peccatum.

1300 2406 1368 2427 DUB.
1392 2405 1425 2426 11.

994 2466 1043 2490 Sed
1059 2466 1083 2489 in
1097 2471 1147 2488 uno
1163 2464 1279 2494 conjugio
1295 2464 1472 2494 permanentes
1490 2461 1598 2486 dominis
1608 2461 1668 2490 suis,
1685 2462 1734 2484 etc.

1019 2526 1149 2557 Videtur
1172 2526 1253 2555 male
1268 2525 1382 2562 dicere,
1408 2525 1493 2563 quia,
1509 2526 1645 2563 ponatur
1664 2522 1749 2562 quod

979 2588 1061 2611 unus
1084 2578 1288 2609 dominorum
1303 2577 1419 2607 vendat
1436 2585 1566 2606 servum
1589 2575 1625 2606 ad
1642 2583 1746 2606 remo-

1013 2641 1044 2670 (α)
1060 2640 1120 2664 Coet.
1134 2638 1195 2663 edit.
1210 2638 1277 2662 deest
1290 2645 1325 2662 se.
1337 2650 1366 2654 —-
1384 2636 1416 2667 (b)
1431 2637 1491 2661 Coet.
1506 2636 1565 2661 edit.
1582 2637 1648 2668 quia.
