1991 3006
91 818 125 839 Ad
143 824 194 845 opp.

207 153 265 183 386

206 217 283 259 quia
305 214 470 247 vinculum
496 208 688 243 matrimonii
709 207 792 247 ligat
811 212 876 235 non
901 204 973 232 tan-

206 274 277 302 tum
299 269 419 300 ratione
433 263 662 307 promissionis-3,
680 261 735 293 sed
756 260 851 291 etiam
871 256 977 296 signa-

206 323 301 354 tionis
315 322 360 352 rei
383 318 578 355 insolubilis,
593 317 627 347 in
647 324 745 356 quam
769 311 854 343 nulla
876 310 977 350 potest

207 375 388 408 auctoritas.
409 372 568 404 Praeterea
585 379 652 401 non
675 370 721 399 est
741 374 843 397 unum
863 361 975 393 matri-

208 427 351 458 monium
368 424 482 455 melius
505 422 585 460 alio,
601 421 681 452 sicut
702 420 816 449 votum
833 425 841 445 τ
857 417 885 444 et
907 412 977 443 ideo

207 491 270 513 non
286 479 436 520 competit
455 475 695 508 matrimonium
710 467 903 512 permutarI,
920 474 978 496 nec

207 532 408 570 commutari,
421 531 504 562 sicut
516 527 666 568 competit
680 526 717 557 de
732 525 818 555 voto.

467 634 647 674 QUAESTIO
669 632 723 664 Ill.

226 724 268 750 An
281 727 398 749 summus
414 718 542 751 Pontifex
553 717 639 752 possit
654 714 810 748 dispensare
824 711 853 736 in
866 710 928 736 voto
944 710 961 733 ¹.

249 801 291 833 De
315 799 512 839 obligatione
538 796 604 827 voti
627 795 661 824 in
685 789 918 831 comparatione
942 786 980 817 ad

209 853 473 895 dispensationem
485 860 493 888 ·‚
507 852 537 881 et
546 848 702 888 quaeritur
710 847 822 876 utrum
834 849 982 872 summus

210 907 356 940 Pontifex
373 905 472 945 possit
492 903 673 942 dispensare
686 899 721 929 in
733 899 825 932 voto;
843 897 873 925 et
897 892 982 933 quod

209 970 286 998 non,
296 959 423 990 videtur
436 967 443 988 z
456 959 485 987 1.
498 955 574 996 quia
585 954 692 985 Glossa
704 959 800 990 super
809 945 981 979 illudPsal-

211 1015 253 1045 mi
263 1017 285 1052 ²,
299 1013 423 1047 vovete,
435 1014 465 1043 et
477 1009 611 1045 reddite,
627 1009 700 1042 etc„
710 1004 801 1035 dicit:
816 1014 830 1030 «
843 1000 983 1032 Reddexe

211 1070 258 1099 est
273 1065 475 1097 necessitatis.
492 1074 506 1091 n
525 1061 587 1093 Sed
605 1060 687 1091 circa
703 1067 750 1093 ea,
769 1064 841 1096 quae
856 1055 931 1084 sunt
946 1052 983 1082 de

211 1121 394 1151 necessitate
417 1116 544 1153 salutis,
560 1123 624 1144 non
652 1113 755 1152 potest
783 1106 982 1148 dispensari:

213 1182 302 1213 ergo,
318 1174 377 1203 etc.

254 1229 284 1257 Ξ.
307 1225 386 1255 Item
408 1220 562 1261 obligatio
585 1218 650 1249 voti
670 1219 718 1247 est
739 1212 913 1245 secundum
931 1212 987 1250 Jus

213 1278 369 1314 naturaie,
380 1275 464 1317 quod
479 1275 573 1314 patet,
585 1271 662 1311 quia
676 1268 765 1300 omni
780 1270 921 1306 tempore
936 1273 987 1294 cu-

215 1333 312 1364 currit
331 1342 338 1362 z
364 1329 419 1360 sed
436 1327 580 1359 Pontifex
602 1333 667 1355 non
690 1323 791 1362 potest
806 1320 838 1350 in
864 1327 901 1348 ea
915 1325 987 1357 quae

216 1388 289 1418 sunt
300 1384 385 1425 Juris
399 1380 552 1413 naturalis
569 1388 577 1408 z
593 1385 683 1416 ergo,
701 1377 761 1406 etc.

258 1442 287 1471 3.
305 1438 383 1468 Item
397 1433 576 1466 Bernartius
595 1430 669 1461 dicit
687 1438 694 1459 :
717 1440 732 1456 «
746 1426 898 1464 Quaedam
914 1427 990 1455 sunt

217 1495 375 1534 praecepta
385 1488 517 1521 moralia
530 1487 643 1527 primae
658 1481 776 1514 tabulae
785 1505 795 1518 ,
811 1479 991 1511 ordinantia

218 1547 257 1578 ad
273 1546 388 1581 Deum3
405 1542 552 1583 quaedam
571 1537 734 1574 secundae,
751 1533 929 1565 ordinantia
951 1531 989 1562 ad

220 1599 422 1640 proximum;
452 1594 599 1635 quaedam
628 1588 844 1630 superaddita,
875 1589 912 1616 ut
939 1594 990 1615 ca-

219 1653 343 1684 nonfcae
362 1650 554 1684 sanctiones,
575 1649 605 1676 et
627 1646 755 1684 patrum
776 1641 930 1671 instituta.
958 1637 992 1667 In

220 1706 333 1746 primis
359 1713 423 1734 non
451 1703 552 1742 potest
577 1699 769 1737 dispensare,
799 1703 856 1724 nec
884 1693 991 1728 homo,

221 1769 281 1791 nec
301 1759 393 1790 Deus,
410 1756 446 1787 In
462 1753 606 1785 secundis
620 1760 685 1781 non
700 1749 812 1785 homo,
830 1746 881 1776 sed
899 1745 991 1775 Deus.

222 1813 259 1843 In
273 1812 386 1848 tertiis,
395 1813 426 1841 et
439 1809 548 1844 homo,
559 1809 588 1837 et
599 1805 690 1835 Deus.
702 1815 716 1831 n
732 1802 820 1833 Ratio
829 1800 926 1839 thus
936 1800 993 1835 est,

224 1866 301 1906 quia
314 1865 471 1905 praecepta
485 1861 598 1901 primae
612 1857 729 1888 tabulae
742 1853 923 1885 immediate
941 1861 996 1882 or—

225 1919 336 1950 dinant
354 1917 394 1948 ad
411 1916 508 1946 Deum
525 1924 532 1944 ι
549 1913 576 1942 si
596 1920 674 1949 ergo
687 1912 800 1939 votum
816 1906 998 1937 immediate

227 1972 352 2003 ordinat
366 1969 406 2000 ad
420 1968 531 2004 Deum,
547 1965 685 2000 videtur,
696 1964 755 1992 etc.

268 2026 298 2054 4.
316 2023 405 2060 ltem,
415 2021 544 2061 quinon
555 2017 630 2048 facit
640 2015 726 2055 quod
736 2012 902 2053 promittit,
913 2020 999 2041 men-

228 2078 332 2108 titur:
357 2075 410 2106 sed
438 2073 526 2112 Papa
543 2079 609 2101 non
628 2070 731 2108 potest
753 2066 936 2105 dispensare
966 2063 999 2093 in

231 2129 413 2162 mendacio:
430 2135 510 2166 ergo
522 2133 581 2155 nec
591 2124 625 2154 in
640 2123 726 2152 voto.

271 2186 300 2214 ὃ.
312 2182 402 2219 Item,
418 2180 500 2220 quod
510 2186 577 2208 non
591 2177 624 2206 in
634 2177 708 2204 voto
719 2171 922 2203 continentiae
936 2178 1003 2209 spe-

231 2236 362 2272 cialiter,
374 2231 517 2264 videtui¹³
531 2241 538 2260 :
555 2229 627 2260 Non
639 2231 686 2259 est
697 2226 799 2266 eliqua
812 2223 1003 2264 ponderatio

233 2288 426 2321 continentis
439 2286 556 2316 animoe
565 2292 575 2312 .·
588 2282 614 2311 si
626 2289 705 2319 ergo
714 2277 907 2309 continentia
915 2275 1003 2306 nullo

235 2342 329 2374 modo
343 2342 444 2380 potest
458 2334 700 2375 recompensari,
712 2334 808 2372 patet,
822 2334 881 2360 etc.

266 2404 276 2421 ¹
288 2403 324 2434 Cf
340 2403 366 2427 S.
378 2401 479 2429 Thoan,
492 2399 555 2427 ΙΙ-ΙΙ,
569 2404 592 2428 q.
606 2401 732 2424 mxxviii,
743 2391 914 2422 a1·t.to;eth
925 2391 1004 2419 Sent.,

235 2440 293 2464 dist.
310 2443 420 2464 ntuli,
435 2436 545 2466 q.1,art.
562 2427 878 2462 4311i=;11.,1·=·s‹.n.1.,dist
894 2431 1004 2449 mxxvnl.

236 2479 274 2499 art
287 2476 312 2504 9,
326 2481 351 2504 q.
369 2479 400 2501 ης
415 2471 504 2495 Fruuc.
520 2469 551 2492 de
567 2469 658 2498 ila-vr„
675 2466 705 2489 tt'
722 2464 801 2492 Sem„
819 2463 877 2486 dist.
894 2466 1004 2491 μιγητ,

255 2529 261 2535 .
281 2516 305 2541 1,
320 2511 367 2534 nrt.
386 2509 418 2538 7;
439 2506 526 2536 Steph.
547 2503 651 2530 Brulef„
670 2501 701 2525 Ν
717 2501 797 2529 Seni„
815 2499 873 2522 dist.
890 2502 1005 2526 mvm,

761 130 1068 171 SENTEN'rlARUM
1091 130 1164 162 LIB.
1187 130 1237 162 tv.

1069 200 1100 230 6.
1126 198 1223 237 Item,
1247 198 1332 239 quod
1354 207 1413 230 nec
1435 199 1469 229 in
1492 202 1569 230 voto
1590 200 1797 241 paupertatis,

1029 252 1171 290 videtur,
1190 252 1265 292 quia
1282 252 1450 292 perfectius
1472 254 1519 282 est
1541 261 1600 292 pro
1621 252 1683 284 Deo
1703 262 1798 286 men-

1030 305 1150 343 dicare,
1181 314 1277 345 quam
1304 305 1465 336 continere
1490 316 1497 335 :
1527 314 1606 345 ergo
1633 306 1801 346 perfectius

1030 361 1078 388 est
1095 360 1207 389 votum
1227 358 1421 398 paupertatis
1437 369 1444 388 z
1467 366 1548 397 ergo
1570 358 1598 388 si
1619 358 1802 399 dispensare

1032 421 1096 443 non
1109 414 1211 451 potest
1226 411 1258 441 in
1277 413 1350 441 voto
1365 411 1578 449 continentiae,
1594 420 1653 442 nec
1668 420 1803 452 pauper-

1031 465 1114 495 tatis.

1073 520 1102 548 7.
1122 517 1212 555 ltem,
1228 517 1313 557 quod
1326 526 1384 547 nec
1400 517 1434 547 in
1447 519 1522 548 voto
1536 517 1734 555 obedientiae,
1749 518 1803 549 vi-

1033 571 1138 609 detur,
1155 571 1230 610 quia
1244 571 1304 601 hoc
1318 572 1363 600 est
1386 570 1651 610 perfectissimum
1661 595 1670 609 ,
1686 571 1804 611 quiain

1033 625 1176 656 castitate
1189 624 1289 655 vincit
1302 624 1400 655 homo
1414 633 1530 664 corpus
1549 633 1657 663 suum,
1675 625 1710 655 in
1722 633 1803 665 pan·

1033 680 1154 717 pertate
1168 677 1337 714 mundum,
1350 678 1383 708 in
1398 677 1575 709 obedientia
1585 680 1700 709 mactat
1707 677 1806 709 homo

1034 731 1174 770 seipsum
1193 742 1201 761 ι
1219 740 1310 770 ergo,
1327 734 1386 761 etc.

1075 783 1136 815 Sed
1155 786 1264 814 contra
1281 795 1287 813 :
1309 785 1338 814 1.
1361 783 1449 820 Quod
1469 784 1567 824 possit
1585 784 1620 814 in
1638 784 1727 815 omni
1740 784 1802 816 dis
1822 792 1925 814 rna-n.

1036 846 1184 876 pensare,
1203 836 1329 867 videtur
1340 861 1347 873 ,
1374 836 1450 876 quia
1475 838 1587 867 votum
1611 846 1714 867 unum
1740 845 1807 868 non

1037 890 1144 920 minus
1154 889 1288 928 obligat,
1305 898 1403 929 quam
1417 888 1504 920 aliud
1522 900 1529 920 :
1551 889 1604 920 sed
1620 892 1722 930 potat
1741 890 1808 922 dis-

1036 952 1170 984 pensare
1183 943 1217 973 in
1233 943 1339 983 aliquo
1353 967 1360 980 ,
1377 945 1487 983 utpote
1510 943 1544 973 in
1566 945 1642 974 voto
1663 944 1811 984 peregri-

1037 996 1176 1027 nationis
1190 999 1222 1027 εἰ
1234 996 1434 1027 abstinentiae
1450 1008 1456 1025 :
1473 1005 1553 1035 ergo
1571 999 1603 1027 et
1620 997 1652 1028 iu
1667 998 1767 1028 omni.

1078 1052 1108 1080 Ξ.
1129 1049 1205 1080 Item
1219 1074 1226 1087 ,
1250 1049 1335 1090 quod
1356 1050 1531 1089 specialiter
1551 1051 1584 1080 in
1607 1053 1682 1082 voto
1706 1051 1806 1082 conti-

1038 1103 1167 1140 nentiae,
1184 1103 1321 1141 videtur,
1337 1104 1411 1143 quia
1425 1104 1616 1144 dispensatio
1630 1104 1735 1136 locum
1750 1105 1808 1136 ha-

1039 1155 1101 1192 bet,
1118 1158 1155 1185 ut
1167 1155 1243 1186 dicit
1255 1155 1437 1186 Bernardus
1453 1156 1476 1192 ⁴,
1493 1156 1549 1186 uhi
1569 1157 1652 1187 cadit
1673 1158 1808 1188 necessi-

1040 1210 1097 1245 tas,
1113 1208 1163 1238 vel
1179 1209 1356 1239 eommunis
1371 1208 1491 1238 utilitas
1506 1220 1513 1239 :
1533 1209 1586 1240 sed
1606 1210 1754 1250 possibile
1764 1213 1813 1242 est

1041 1261 1127 1301 quod
1139 1261 1255 1301 aliquis
1266 1271 1307 1293 ex
1317 1262 1439 1293 defectu
1450 1263 1593 1293 mulieris
1606 1262 1750 1294 incurrat
1764 1273 1815 1304 pe-

1043 1315 1181 1345 riculum
1194 1315 1317 1353 mortis,
1333 1315 1413 1346 sicut
1428 1315 1544 1346 dicitur
1560 1316 1598 1347 de
1619 1325 1697 1356 rege
1713 1316 1816 1348 tudo-

1044 1367 1126 1398 vico.
1144 1367 1203 1398 Sed
1219 1367 1369 1407 possibile
1383 1371 1428 1398 est
1444 1368 1530 1408 quod
1544 1377 1655 1400 omnes
1671 1370 1815 1401 morian·

1044 1423 1098 1450 tur
1112 1421 1167 1460 qui
1182 1423 1313 1460 possunt
1324 1430 1489 1459 generare,
1501 1421 1567 1452 solo
1580 1431 1617 1452 eo
1631 1426 1817 1455 remanente

1045 1474 1101 1513 qui
1115 1474 1223 1511 vovit,
1240 1476 1272 1504 et
1294 1478 1479 1504 remanente
1503 1473 1588 1514 Papa
1613 1478 1644 1506 et
1664 1476 1814 1508 muliere:

1046 1535 1124 1584 ergo
1137 1526 1162 1556 si
1176 1526 1345 1557 necessitas
1357 1529 1405 1557 est
1418 1528 1668 1559 conservationis
1689 1529 1816 1569 speciei,

1047 1588 1080 1609 in
1094 1588 1170 1609 casu
1184 1580 1243 1610 isto
1256 1582 1359 1620 posset
1374 1580 1572 1611 contrahere.

1089 1635 1118 1663 3.
1138 1632 1214 1663 Item
1232 1633 1378 1672 possibile
1386 1636 1432 1664 est
1441 1643 1480 1664 ex
1489 1635 1695 1666 matrimonio
1707 1644 1818 1675 pacem

1048 1686 1195 1717 Ecclesiae
1210 1687 1292 1724 dari,
1310 1696 1383 1726 quae
1406 1689 1452 1717 est
1475 1688 1656 1718 communis
1674 1689 1818 1720 utilitas:

1049 1743 1081 1771 et
1101 1740 1282 1771 communis
1307 1740 1426 1770 utilitas
1448 1740 1644 1779 praeferenda
1666 1745 1714 1772 est
1737 1742 1821 1774 bono

1050 1794 1174 1834 privato
1189 1805 1196 1824 :
1212 1803 1301 1832 ergo,
1318 1796 1376 1824 etc.

1091 1850 1120 1878 4.
1140 1847 1229 1885 item,
1242 1847 1325 1886 quod
1339 1847 1371 1876 in
1382 1849 1456 1876 voto
1469 1848 1672 1887 paupertatis,
1683 1847 1820 1887 videtur,

1053 1901 1128 1941 quia
1141 1900 1323 1940 dispensare
1338 1902 1439 1939 potest
1462 1899 1496 1929 in
1508 1903 1582 1930 voto
1598 1900 1796 1932 abstinentiae
1812 1912 1820 1932 :

1054 1955 1106 1985 sed
1118 1956 1223 1994 majus
1231 1956 1278 1984 est
1292 1962 1420 1984 carnem
1434 1962 1526 1984 suam
1539 1963 1710 1991 macerare,
1725 1963 1823 1995 quam

1054 2008 1181 2039 divitias
1196 2007 1372 2038 dimittere:
1388 2015 1479 2046 ergo,
1496 2009 1554 2038 etc.

1097 2063 1126 2091 5.
1143 2060 1235 2097 Item,
1251 2060 1335 2099 quod
1349 2060 1382 2089 in
1395 2062 1470 2090 voto
1481 2059 1679 2098 obedientiae,
1688 2060 1824 2099 videtur,

1056 2114 1132 2154 quia
1142 2122 1290 2143 summus
1306 2111 1448 2142 Pontifex
1464 2112 1599 2143 assumit
1611 2112 1650 2143 de
1665 2112 1827 2152 religioni-

1057 2167 1118 2197 bus
1133 2165 1173 2196 ad
1185 2165 1355 2204 dignitates
1368 2167 1400 2195 et
1412 2164 1628 2204 praelationes:
1645 2166 1698 2196 sed
1716 2166 1762 2196 sic
1773 2174 1828 2196 as-

1059 2219 1179 2259 sumpti
1200 2227 1266 2249 non
1292 2220 1443 2249 tenentur
1463 2217 1589 2248 obedire
1615 2218 1755 2258 praelafis
1779 2219 1829 2250 sui

1059 2272 1194 2309 ordinis,
1209 2271 1326 2314 quihus
1345 2273 1503 2302 voverunt
1523 2271 1734 2302 obedientiam
1750 2282 1758 2302 :
1777 2280 1830 2302 er-

1061 2335 1116 2366 go,
1131 2328 1190 2356 etc.

1061 2430 1086 2454 q.
1101 2429 1143 2453 γη
1161 2424 1227 2463 t’etr.
1243 2421 1273 2445 de
1290 2423 1402 2451 iurant„
1423 2422 1454 2445 lv
1470 2422 1549 2447 Sene..
1567 2421 1624 2445 dist.
1642 2427 1752 2450 xxxviii,
1766 2428 1791 2453 q.
1805 2428 1831 2446 xx

1061 2463 1086 2482 et
1098 2466 1123 2482 x.
1135 2471 1164 2475 —
1181 2467 1189 2471 -
1199 2458 1266 2480 mal.
1279 2462 1354 2483 Lux.
1370 2459 1406 2481 ¹2.
1418 2470 1445 2474 -
1460 2457 1470 2471 ⁵
1480 2456 1571 2486 Εςςίιζ,
1586 2462 1621 2486 u,
1638 2459 1674 2480 ’.5,
1684 2469 1715 2474 -
1725 2457 1734 2472 ⁵
1744 2458 1810 2481 Bert-

1061 2493 1090 2517 de
1102 2493 1264 2523 Dispensaffi
1278 2495 1334 2523 post
1346 2492 1455 2516 initium.
1820 2475 1830 2487 '
