1991 3006
45 2488 127 2516 Expiie.

650 189 744 221 DIST.
766 189 870 220 XLIII.
896 189 983 220 ART.
1009 190 1032 220 Ι.
1056 189 1203 226 QUAEST.
1232 190 1280 220 Vl.

162 258 260 288 honos
273 257 470 288 remunerari
484 257 518 287 in
529 257 635 287 anima
645 258 675 287 et
688 265 830 296 corpore,
846 256 924 286 sieut

158 313 361 348 meruerunt3
380 313 411 340 et
428 310 527 340 malos
549 310 672 349 puniri,
689 310 770 340 sieut
793 309 851 348 ipsi
870 309 923 339 de-

158 365 355 393 meruerunt.

198 418 227 445 2.
245 416 337 452 Item,
354 415 379 445 si
404 417 449 445 est
469 424 578 452 causa,
597 423 705 454 quaero
726 414 759 444 in
778 423 841 453 (1110
865 423 923 452 ge-

157 477 233 498 nere
255 479 261 497 :
280 477 345 498 non
373 467 521 505 efficiens,
552 470 682 505 constat,
712 467 786 506 quia
812 466 925 497 Christi

157 520 345 550 resurrectio
359 522 405 550 θεῖ
420 520 579 559 praeterita
596 532 601 550 :
620 521 673 551 sed
685 520 767 560 quod
781 520 923 559 praeteri--

156 575 226 603 tum
241 575 298 610 est,
310 582 373 602 non
384 573 479 602 efficit
490 573 517 602 id
530 573 613 612 quod
623 574 766 603 futurum
781 575 839 602 est.
852 571 921 602 Non

156 624 271 662 finalis,
299 634 357 655 nec
380 625 568 663 materialis,
599 628 719 655 constat
741 636 747 655 z
774 634 854 664 ergo
878 627 925 655 est

156 677 357 716 exemplaris.
375 678 487 708 Contra
503 689 509 707 2
528 677 628 708 Causa
646 678 836 717 exemplaris
859 687 923 708 non

155 730 247 760 infert
257 739 351 760 suum
370 730 517 760 effectum
529 730 596 761 :sed
611 731 798 761 resurrectio
811 731 922 761 Christi

155 782 247 813 Infert
256 785 394 813 nostram
405 794 411 813 z
424 792 513 822 ergo,
531 785 590 813 etc.

196 839 224 866 3.
242 836 320 866 Item
334 837 491 867 malorum
508 837 696 867 resurrectio
711 847 775 867 non
799 837 922 868 assimi-

154 888 238 919 latur
264 890 486 920 resurrectioni
516 889 628 920 Christi
651 900 657 919 :
683 899 762 928 ergo
785 899 848 920 non
878 893 924 920 est

155 941 317 981 exemplar
331 942 568 972 resurrectionis
580 942 737 972 malorum
751 953 757 972 :
775 952 854 982 ergo
866 953 924 974 11θο

157 994 314 1032 generalis
333 995 583 1025 resurrectionis.

194 1049 223 1076 4.
238 1046 327 1085 Item,
344 1047 428 1086 quod
450 1056 513 1077 vox
535 1046 648 1077 Christi
668 1056 732 1078 non
753 1048 792 1078 sit
817 1057 921 1085 causa,

154 1099 295 1130 videtur:
308 1100 383 1138 quia
395 1100 584 1130 resurreetio
596 1100 631 1130 fit
646 1100 762 1138 subito,
775 1103 805 1131 et
819 1110 924 1140 {equa-

154 1151 193 1181 lis
206 1152 332 1182 virtutis
347 1154 393 1182 est
414 1161 528 1192 corpus
543 1153 714 1183 reformare
724 1178 732 1190 ,
749 1154 828 1184 sicut
851 1155 921 1184 ani-

154 1214 239 1234 mam
257 1215 262 1234 :
281 1206 334 1235 sed
348 1205 407 1235 hoe
420 1207 466 1235 est
480 1206 626 1244 potentiae
650 1206 784 1237 infinitae
797 1230 804 1244 ‚
823 1208 854 1236 et
870 1207 923 1237 illa

153 1259 200 1287 est
213 1257 309 1288 solius
324 1258 378 1287 Dei
393 1269 399 1287 :
415 1267 506 1296 ergo,
524 1261 582 1288 etc.

193 1312 222 1340 5.
242 1309 330 1348 Item,
347 1311 372 1340 si
386 1311 500 1340 mortui
515 1311 648 1341 audiunt
664 1321 784 1349 vocem,
801 1315 856 1342 aut
869 1323 921 1343 an-

153 1365 281 1402 tequam
298 1366 485 1403 resurgant,
502 1366 560 1397 aut,
580 1366 667 1403 post:
686 1365 711 1394 si
730 1367 819 1402 ante,
842 1375 921 1404 ergo

152 1418 224 1446 ante
248 1416 391 1453 audiunt,
419 1426 514 1456 quam
538 1418 662 1454 vivant3
685 1418 709 1447 si
734 1421 818 1457 post,
843 1428 921 1457 ergo

151 1477 215 1498 vox
230 1477 294 1498 non
309 1469 367 1498 erit
383 1478 476 1499 causa
491 1470 742 1500 resurrectionis.

191 1523 220 1551 6.
237 1521 331 1558 Item,
349 1531 443 1561 super
471 1522 547 1552 illud
572 1522 686 1552 Psalmi
705 1534 710 1553 :
729 1523 821 1553 Dabit
851 1523 921 1554 voci

150 1582 215 1606 suoe
225 1583 329 1606 vocem
340 1576 482 1611 virtutis,
491 1576 564 1606 dicit
576 1576 699 1606 Glossa:
716 1588 730 1604 «
740 1575 919 1606 Efficaciam

150 1629 355 1658 resuscitandi
372 1638 503 1668 corpora
520 1639 526 1658 :
541 1641 554 1655 υ
575 1629 628 1659 sed
656 1629 781 1668 quando
812 1628 919 1668 aliqua

150 1681 288 1719 potentia
309 1681 402 1711 datur
423 1681 534 1717 alicui,
558 1682 704 1720 quamvis
731 1681 919 1712 miraculose

149 1733 260 1771 detur,
275 1733 414 1773 operatio
436 1736 542 1764 tamen
557 1734 723 1773 egrediens
742 1734 780 1764 ah
800 1734 852 1764 illa
872 1736 919 1764 est

148 1786 310 1823 naturalis
336 1786 417 1816 sicut
440 1788 522 1826 putet
546 1787 578 1816 in
602 1796 683 1817 caeco
711 1787 889 1818 illuminato
910 1799 916 1818 :

148 1848 226 1878 ergo
243 1839 269 1869 si
285 1841 331 1870 est
343 1840 581 1878 perpotentiam
596 1840 701 1869 datam
715 1840 797 1877 voci,
815 1849 917 1870 resur-

148 1893 244 1922 reetio
267 1895 314 1922 est
335 1892 487 1922 naturalis
507 1901 513 1922 :
535 1894 626 1932 quus
650 1893 845 1923 contrarium
866 1902 916 1923 os-

149 1946 275 1975 tensum
289 1947 335 1975 est
350 1954 454 1984 supra.

424 2055 645 2087 CONCLUSIO.

150 2143 313 2170 Resurrectio
328 2144 373 2176 fiet
389 2143 584 2177 principaliter
602 2150 618 2168 a
637 2144 807 2170 sanctissima
824 2145 917 2170 Trini-

186 2188 258 2219 tate,
287 2189 312 2213 et
338 2187 577 2213 instrumentaliter
609 2194 626 2212 a
654 2195 714 2213 voce
745 2188 865 2219 Christi,
893 2191 917 2214 et

185 2230 375 2264 exemplariter
388 2238 404 2256 a
420 2232 609 2257 resurrectione
621 2231 683 2264 ejus.

189 2315 280 2355 Resp.
304 2315 342 2345 ad
364 2324 435 2354 arg.
455 2315 626 2345 Dicendum
650 2315 734 2354 quod
749 2316 781 2346 in
797 2316 918 2348 Christo

149 2370 196 2398 est
205 2368 367 2407 assignare
378 2370 494 2398 nostrae
508 2368 746 2398 resurrectionis
759 2369 916 2409 duplirem

149 2430 286 2458 causam,
303 2421 419 2451 seilicet
432 2421 629 2458 efficientem,
646 2423 676 2450 et
690 2422 914 2461 exemplarem.

149 2472 341 2503 Efficientem
356 2475 462 2503 autem
482 2466 647 2512 dupliciter
668 2476 715 2503 est
729 2475 913 2513 assignare:

150 2528 205 2556 aut
218 2526 299 2556 sicut
313 2526 450 2565 primum
472 2525 664 2565 principium
676 2549 685 2563 ‚
700 2529 754 2556 aut
768 2527 849 2558 sicut
864 2528 916 2558 iu—

184 2607 189 2619 ¹
205 2607 279 2637 Aug„
299 2606 329 2629 de
347 2605 422 2629 Civit.
440 2605 502 2634 Dei,
517 2605 561 2628 lib.
577 2605 647 2634 ΧΙΙΙ,
663 2612 685 2629 c.
706 2611 785 2637 xxm,
804 2614 830 2630 11.
847 2609 869 2631 2.
889 2621 914 2625 -

151 2641 161 2654 ²
173 2641 273 2671 Ephes„
289 2646 317 2670 11,
333 2642 356 2664 5.
370 2653 401 2658 -
417 2640 427 2657 ⁸
439 2642 513 2671 Aug„
530 2641 554 2663 in
568 2640 640 2664 Joan.
654 2642 727 2664 tract.
742 2648 819 2673 xxm,
834 2649 860 2666 n.
878 2644 914 2667 12.

1691 198 1749 226 463

980 258 1204 287 strumentum.
1221 255 1366 286 Efficiens
1382 257 1462 288 sieut
1476 257 1616 297 prImum
1636 259 1748 299 prinei-

979 310 1066 349 pium
1082 312 1127 340 est
1142 309 1283 340 Christus
1299 311 1474 341 secundum
1489 311 1701 351 divinitatem,
1719 317 1750 344 et

979 365 1042 392 tota
1056 362 1200 392 Trinitas.
1217 362 1362 392 Efficiens
1385 364 1466 394 sicut
1488 365 1747 404 instrumentum,

979 418 1097 445 estvox
1112 415 1236 452 Christi,
1254 415 1293 445 ad
1308 417 1399 454 cujus
1415 417 1622 455 prolationem
1636 421 1667 449 et
1688 428 1748 450 vo-
1781 437 1785 440 ·

979 468 1132 498 cntionem
1151 469 1269 498 mortui
1291 472 1470 508 resurgent.
1490 470 1641 501 Similiter
1656 481 1749 502 causa

979 521 1166 560 exemplaris
1184 521 1301 560 duplex
1320 524 1366 551 est
1384 533 1389 552 :
1407 531 1472 552 una
1493 522 1526 552 in
1547 533 1610 562 qua
1633 533 1683 554 res
1697 533 1750 555 θο-

981 575 1144 611 gnoscitur
1157 576 1187 604 et
1202 574 1391 613 disponitur,
1408 575 1496 605 etsie
1508 578 1555 606 est
1578 576 1631 606 Dei
1653 576 1750 607 Filius

979 627 1154 657 seeundum
1166 627 1308 657 divinam
1318 630 1476 665 naturam,
1487 631 1516 658 et
1528 631 1591 659 tota
1600 630 1748 667 Trinitas;

979 680 1039 710 alio
1057 680 1159 717 niodo,
1171 680 1204 709 in
1219 689 1282 719 quo
1293 689 1344 710 res
1360 680 1562 712 inchoaturet
1576 683 1751 722 exemplifi-

979 735 1079 770 catur,
1095 735 1125 763 θῖ
1141 733 1184 763 sic
1207 735 1253 763 est
1268 733 1456 763 resurrectio
1473 733 1595 772 Christi,
1614 735 1700 774 quia,
1715 738 1750 766 ut

978 786 1053 816 dicit
1069 786 1271 824 Augustinus
1286 786 1307 822 ¹,
1324 785 1362 816 de
1377 786 1513 818 Civitate
1523 786 1603 817 Dei:
1622 798 1636 815 «
1661 786 1748 818 Talia

978 841 1074 868 erunt
1088 847 1220 878 corpora
1233 841 1350 876 nostra,
1368 838 1460 877 quale
1475 839 1617 870 Christus
1632 849 1689 870 sua
1703 849 1748 870 re-

979 891 1171 921 surrectione
1196 891 1386 921 monstravit
1410 892 1461 931 (a).
1482 892 1570 922 Unde
1592 894 1638 923 est
1660 893 1750 932 quasi

979 944 1173 983 exemplum,
1188 944 1221 973 iu
1236 953 1299 983 quo
1314 945 1421 974 nostra
1435 945 1622 975 resurrectio
1637 947 1682 975 est
1697 945 1749 975 in-

979 997 1100 1033 choata,
1118 999 1270 1035 tanquam
1290 997 1509 1027 membrorum
1528 998 1561 1027 in
1577 998 1689 1037 capite,
1706 998 1748 1028 si-

978 1052 1031 1079 cut
1046 1049 1161 1079 dicitur
1205 1060 1210 1079 :
1234 1049 1481 1087 convivificavit
1495 1058 1551 1081 rios
1569 1050 1708 1088 Christo,
1722 1055 1750 1082 et

978 1102 1198 1140 resuscitavit,
1227 1104 1285 1132 etc.
1324 1102 1410 1132 Patet
1441 1103 1559 1141 igitur,
1590 1103 1749 1142 quomodo

978 1154 1091 1184 Christi
1114 1155 1320 1191 resurrectio,
1339 1158 1369 1185 et
1394 1164 1457 1185 vox
1479 1156 1564 1194 ejus,
1589 1158 1636 1186 est
1656 1165 1749 1187 causa

978 1211 1094 1238 nostrze
1110 1208 1359 1238 resurrectionis.
1378 1208 1416 1238 Et
1431 1209 1505 1247 quia
1520 1209 1707 1239 resurreetio
1719 1212 1749 1239 et

978 1271 1040 1291 vox
1052 1264 1098 1291 est
1114 1261 1183 1291 Filii
1199 1261 1251 1292 Dei
1267 1262 1299 1291 in
1316 1271 1419 1299 carne,
1437 1261 1507 1291 ideo
1527 1261 1600 1292 dicit
1616 1262 1747 1300 Augus-

978 1314 1064 1344 tinus
1080 1316 1089 1332 ³
1104 1322 1198 1353 super
1216 1314 1387 1350 Jocmnem,
1418 1314 1502 1353 quod
1530 1323 1585 1353 per
1608 1313 1748 1344 Verbum

977 1376 1105 1397 carnem
1118 1367 1234 1397 frictum
1246 1368 1281 1397 sit
1291 1367 1478 1397 resurrectio
1491 1375 1673 1406 corporum.

1019 1423 1046 1450 1.
1057 1420 1103 1449 Ad
1114 1420 1189 1449 illud
1200 1420 1284 1459 quod
1294 1420 1451 1459 objicitur,
1462 1420 1544 1459 quod
1560 1419 1747 1450 resurreetio

977 1472 1089 1502 Christi
1110 1482 1173 1502 non
1187 1475 1233 1502 est
1245 1482 1348 1510 causa,
1364 1473 1437 1511 quia
1455 1473 1532 1502 alias
1546 1475 1627 1503 esset
1640 1482 1745 1503 resur-

976 1525 1083 1562 rectio,
1100 1528 1171 1562 ete.;
1188 1525 1355 1555 dicendum
1366 1525 1448 1564 quod
1468 1528 1544 1555 tune
1557 1525 1639 1555 Deus
1658 1525 1748 1556 aliter

976 1578 1108 1615 faceret3
1126 1577 1178 1608 sed
1192 1587 1264 1608 cum
1276 1578 1411 1608 decrevit
1423 1578 1587 1615 Siesacet'e,
1597 1578 1667 1608 ideo
1677 1578 1746 1609 haee

976 1633 1022 1660 est
1036 1640 1141 1660 causa.

1016 1685 1043 1713 9..
1064 1683 1110 1713 Ad
1127 1683 1202 1713 illud
1219 1684 1303 1723 quod
1317 1684 1476 1722 objicitur,
1489 1683 1572 1723 quod
1584 1683 1746 1723 exemplar

975 1745 1039 1766 non
1052 1736 1155 1772 inferi,
1168 1739 1241 1773 ete„
1251 1736 1418 1766 dicendum
1430 1737 1512 1775 quod
1524 1746 1637 1766 verum
1650 1739 1696 1766 est
1708 1737 1746 1767 de

975 1789 1148 1827 exempl-ari
1164 1789 1267 1828 inquo
1278 1798 1327 1818 res
1342 1789 1560 1827 eognoscitur3
1574 1789 1628 1819 sed
1641 1791 1746 1819 tamen

975 1842 1137 1881 exemplar
1151 1842 1185 1871 in
1199 1851 1261 1880 quo
1273 1851 1323 1872 res
1338 1842 1516 1879 inchoatur,
1531 1841 1585 1871 uhi
1600 1841 1679 1871 nihil
1693 1850 1746 1880 po-

974 1897 1034 1924 test
1050 1894 1187 1933 relinqui
1204 1895 1433 1933 imperfectum,
1451 1894 1488 1924 de
1505 1894 1687 1924 necessitate
1701 1894 1746 1923 in-

975 1948 1033 1977 sert
1052 1959 1057 1977 :
1075 1947 1175 1984 unde,
1193 1947 1273 1977 siout
1286 1949 1379 1986 capnt
1392 1956 1457 1977 non
1474 1948 1575 1985 potest
1595 1955 1662 1976 esse
1677 1946 1744 1976 sine

975 2000 1147 2037 membris,
1167 2000 1210 2029 sic
1233 2009 1290 2030 nee
1312 1999 1500 2030 resurrectio
1521 1998 1650 2038 capitis,
1666 1999 1744 2038 quin

973 2054 1186 2091 consequatur
1200 2052 1389 2082 resurreetio
1405 2052 1635 2082 membrorum.

1015 2109 1044 2136 3.
1059 2106 1106 2136 Ad
1128 2106 1206 2136 illud
1224 2106 1307 2145 quod
1329 2106 1490 2145 objicitur,
1513 2105 1595 2144 quod
1617 2114 1680 2135 non
1694 2114 1742 2135 as-

974 2159 1143 2196 similatur,
1154 2159 1324 2189 ‹l'mendum
1340 2159 1424 2198 quod
1442 2168 1505 2188 non
1520 2159 1652 2198 perfecte
1666 2158 1742 2188 assi-

974 2212 1103 2242 milatur
1118 2211 1339 2241 resurrectioni
1356 2211 1525 2248 malorum,
1541 2213 1571 2241 et
1587 2211 1655 2241 ideo
1679 2219 1744 2241 non

974 2267 1047 2294 sunt
1062 2264 1195 2303 perfecte
1216 2264 1408 2303 exen]plata;
1426 2263 1618 2294 assimilatur
1637 2266 1744 2293 tamen

974 2317 1005 2346 111
1024 2317 1163 2355 corpor&
1182 2317 1294 2347 iterata
1308 2317 1519 2347 vivificatione
1531 2340 1539 2354 ,
1555 2319 1586 2346 et
1609 2316 1742 2345 indisso-

974 2369 1062 2399 lubili
1079 2370 1195 2399 unione
1209 2380 1214 2398 :
1232 2372 1262 2399 et
1277 2369 1346 2399 ideo
1361 2370 1407 2399 est
1419 2369 1576 2408 generalis
1589 2377 1744 2398 resurree-

974 2422 1067 2452 tionis
1082 2422 1255 2461 exemplar.

1014 2477 1043 2503 Ιι.
1062 2474 1109 2504 Ad
1126 2474 1201 2504 illud
1217 2474 1301 2513 quod
1316 2474 1464 2513 objicitur
1473 2474 1510 2504 de
1527 2483 1603 2505 voce
1618 2471 1741 2508 Christi,

973 2527 1055 2566 quod
1073 2536 1135 2557 non
1147 2527 1186 2557 sit
1200 2536 1304 2563 causa,
1318 2528 1393 2566 quia
1406 2536 1506 2557 resurr
1516 2527 1595 2557 ectio
1610 2527 1655 2555 est
1665 2532 1744 2563 opus

974 2580 1101 2609 vi1tutis
1114 2579 1259 2617 infinitae,
1270 2580 1330 2610 dici
1343 2582 1455 2619 potest,
1466 2580 1546 2610 sicut
1558 2577 1744 2618 praedictum

1005 2642 1041 2671 (a)
1056 2641 1116 2665 caet.
1131 2641 1190 2665 edit.
1205 2643 1288 2665 onritt.
1303 2641 1464 2665 monstravit.
