1991 3006
649 171 744 202 DIST.
768 171 844 202 xlx.
868 171 958 203 ART.
982 171 1020 202 ll.
1044 170 1190 208 QUAEST.
1217 172 1253 202 ΙΙ.
1711 179 1747 206 47

151 243 227 275 serit
239 250 394 282 unquam;
410 241 563 280 quantum
576 239 615 268 ad
626 247 720 269 usum
730 247 807 269 vero
818 239 921 277 exigit

151 305 309 336 organum
325 295 404 325 bene
419 292 622 332 dispositum,
643 293 673 321 et
685 291 831 322 ‘medium
845 292 919 322 illu-

151 350 307 380 minatum
319 359 326 378 t
338 348 382 377 sic
393 346 427 376 in
440 345 598 385 proposito
609 347 654 375 est
663 345 918 383 intelligendum,

151 403 234 443 quod
249 402 272 432 si
288 401 455 440 loquamur
465 399 502 429 de
518 398 657 438 potentia
669 397 809 428 solvendi
823 408 921 438 quan-

149 458 218 487 tum
232 455 271 486 ad
289 453 471 489 essentiam,
493 452 536 481 sic
551 450 729 481 radicaliter
743 452 790 481 est
805 451 838 481 in
854 451 921 491 ipsa

149 509 265 545 anima,
277 507 357 537 sicut
371 508 401 536 et
416 505 587 540 character,
603 513 661 534 nec
674 503 800 534 videtur
812 503 852 533 ab
867 503 920 534 illo

148 561 283 599 differre,
292 560 352 590 nisi
361 558 534 590 secundum
540 557 724 587 relationem
731 556 900 596 quamdam
910 567 917 587 :

147 616 178 644 et
191 614 252 644 hoc
266 613 358 644 modo
375 611 625 651 inseparabiliter
639 619 671 640 se
683 611 767 640 tenet
782 619 856 640 cum
869 619 917 640 sa-

147 667 294 698 cerdotali
312 667 431 697 ordine.
450 665 519 695 Alio
537 664 630 694 modo
647 672 816 703 possumus
834 664 918 703 loqui

146 723 302 761 quantum
322 720 361 751 ad
377 728 473 750 usum
491 728 498 749 z
515 719 546 748 et
559 717 619 748 hoc
634 716 728 747 modo
743 716 920 747 necessario

146 774 320 813 requiritur
333 774 432 803 status
442 771 581 809 viatoris,
598 773 628 801 et
639 770 811 801 auctoritas
820 771 918 810 juris-

146 826 302 857 dictionis.
331 825 419 863 Quod
442 827 542 855 status
568 824 697 855 viatoris
721 824 917 863 requiratur,

146 882 247 920 patet,
266 879 339 919 quia
350 879 431 909 sicut
441 878 519 908 ratio
532 877 674 908 merendi
689 886 755 907 non
771 878 919 917 competit

146 932 290 963 charitati
307 933 397 962 extra
414 932 529 961 statum
552 930 629 968 viae,
652 930 696 960 sic
710 939 769 960 nec
784 933 919 969 potestas

146 983 383 1021 reconciliandi,
401 985 432 1013 et
451 985 648 1013 sacramenta
665 982 837 1013 exhibendi
851 982 918 1014 sive

144 1037 400 1074 administrandi,
426 1036 487 1066 nisi
512 1036 545 1066 in
571 1037 651 1066 statu
675 1035 812 1066 ecclesiae
833 1036 918 1066 mili-

145 1091 239 1120 tantis
262 1101 268 1120 :
293 1093 323 1120 et
344 1090 389 1120 sic
414 1099 468 1129 per
491 1091 626 1119 mortem
649 1089 763 1119 dicitur
782 1091 918 1128 potestas

144 1151 239 1172 usum
255 1142 398 1172 amittere
412 1142 447 1172 in
462 1141 569 1172 anima
581 1142 735 1180 separata.
753 1141 841 1177 Quod
857 1141 915 1171 ite-

143 1204 216 1226 rum
233 1195 414 1235 requiratur
425 1195 615 1235 Jurisdictio,
634 1196 718 1234 patet
733 1195 776 1224 sic
792 1206 798 1224 z
817 1204 918 1226 sacer-

142 1248 198 1279 dos
212 1249 298 1279 enim
314 1250 359 1279 est
379 1249 542 1285 mediator,
562 1250 602 1285 et,
624 1248 658 1277 in
677 1250 833 1287 quantum
850 1257 915 1278 me-

142 1303 255 1341 diator,
268 1305 397 1334 inferior
405 1306 452 1334 est
460 1303 532 1341 Deo,
543 1305 572 1333 et
581 1303 725 1342 superior
734 1303 916 1341 pcenitente,

143 1358 173 1387 et
192 1357 308 1387 arbiter
330 1359 360 1386 et
375 1356 473 1395 judex
496 1356 618 1386 homini
639 1355 828 1386 constitutus
850 1355 916 1385 loco

143 1409 195 1440 Dei
219 1410 257 1440 ad
280 1410 500 1449 aperiendum,
522 1409 589 1439 sive
608 1408 812 1446 solvendum,
834 1411 864 1438 et
878 1409 917 1439 ad

142 1462 349 1501 parcendum,
375 1462 441 1492 sive
465 1461 663 1501 puniendum
686 1473 693 1492 :
716 1461 785 1491 talis
808 1464 916 1492 antem

137 1515 290 1554 judicatio
305 1524 369 1545 non
384 1517 430 1545 est
448 1515 516 1545 sine
531 1515 637 1554 aliqua
648 1515 868 1554 jurisdictione
883 1516 916 1546 in

141 1577 214 1599 eum
226 1568 281 1608 qui
288 1569 461 1608 judicatur,
474 1569 549 1608 quia
560 1577 653 1599 nemo
665 1571 765 1608 potest
775 1568 915 1608 aliquem

137 1621 298 1661 judicare,
315 1622 375 1652 nisi
391 1622 447 1662 qui
460 1622 559 1660 ,iudex
576 1623 645 1662 ejus
660 1622 862 1652 constituitur
877 1623 915 1652 ab

143 1685 180 1706 eo
194 1676 248 1715 qui
264 1678 374 1715 potest.
388 1676 425 1706 Et
435 1676 504 1707 ideo
518 1676 692 1715 jurisdictio
705 1677 752 1706 est
763 1678 914 1715 tanquam

142 1728 190 1758 vis
212 1729 332 1759 motiva
352 1729 450 1769 ipsius
471 1729 583 1765 clavis,
606 1729 673 1759 sive
694 1738 806 1759 manus
828 1739 835 1759 ε
857 1729 916 1759 hac

140 1784 246 1812 autem
261 1782 440 1820 deficiente,
462 1791 534 1822 quae
549 1782 670 1813 clavem
692 1784 834 1819 moveat,
857 1782 916 1813 etsi

139 1834 219 1865 adsit
229 1834 335 1873 clavis,
348 1845 512 1875 nunquam
527 1835 645 1875 aperiet
658 1846 664 1865 :
677 1838 707 1866 et
720 1836 744 1865 si
758 1836 913 1866 amittitur

139 1886 207 1917 haec
224 1887 414 1926 Jurisdictio,
434 1889 533 1918 cessat
552 1888 649 1918 clavis
664 1887 819 1918 executio.
841 1887 915 1918 Haec

139 1941 247 1969 autem
266 1940 421 1970 amittitur
438 1940 604 1980 dupliciter
621 1952 627 1970 :
646 1940 695 1971 vel
711 1949 766 1980 per
779 1940 913 1971 ablatio-

139 2000 213 2022 nem
228 1992 426 2023 suhditorum
442 1996 595 2033 quantuni
613 1994 652 2024 ad
665 2002 745 2030 rem,
762 1995 792 2023 et
807 1993 850 2023 sic
866 1996 913 2023 est

138 2044 171 2074 in
186 2044 402 2082 schismaticis,
424 2046 591 2083 haereticis,
608 2046 759 2086 praecisis,
779 2046 913 2076 fornica·

139 2097 193 2127 riis
204 2098 346 2136 notoriis,
361 2100 655 2136 excommunicatis,
667 2101 698 2130 et
709 2099 893 2138 hujusmodi
903 2110 910 2137 ;

139 2150 189 2180 vel
204 2154 360 2190 quantum
375 2152 413 2182 ad
430 2152 621 2182 ablationem
637 2153 811 2183 secundum
826 2162 908 2191 rem,

139 2205 169 2234 et
183 2204 357 2235 secundum
373 2214 472 2244 spem,
490 2207 520 2235 et
534 2205 577 2235 sic
592 2206 630 2245 (a)
647 2208 694 2236 est
710 2206 741 2235 in
757 2205 912 2244 degrada-

140 2256 194 2294 tis,
218 2257 334 2296 quibus
356 2258 423 2289 sine
447 2268 502 2298 spe
526 2259 732 2298 recuperandi
758 2259 909 2288 aufertur.

139 2308 227 2340 Unde
248 2310 403 2349 haeretici,
427 2315 457 2342 et
476 2312 741 2343 excommunicati
757 2312 912 2351 ,dicuntur

137 2362 254 2394 habere
267 2373 399 2395 manum
415 2365 562 2404 ligatam3
578 2365 630 2395 sed
646 2365 825 2404 degradati,
842 2374 911 2394 ain-

137 2418 290 2456 putatam.
307 2417 377 2448 ideo
390 2418 458 2448 dico
473 2418 557 2457 quod
569 2419 628 2449 etsi
642 2418 740 2449 clavis
754 2420 910 2457 quantum

137 2469 175 2499 ad
194 2479 261 2501 esse
283 2470 425 2501 ordinem
445 2473 668 2511 consequatur,
686 2473 791 2501 tamon
807 2480 909 2510 quan-

137 2523 205 2552 tum
223 2523 261 2553 ad
278 2525 497 2554 executionem
516 2524 660 2563 sequitur
676 2525 795 2554 statum
812 2526 841 2553 et
853 2524 908 2562 ju-

137 2573 347 2606 lisdictionem
364 2587 370 2607 ε
388 2578 418 2606 ct
436 2577 480 2607 sio
502 2578 585 2616 patet
606 2576 768 2616 responsio
793 2576 831 2606 ad
851 2575 910 2605 tria

170 2636 200 2665 (a)
217 2636 279 2660 Coet.
293 2637 352 2662 edit.
369 2638 433 2662 haee.

977 238 1079 278 prima
1102 238 1225 277 objecta
1247 239 1285 269 de
1311 239 1467 270 haereticis
1492 240 1688 280 degradatis,
1719 245 1750 272 et

976 291 1135 331 aliquibus
1150 291 1315 331 separatis,
1336 292 1391 332 qui
1405 293 1554 324 dicuntur
1567 303 1632 324 non
1646 303 1748 334 posse,

976 344 1051 384 quia
1072 353 1137 374 non
1156 346 1230 374 sunt
1254 344 1297 374 ibi
1317 354 1390 385 quae
1414 347 1592 378 necessaria
1615 349 1689 378 sunt
1710 347 1751 379 ad

977 406 1071 428 usum
1087 406 1095 428 :
1112 399 1143 428 et
1157 399 1264 429 tamen
1279 397 1397 430 habent
1411 400 1599 440 potentiam,
1620 401 1702 431 sicut
1716 401 1750 432 in

976 450 1084 481 anima
1098 451 1170 481 caeci
1186 452 1232 481 est
1245 452 1385 491 potentia
1399 453 1516 492 visiva,
1533 455 1564 485 et
1579 455 1685 485 tamen
1698 454 1747 486 vi—

976 504 1049 534 dere
1064 512 1129 534 non
1144 506 1256 543 potest.

1017 558 1046 587 3.
1069 556 1117 587 Ad
1137 557 1213 587 illud
1235 557 1320 597 quod
1340 558 1498 598 objicitur,
1521 560 1607 599 quod
1628 561 1675 591 est
1692 569 1748 600 po-

975 611 1070 640 testas
1080 611 1182 642 activa
1192 613 1222 642 et
1231 611 1342 650 libera,
1354 611 1523 642 dicendum
1534 613 1628 652 quod,
1641 622 1750 653 quam-

976 663 1026 694 vis
1041 663 1079 693 sit
1094 664 1207 702 activa,
1223 666 1254 694 et
1269 664 1302 694 in
1316 664 1494 695 substantia
1507 664 1604 696 libere
1617 668 1749 705 agente3

975 718 1082 747 tamen
1096 718 1143 747 est
1156 717 1196 747 ad
1211 717 1363 755 alterum,
1381 720 1411 748 et
1425 717 1547 756 indiget
1562 718 1666 749 debito
1681 729 1751 750 sus-

976 769 1108 808 cipiente
1120 781 1126 800 :
1136 770 1220 801 unde
1231 770 1500 810 quemadmodum
1510 771 1750 803 matrimonium

975 825 1022 853 est
1044 832 1084 853 ex
1105 832 1259 854 consensu
1282 823 1392 863 libero,
1417 826 1539 862 tamen,
1555 825 1632 864 quia
1652 829 1752 857 mater

976 884 1040 906 non
1055 878 1101 906 est
1118 877 1230 907 idonea
1251 877 1290 908 ad
1310 877 1561 908 contrahendum
1581 886 1654 908 cum
1672 879 1749 917 filio,

975 932 1272 970 quantumcumque
1285 931 1494 968 consentiant,
1506 940 1571 961 non
1583 933 1629 962 est
1643 933 1750 962 matri-

975 983 1121 1013 monium
1137 993 1144 1013 :
1157 983 1201 1013 sic
1216 983 1460 1022 intelligendum
1470 985 1517 1014 est
1531 984 1564 1014 in
1580 985 1749 1024 proposito.

1014 1039 1044 1067 4.
1060 1036 1108 1067 Ad
1122 1036 1201 1067 illud
1219 1036 1304 1076 quod
1325 1037 1483 1076 objicitur,
1506 1037 1592 1077 quod
1609 1038 1617 1054 ¹
1634 1038 1750 1069 frustra

974 1091 1021 1120 est
1040 1089 1196 1128 potentia,
1218 1099 1316 1129 quam
1336 1099 1401 1120 non
1423 1090 1628 1130 consequitur
1649 1093 1748 1129 actus,

974 1142 1146 1173 dicendum
1161 1143 1245 1183 quod
1260 1144 1285 1174 si
1300 1143 1499 1183 intelligatur
1513 1144 1550 1174 de
1565 1146 1635 1175 actu
1647 1145 1751 1176 debito

974 1205 1031 1235 pro
1043 1196 1122 1235 loco,
1139 1198 1170 1226 et
1182 1198 1335 1236 tempore,
1349 1198 1379 1227 et
1391 1197 1634 1236 opportunitate,
1649 1199 1751 1237 potest

973 1249 1089 1280 habere
1104 1249 1224 1287 locum;
1244 1250 1270 1280 si
1284 1252 1391 1280 autem
1407 1250 1440 1280 in
1454 1250 1524 1280 aliis
1539 1250 1748 1289 intelligatur,

974 1302 1089 1332 multas
1115 1302 1210 1333 habet
1234 1303 1409 1334 instantias.
1444 1303 1547 1334 Etiam
1573 1304 1649 1344 quia
1672 1303 1750 1334 tales

974 1364 1117 1395 personae
1131 1358 1239 1386 carent
1254 1357 1489 1396 opportunitate
1504 1357 1542 1388 ad
1557 1359 1675 1395 actum,
1692 1358 1749 1388 etsi

972 1416 1139 1448 nunquam
1164 1411 1293 1448 exeant,
1319 1418 1385 1439 non
1403 1412 1531 1449 propter
1552 1410 1611 1440 hoc
1630 1410 1748 1441 habent

972 1461 1143 1500 potentiam
1168 1462 1297 1493 frustra.
1325 1461 1482 1494 Praeterea
1507 1463 1584 1494 illud
1612 1464 1747 1495 verbum

971 1513 1163 1553 intelligitur
1177 1515 1215 1546 de
1230 1518 1302 1546 actu
1323 1515 1525 1555 generaliter,
1544 1525 1607 1547 non
1621 1517 1659 1547 de
1672 1517 1744 1555 hoc,

971 1567 1022 1597 vel
1036 1568 1074 1598 de
1088 1568 1158 1607 illo;
1182 1569 1257 1608 qula
1279 1578 1343 1599 non
1363 1571 1485 1609 oportet
1505 1570 1588 1610 quod
1609 1571 1748 1610 potentia

971 1623 1063 1651 exeat
1078 1621 1109 1651 in
1124 1630 1250 1660 omnes,
1273 1622 1388 1652 sufficit
1407 1623 1514 1653 tamen
1529 1623 1614 1662 quod
1629 1623 1747 1663 aliquid

972 1674 1078 1713 saciat,
1102 1675 1147 1705 ita
1167 1676 1252 1715 quod
1268 1685 1333 1707 non
1349 1676 1388 1706 sit
1409 1676 1544 1707 otiosum
1559 1677 1591 1707 in
1607 1679 1720 1708 natura
1738 1689 1744 1707 :

971 1729 1002 1757 et
1022 1727 1066 1757 sic
1087 1730 1134 1758 est
1154 1728 1186 1758 in
1210 1729 1384 1769 proposito,
1411 1729 1486 1769 quia
1509 1730 1567 1760 etsi
1590 1730 1670 1760 nihil
1691 1739 1748 1770 per

971 1779 1058 1810 illam
1074 1781 1246 1820 potentiam
1265 1783 1321 1813 fiat
1335 1783 1487 1820 exteriuS,
1504 1785 1610 1813 tamen
1626 1783 1679 1813 illa
1694 1793 1747 1823 po-

970 1834 1030 1864 test
1053 1843 1120 1864 esse
1146 1834 1181 1864 in
1204 1835 1320 1866 animae
1346 1837 1495 1866 ornatum
1524 1837 1681 1875 quantum
1707 1836 1746 1866 ad

970 1885 1087 1924 bonos,
1124 1887 1175 1917 vel
1208 1888 1240 1917 in
1274 1887 1493 1918 confusionem
1522 1891 1677 1928 quantum
1707 1889 1746 1920 ad

971 1937 1081 1968 malos.

1011 1993 1041 2022 5.
1058 1991 1105 2022 Ad
1122 1991 1199 2023 illud
1211 1992 1297 2032 quod
1313 1993 1479 2032 quaeritur,
1497 1994 1568 2034 quis
1581 1994 1684 2025 aufert
1701 1994 1745 2025 illi

968 2045 1118 2084 potentiae
1134 2045 1371 2083 executionem,
1389 2046 1561 2078 dicendum
1581 2048 1666 2087 quod
1687 2057 1742 2088 po-

969 2098 1068 2127 tentia
1084 2099 1242 2129 contraria
1252 2123 1259 2135 ‚
1276 2099 1342 2130 sive
1357 2100 1513 2139 superior,
1529 2102 1630 2140 potest
1643 2101 1669 2131 ei
1685 2110 1742 2132 au-

968 2150 1060 2180 ferre.
1078 2150 1116 2181 Et
1130 2151 1155 2181 si
1172 2152 1302 2191 objicias
1320 2153 1403 2192 quod
1422 2162 1485 2183 non
1502 2155 1602 2193 potest
1619 2154 1744 2185 auferre

970 2205 1076 2234 actum
1096 2205 1300 2243 conficiendi,
1326 2206 1494 2237 dicendum
1515 2207 1599 2246 quod
1618 2216 1683 2237 non
1697 2209 1744 2237 est

968 2257 1070 2287 simile
1084 2258 1200 2297 duplici
1215 2268 1255 2289 ex
1271 2268 1364 2289 causa
1378 2270 1384 2290 ε
1398 2260 1502 2298 prima
1515 2262 1572 2297 est,
1589 2261 1664 2300 quia
1680 2270 1742 2291 non

968 2312 1069 2350 potest
1092 2312 1146 2342 tali
1168 2312 1292 2343 auferre
1312 2313 1495 2351 materiam,
1521 2316 1567 2351 et,
1594 2314 1619 2344 si
1640 2316 1744 2353 posset

967 2372 1081 2403 panem
1096 2365 1134 2395 de
1150 2365 1251 2395 tritico
1272 2366 1412 2403 auferre,
1432 2368 1508 2397 tunc
1530 2367 1667 2397 auferret
1686 2377 1740 2406 po-

968 2418 1110 2448 tentiam.
1138 2418 1198 2448 Sed
1222 2418 1274 2448 hic
1296 2419 1397 2449 aufert
1420 2419 1606 2458 materiam,
1626 2420 1743 2450 scilicet

967 2470 1107 2501 subditos
1123 2482 1130 2502 ε
1145 2472 1290 2511 superior
1303 2472 1388 2502 enim
1402 2475 1537 2512 potestas
1550 2476 1651 2513 potest
1666 2473 1741 2503 sul)-

966 2523 1047 2554 ditos
1062 2525 1202 2555 eximere
1216 2535 1234 2555 a
1249 2527 1400 2565 potestate
1416 2526 1573 2556 inferioris
1590 2537 1596 2557 ε
1615 2529 1644 2556 et
1659 2526 1740 2556 hanc

966 2577 1135 2608 auferendo
1160 2580 1263 2609 aufert
1285 2579 1551 2619 jurisdictionem.
1584 2579 1739 2611 Praeterea

999 2640 1004 2655 ¹
1018 2640 1143 2670 A1·ist.,1le
1156 2641 1227 2670 Cael..
1243 2641 1286 2665 lib.
1303 2642 1321 2671 Ι,
1338 2643 1406 2666 cont.
1425 2642 1478 2672 1:57,
1496 2642 1548 2665 138.
