1991 3006
252 203 310 231 640
763 194 994 227 SENTENTOE
1017 193 1338 225 St‹1N'1't⁴tN'1·1ARU.u.

253 266 306 298 Est
321 267 420 297 fomes
434 274 542 306 poena,
559 265 650 304 cujus
660 263 741 294 Deus
754 265 862 294 auctor
873 263 1017 293 hahetur.

253 320 389 357 Auctor,
417 321 453 349 ut
478 320 524 349 est
549 318 640 357 culpa
651 341 658 354 ‚
683 317 808 348 daemon
820 341 827 354 ‚
853 316 902 346 vel
926 316 1020 346 homo

328 374 492 404 retinetur.

250 427 317 467 Ipse
332 427 414 457 Deus
428 426 551 456 animas
565 425 701 456 mundas
715 426 799 454 creat
809 426 839 454 et
853 422 1018 462 pretiosas.

250 480 308 511 Per
324 480 427 511 carnis
445 480 571 510 libitum
582 504 590 517 ,
608 488 675 509 sese
691 478 829 508 reddunt
845 476 985 507 vitiosas.

250 533 304 565 Dic
316 533 393 565 alias
408 533 478 564 aliis
492 535 605 563 natura
621 532 692 572 plus
706 531 870 570 speciosas.

448 644 668 678 DISTINC'I'IO
691 643 820 675 XXXIII.

265 725 310 752 An
334 726 471 759 peccalum
495 725 611 750 omnium
636 722 837 758 proecedentz'um
858 721 1002 755 parentum

410 768 526 793 transeat
541 765 578 792 ad
591 766 661 799 filios
675 764 856 798 originaliter.

384 847 511 871 Praedictis
524 847 696 878 adjiciendum
709 846 821 876 videtur,
832 848 880 870 etc.

288 910 320 941 Si
336 910 404 941 sine
418 910 574 949 baptismo
589 910 661 949 quis
676 909 830 949 parvulus
842 908 893 938 hic
908 908 1019 938 morie-

327 966 389 1001 tur,

248 1015 308 1047 Pro
322 1016 419 1047 solius
433 1017 509 1047 Adae
525 1016 600 1047 vitio
616 1016 727 1046 leviter
744 1015 890 1055 patietur.

249 1069 284 1099 In
298 1069 414 1100 lumbis
430 1070 507 1100 Adae
523 1070 679 1109 corruptis
694 1078 825 1109 prorsus
838 1077 975 1099 eramus.

248 1123 324 1163 Ejus
343 1124 383 1153 oh
405 1123 465 1154 hoc
487 1132 623 1153 massam
647 1124 829 1162 corruptam
849 1121 1016 1161 participa-

325 1189 407 1210 mus.

247 1232 338 1263 Facta
355 1232 452 1272 patris
466 1241 566 1272 prava
579 1232 603 1262 si
619 1232 704 1261 filius
718 1231 784 1270 ipse
800 1233 960 1270 sequetur,

247 1284 308 1316 Pro
329 1287 417 1325 patre
432 1287 508 1315 tuno
523 1285 636 1315 merito
657 1284 762 1324 puniri
779 1293 892 1323 nempe
914 1293 1014 1314 mere-

326 1340 389 1368 tur.

246 1390 399 1431 Tempore
414 1392 545 1431 punitur
561 1392 631 1431 quis
647 1400 703 1431 pro
719 1393 817 1431 patre,
835 1391 878 1421 sic
894 1391 1017 1430 reperi-

326 1448 388 1476 tur.

447 1530 661 1562 DISTINCTIO
684 1530 815 1562 XXXIV.

283 1615 345 1647 Ome
364 1615 396 1642 de
412 1617 518 1650 peccalo
538 1615 640 1641 actuali*
658 1613 899 1641 animadvertenda
918 1615 982 1640 sint.

363 1705 422 1727 Post
433 1703 552 1734 praedicta
567 1703 597 1727 de
613 1704 718 1733 peccato
730 1702 833 1732 actuali,
847 1704 894 1725 etc.

286 1767 343 1798 Res
360 1768 442 1798 hona
456 1777 550 1798 causa
565 1767 623 1797 fuit
636 1791 644 1805 ⁷
660 1767 750 1798 radix
763 1769 794 1797 et
807 1766 900 1805 origo
916 1765 1013 1795 malo-

325 1830 408 1852 rum.

245 1872 347 1903 Prava
362 1872 509 1903 voluutas
525 1874 571 1902 est
586 1881 672 1903 nuuc
696 1881 791 1902 eausa
814 1880 950 1911 sequens
964 1871 1014 1901 vi-

325 1926 453 1957 tiorum.

246 1978 280 2009 In
295 1988 329 2009 re
344 1988 457 2019 nempe
473 1980 572 2017 bona,
597 1979 733 2010 concedo
748 1979 868 2009 malum
886 1978 1011 2009 situari.

244 2031 361 2063 Verum
379 2032 557 2072 philosophi
574 2032 706 2062 credunt
721 2032 790 2062 haee
804 2032 963 2062 evacuari.

244 2085 298 2115 Est
311 2089 424 2116 natura
438 2086 561 2116 honum
571 2109 578 2123 ,
595 2085 756 2124 corruptio
770 2094 846 2115 vero
861 2085 1015 2125 probatur

245 2137 319 2168 Esse
342 2138 461 2169 malum
474 2163 483 2176 ,
511 2148 573 2178 qua
598 2138 668 2178 quis
687 2147 806 2177 pravus
826 2139 1014 2178 quandoque

324 2193 466 2222 vocatur.

451 2293 670 2325 DISTINCTIO
693 2293 808 2325 XXXV.

245 2371 366 2406 Exponit
382 2369 449 2404 quid
468 2371 503 2396 sit
519 2372 657 2404 peccatum
670 2378 720 2404 per
740 2371 794 2404 ejus
811 2371 1013 2404 notificatione&

317 2451 376 2474 Post.
389 2450 444 2474 haec
457 2450 602 2479 videndum,
619 2450 678 2481 quid
694 2450 725 2474 sit
738 2452 880 2481 peccatum,
893 2452 940 2474 etc.

285 2515 331 2546 Sit
343 2515 398 2545 tibi
415 2523 559 2555 peccare,
575 2514 681 2553 Iegem
699 2514 821 2544 DomIni
838 2514 969 2545 violare.

246 2568 283 2599 Ut
300 2568 401 2598 malus
413 2567 542 2597 intertor
555 2569 641 2597 aetus·
654 2567 754 2596 scelus
765 2576 831 2597 esse
846 2568 1007 2605 probatur,

1077 260 1127 292 Sic
1147 262 1249 292 malus
1263 261 1403 291 exterior
1417 262 1505 291 actus
1520 260 1623 300 primo
1637 261 1785 293 sociatur.

1078 314 1110 345 Si
1127 314 1241 345 modus
1255 323 1291 344 ac
1309 316 1399 344 actus
1414 313 1571 353 sapienter
1584 314 1780 353 discutIatur,

1077 368 1176 398 Actus
1195 367 1352 405 laudatur,
1370 367 1481 397 modus
1495 367 1526 396 in
1542 367 1620 398 sacto
1634 368 1835 408 reprobatur.

1077 422 1146 453 Non
1161 423 1249 453 Iocus
1263 433 1280 453 a
1296 423 1400 462 priino
1416 422 1532 453 distare
1547 423 1618 453 facit
1631 424 1743 462 scelus,
1759 424 1826 455 imo

1078 477 1135 506 Cui
1152 478 1186 506 fit
1202 476 1362 506 dissimilis
1373 500 1380 513 ,
1398 476 1524 516 quando
1538 477 1573 506 tit
1588 476 1720 508 crimine
1734 477 1818 508 vilis.

1079 530 1130 560 Dic
1146 529 1226 560 nihil
1239 539 1306 560 esse
1318 530 1451 567 malum,
1462 530 1487 559 si
1502 539 1558 569 per
1571 539 1603 561 sc
1616 530 1843 562 consideratur.

1078 584 1177 614 Porro
1193 583 1342 613 substrati
1358 583 1481 613 ratione
1497 583 1572 623 quid
1587 592 1654 614 esse
1670 584 1834 623 probatur.

1079 636 1142 667 Hoc
1157 636 1273 667 animae
1290 636 1381 666 facies
1398 636 1528 666 vitiatur
1542 638 1571 666 et
1586 636 1821 668 obtenebratur.

1078 689 1247 720 Peccatum
1264 689 1388 729 privat,
1405 689 1536 720 effectus
1553 698 1646 729 poena
1660 691 1802 721 vocatur.

1276 801 1498 832 DlSTlMJTm
1523 800 1653 832 XXXVI.

1078 883 1154 915 Quod
1167 884 1285 918 quoedam
1296 884 1377 911 simul
1391 886 1452 911 sunt
1464 885 1584 919 peccata,
1601 886 1624 910 et
1637 891 1714 918 paena
1722 884 1827 919 peccati
1835 892 1846 915 ,·

1110 929 1229 963 qnoedam
1252 931 1362 964 peccata
1376 949 1383 961 ‚
1409 931 1433 955 et
1456 936 1535 955 causa
1555 929 1661 962 peccati
1671 936 1682 958 ,·
1703 928 1761 955 alia
1786 936 1846 955 vero

1107 975 1226 1007 peccata,
1244 980 1325 1000 causa
1339 975 1363 999 et
1376 980 1455 1007 poma
1467 974 1582 1007 peccati.

1153 1058 1291 1082 Sciendum
1307 1060 1343 1081 est
1360 1060 1444 1081 tamen
1456 1058 1572 1088 quaedam
1587 1057 1622 1081 sic
1636 1064 1705 1088 esse,
1719 1060 1766 1082 etc.

1114 1122 1193 1152 Sunt
1209 1122 1357 1161 quaedain
1373 1121 1506 1159 scelera,
1524 1121 1624 1152 scelus
1637 1123 1667 1151 et
1686 1130 1780 1161 poena
1794 1130 1844 1152 re-

1153 1175 1294 1214 putanda
1304 1199 1311 1213 ‚

1074 1228 1112 1259 Ut
1132 1229 1237 1266 timor,
1262 1228 1394 1265 invidia,
1417 1228 1507 1267 queis
1524 1228 1562 1267 (a)
1582 1228 1674 1267 plura
1697 1230 1772 1258 sunt
1794 1237 1844 1259 so-

1173 1282 1294 1312 cianda.

1073 1337 1152 1368 Sunt
1171 1339 1370 1376 peccatorum
1386 1345 1489 1366 causae
1504 1338 1629 1376 peccata
1642 1335 1788 1373 locanda,

1074 1390 1111 1422 Et
1126 1392 1327 1430 peccatorum
1344 1398 1444 1429 poeuae
1461 1392 1588 1429 peccata
1602 1389 1751 1420 notanda.

1074 1444 1256 1475 Deformaus
1272 1452 1364 1484 poena
1375 1468 1382 1481 ,
1400 1443 1450 1475 vel
1466 1443 1613 1474 deficiens
1627 1445 1808 1474 removetur

1073 1498 1099 1528 A
1114 1497 1266 1535 Domi1103
1284 1506 1356 1536 quae
1372 1497 1475 1536 ponit,
1491 1499 1521 1527 et
1535 1496 1678 1535 ordinat,
1695 1495 1770 1527 huic
1786 1496 1842 1527 tri-

1154 1552 1280 1581 huetur.

1072 1603 1157 1634 Vitas
1173 1603 1320 1639 mortale,
1336 1603 1436 1633 vItare
1452 1602 1564 1642 nequis
1580 1602 1714 1633 veniale.

1072 1657 1149 1693 Quae
1168 1656 1251 1686 bona
1276 1659 1350 1686 suut
1370 1665 1487 1695 genere
1508 1680 1515 1691 ‚
1539 1664 1595 1694 per
1616 1655 1712 1686 finem
1736 1656 1843 1686 discu-

1150 1710 1284 1739 tiuntur.

1072 1764 1148 1799 Quae
1164 1762 1247 1793 bona
1263 1762 1456 1801 simpliciter,
1474 1763 1556 1793 bona
1570 1762 1754 1802 simpliciter
1771 1770 1842 1791 me-

1151 1816 1285 1864 tssuntur.

1260 1928 1480 1959 DISTINCTIO
1503 1927 1647 1960 XXXVII.

1071 2010 1196 2037 Aliorum
1213 2011 1291 2044 pouit
1306 2011 1477 2043 sententiam,
1493 2011 1540 2044 qui
1558 2009 1651 2036 dicunt
1670 2010 1754 2036 malos
1771 2012 1844 2038 actus

1105 2055 1177 2081 nullo
1192 2055 1269 2081 modo
1284 2061 1334 2081 esse
1351 2062 1367 2080 a
1378 2056 1448 2088 Deo,
1465 2062 1510 2081 nec
1526 2062 1578 2082 esse
1593 2054 1686 2089 bonos,
1699 2056 1754 2082 sive
1772 2056 1800 2082 in
1815 2063 1843 2082 eo

1106 2099 1177 2133 quod
1189 2101 1267 2130 sunt,
1282 2100 1338 2126 sive
1352 2099 1406 2126 alio
1422 2099 1508 2125 modo.

1148 2183 1211 2207 Sunt
1222 2185 1307 2207 nutem
1322 2186 1347 2208 et
1358 2183 1398 2207 alii
1413 2183 1514 2214 plurimi
1527 2183 1602 2214 longe
1614 2183 1686 2207 aliter
1694 2201 1702 2214 ‚
1713 2185 1761 2208 etc.

1110 2245 1186 2277 Esse
1201 2247 1322 2277 malum
1339 2246 1469 2286 dupleX‚
1483 2246 1594 2286 culpae,
1612 2255 1776 2287 poenaeque
1789 2255 1842 2277 no-

1151 2303 1236 2331 tetur
1254 2312 1260 2330 :

1072 2355 1179 2386 Poenae
1189 2378 1198 2391 ,
1214 2363 1277 2384 non
1293 2353 1410 2393 culpae.
1427 2363 1501 2384 vere
1514 2355 1596 2384 Deus
1612 2356 1721 2384 auctor
1733 2353 1769 2392 (b)
1785 2352 1840 2383 ha-

1151 2408 1253 2438 betur.

1073 2461 1205 2492 Mortem
1221 2469 1285 2491 non
1300 2460 1369 2490 fecit
1385 2459 1476 2497 Deus,
1494 2459 1553 2490 hoc
1568 2460 1611 2490 sic
1626 2460 1797 2500 accipiatur
1813 2470 1819 2490 ε

1071 2514 1201 2554 Culpam
1213 2522 1276 2544 non
1290 2513 1372 2550 fecit,
1383 2522 1446 2551 qua
1456 2521 1541 2542 mors
1550 2512 1667 2542 inflicta
1678 2512 1838 2552 probatur.

1103 2576 1189 2606 (1¹)Al.
1204 2576 1267 2605 quis.
1279 2588 1308 2592 —
1324 2574 1355 2603 (bl
1375 2575 1411 2597 lta
1426 2574 1484 2598 vdit.
1499 2574 1590 2604 Luyd.‚·
1608 2575 1668 2597 ('oet.
1684 2574 1743 2597 edit.
1760 2577 1839 2598 actor.

1950 2669 1977 3006 m·v-⁸‘·
1975 2620 1977 2627 e
