1991 3006
222 188 280 217 336
776 180 1082 213 SENTENTlARUM
1106 181 1178 212 ΗΒ.
1203 181 1254 213 IV.

222 256 338 291 vente,
357 251 413 284 alii
437 254 612 294 nupserat,
630 249 675 282 sic
689 249 733 282 ait
751 262 757 281 :
779 262 795 280 «
810 248 892 281 Rem
914 259 1033 281 novam
1059 248 1198 292 loquor3
1221 248 1288 280 imo
1312 258 1377 280 non
1402 258 1522 280 novam
1538 273 1547 288 ,
1571 247 1624 280 sed
1647 252 1810 289 veterem,

221 321 293 354 quae
307 308 433 341 Veteris
447 307 645 340 Testamenti
660 307 850 340 auctoritate
865 306 1080 338 confirmatur
1092 307 1097 321 ¹
1112 318 1118 338 z
1133 306 1170 338 Se·
1181 305 1348 349 reliquerit
1361 304 1540 338 secundum
1552 305 1660 337 virum
1675 305 1808 346 mulier,

222 374 252 399 et
267 366 474 399 reconciliari
488 365 626 398 voluerit
634 365 742 409 priori
756 392 763 403 ,
784 376 848 396 non
861 369 978 407 polest.
1008 377 1024 394 »

105 441 207 461 neum-‚m-
266 425 275 440 ²
291 424 353 456 Sed
370 423 438 456 haec
453 423 562 456 onmia
577 422 790 463 intelligenda
805 426 881 453 sunt
895 421 933 453 ‹le
949 421 1006 454 illa
1018 448 1026 462 ,
1044 432 1118 465 quie
1133 421 1172 452 ab
1187 420 1350 453 adulterio
1367 420 1516 452 r=cedem
1540 420 1667 461 noluit,
1685 431 1743 453 nec
1760 431 1815 464 per

120 474 183 491 mm,
223 481 446 526 prenitentiam
462 485 627 525 peccatum
645 480 765 513 delere.
784 479 877 519 Quod
893 479 918 511 si
937 479 986 511 vir
1000 479 1137 511 scienter
1154 479 1276 522 patitur
1291 505 1297 518 ‚
1314 478 1495 510 consentire
1517 477 1658 510 videtur.
1676 477 1711 510 Si
1726 477 1814 510 enim

222 539 254 571 in
271 539 432 571 adulterio
448 549 654 583 perseverare
670 538 767 580 elegit
781 564 788 578 ,
806 541 964 580 patronus
981 536 1195 580 turpitudinis
1210 540 1241 568 et
1262 535 1414 567 lenocinii
1438 547 1513 567 reus
1529 535 1666 567 maritus
1681 535 1815 568 hahebi-

222 602 287 637 tur,
306 596 366 628 nisi
385 607 455 629 eam
472 596 624 629 adulterii
641 607 728 628 ream
745 595 847 627 facere
866 594 1018 627 voluerit.
1036 594 1070 627 Si
1086 598 1194 626 autem
1213 606 1230 625 a
1246 597 1373 637 peccato
1390 593 1574 634 recesserit,
1592 597 1623 625 et
1640 603 1697 636 per
1712 592 1816 637 poeni-

223 655 356 687 tentiam
382 654 462 687 illud
492 654 702 699 purgaverit,
727 653 844 697 poterit
866 652 936 683 viro
961 651 1173 684 reconciliari.
1199 650 1293 683 Unde
1314 651 1522 693 Augustinus
1537 651 1547 666 ³
1569 663 1576 682 :
1598 664 1614 681 «
1634 649 1728 690 Quod
1756 650 1815 682 tibi

223 712 344 745 durum
360 712 507 752 videtur,
526 716 562 744 ut
577 715 648 756 post
662 710 865 743 adulterium
882 709 1107 742 reconcilietur
1121 708 1254 752 conjux,
1271 708 1297 740 si
1314 708 1394 740 fides
1408 708 1503 749 adsit,
1522 720 1587 741 non
1603 708 1662 741 erit
1678 708 1812 742 durum.

222 770 288 803 Cur
301 770 388 802 enim
402 770 508 802 adhuc
522 769 721 813 deputamus
735 768 913 809 adulteros,
926 778 1008 811 quos
1021 767 1185 799 credimus
1196 766 1387 810 poenitentia
1402 777 1469 797 esse
1485 772 1612 798 sanatos
1622 768 1637 798 ‘i
1650 779 1664 796 u
1681 766 1771 798 Idem
1781 765 1791 781 ⁴
1808 778 1815 798 :

227 842 242 859 «
258 827 330 860 Non
352 828 414 860 erit
438 828 541 871 turpis
563 838 621 859 nec
644 826 808 865 difficilis,
826 826 923 858 etiam
948 829 1018 869 post
1045 828 1167 868 patrata
1190 828 1221 856 ct
1245 827 1383 867 purgata
1398 823 1573 864 adulteria,
1598 824 1817 857 reconciliatio

224 885 389 929 conjugii,
408 885 463 917 ubi
479 895 535 928 per
551 884 658 916 claves
674 883 765 926 regni
781 883 939 916 ccelorum
963 894 1029 916 non
1050 882 1221 914 dubitatur
1240 882 1311 913 fieri
1335 881 1481 914 remissio
1503 885 1706 925 peccatorum
1724 893 1732 914 :
1750 892 1817 914 non

226 948 261 976 ut
283 948 354 987 post
376 942 439 975 viri
462 942 640 975 divortium
668 941 816 974 adultera
841 945 1009 973 revocetur
1027 967 1035 981 ,
1062 940 1115 972 sed
1142 944 1178 971 ut
1202 943 1272 984 post
1297 939 1415 971 Christi
1441 938 1642 971 consortium
1668 938 1817 972 adultera

224 1012 289 1033 non
306 1005 449 1033 vocetur.
467 1013 483 1031 »
504 1001 583 1032 ltem
603 999 781 1041 Gregorius
798 1012 804 1031 :
826 1013 842 1030 «
858 999 959 1031 Debet
984 999 1124 1042 recipere
1147 997 1354 1040 peccatricem
1369 1023 1376 1037 ,
1395 1008 1470 1041 quae
1485 997 1713 1040 poenitentiam
1729 997 1814 1040 egit,

224 1059 276 1091 sed
304 1070 368 1090 nou
391 1069 485 1102 sche.
514 1071 529 1088 »
555 1058 635 1089 Item
661 1058 798 1089 Hermas
820 1059 830 1075 ⁵
854 1070 859 1089 :
889 1070 904 1087 α
930 1057 965 1088 Si
990 1057 1040 1088 vir
1064 1056 1171 1088 scierit
1197 1067 1333 1088 uxorem
1359 1067 1452 1087 suam
1476 1055 1672 1099 deliquisse,
1699 1060 1730 1087 et
1752 1065 1818 1087 non

224 1117 326 1159 egerit
347 1117 570 1160 poeuitcntiam
595 1116 725 1158 mulier,
754 1115 809 1148 sed
826 1119 1013 1159 permaneat
1034 1115 1067 1146 in
1092 1114 1306 1146 fornicatione
1320 1125 1391 1154 sua,
1416 1117 1447 1144 et
1467 1113 1556 1145 vivat
1576 1124 1650 1145 eum
1673 1112 1729 1144 illa
1745 1112 1816 1153 vir,

225 1186 299 1206 reus
314 1175 376 1206 erit
388 1178 418 1206 et
433 1173 591 1217 particeps
608 1173 729 1216 peccati
746 1173 827 1217 ejus.
844 1172 936 1212 Quod
954 1173 980 1204 si
996 1172 1114 1204 mulier
1128 1172 1261 1203 dimissa
1276 1171 1377 1213 egerit
1394 1171 1619 1214 poenitentiam
1635 1176 1666 1203 et
1677 1170 1820 1203 voluerit

226 1233 264 1265 ad
280 1233 388 1265 virum
409 1231 527 1264 reverti
543 1258 550 1271 ‚
567 1231 662 1263 debet
682 1231 824 1275 recipere
844 1230 1051 1274 peccatricem
1069 1256 1075 1270 ‚
1093 1242 1167 1273 quse
1182 1228 1409 1273 pnj=uitentiam
1424 1228 1489 1271 egit
1503 1241 1510 1268 ;
1526 1228 1581 1260 sed
1605 1238 1670 1260 non
1686 1239 1781 1272 saepe.
1799 1240 1815 1258 i>

110 1309 138 1329 nc
161 1309 211 1334 sins,
273 1290 362 1323 Solet
376 1290 471 1322 etiam
489 1290 593 1333 quaeri
604 1316 611 1329 ,
624 1300 665 1321 an
682 1289 786 1321 valeat
800 1288 875 1321 duci
891 1288 924 1320 in
939 1287 1129 1331 conjugium
1144 1298 1215 1331 quae
1234 1287 1322 1330 prius
1339 1290 1384 1318 est
1399 1286 1524 1330 polluta
1539 1296 1595 1330 per
1605 1285 1818 1318 adulterium.

125 1341 160 1366 qui
172 1348 193 1360 s·-

107 1375 154 1391 aute
169 1372 213 1397 pnl—

116 1404 199 1423 luerunt

107 1439 146 1459 per
155 1433 213 1452 adul—

120 1465 203 1484 ¹‘¹'³¹¹¹²¹·
231 1476 364 1497 uxorem
387 1468 500 1508 stupro
519 1463 674 1505 violasse,
698 1467 728 1495 et
752 1463 888 1507 insuper
912 1462 1045 1495 moechae
1063 1461 1292 1505 jurauwutmn
1317 1460 1459 1501 dedisse,
1477 1459 1565 1502 quod
1590 1463 1661 1502 post
1681 1458 1822 1501 legitimi

230 1349 272 1380 De
292 1348 352 1380 hoc
375 1347 440 1380 Leo
462 1347 550 1391 Papa
575 1347 620 1379 ait
635 1351 645 1366 ⁶
664 1359 670 1379 :
689 1360 705 1378 α
729 1346 849 1379 Nullus
874 1346 971 1378 ducat
996 1346 1029 1377 in
1056 1345 1320 1385 matrimonium,
1347 1355 1447 1388 quam
1470 1343 1561 1388 prius
1585 1343 1704 1387 polluit
1727 1343 1822 1376 adul-

231 1406 321 1439 terio.
347 1420 362 1436 n
390 1405 469 1438 Item
491 1407 501 1423 ⁷
525 1419 532 1438 :
564 1418 579 1436 «
602 1405 755 1437 Relatum
779 1408 826 1436 est
851 1404 986 1436 auribus
1015 1407 1201 1436 sanctorum
1230 1402 1457 1443 sacerdotum,
1483 1401 1658 1445 quemdam
1688 1400 1822 1433 alterius

231 1522 337 1554 mariti
360 1526 518 1562 mortem,
543 1521 569 1553 si
593 1521 840 1565 superviveret,
862 1520 995 1552 duceret
1019 1531 1089 1551 eam
1112 1519 1144 1551 in
1170 1529 1302 1551 uxorem
1329 1530 1336 1549 :
1358 1517 1446 1562 quod
1469 1521 1499 1549 et
1520 1517 1642 1549 factum
1666 1520 1724 1548 est.
1744 1515 1822 1548 Tale

229 1591 304 1622 ergo
322 1579 525 1612 connubium
545 1579 757 1622 prohibemus
771 1582 802 1610 et
817 1577 1142 1610 anathematizamus.
1160 1591 1176 1608 »
1195 1577 1253 1609 His
1276 1576 1414 1620 aliisque
1442 1574 1690 1607 auctoritatibus
1710 1578 1822 1606 vetan-

229 1637 330 1669 turin
352 1637 544 1681 conjugium
566 1636 736 1680 copulari,
753 1636 811 1680 qui
833 1648 865 1668 se
887 1636 978 1680 prius
999 1635 1160 1667 adulterio
1185 1634 1446 1667 maculaverunt.
1464 1632 1526 1665 Sed
1552 1636 1664 1665 contra
1687 1632 1818 1674 Augus-

231 1696 320 1727 tinus
335 1695 475 1727 ostendit
489 1694 599 1727 dicens
614 1697 624 1712 Β
644 1707 650 1726 ;
671 1694 850 1737 «Denique
875 1698 1004 1725 mortuo
1026 1704 1063 1725 eo
1079 1719 1086 1733 ‚
1108 1704 1183 1725 ceum
1206 1704 1272 1736 quo
1294 1691 1357 1724 fuit
1379 1702 1494 1723 verum
1518 1690 1710 1734 conjugium
1724 1715 1732 1730 ‚
1750 1689 1822 1722 {ieri

229 1757 331 1797 potest
349 1752 418 1796 conj
426 1752 539 1795 ugium
557 1764 630 1784 cum
645 1764 711 1796 qua
727 1752 888 1795 praecessit
903 1751 1115 1783 adulterium.
1133 1764 1148 1781 »
1168 1750 1257 1782 Idem
1275 1762 1281 1782 :
1300 1750 1424 1781 «Posse
1440 1748 1513 1781 fieri
1528 1759 1604 1780 sane
1621 1748 1725 1780 licitas
1740 1758 1824 1791 nup-

230 1811 290 1843 tias
305 1823 342 1843 ex
359 1810 503 1854 personis
518 1810 630 1842 illicite
645 1809 845 1853 conjunctis,
864 1809 999 1841 honesto
1016 1809 1134 1853 placito
1150 1808 1368 1852 subsequente
1383 1834 1390 1848 ,
1412 1806 1621 1839 manifestum
1637 1809 1696 1838 est.
1717 1819 1732 1836 »

111 1887 215 1909 nemm-
276 1868 338 1901 Sed
361 1868 429 1901 haec
449 1868 565 1900 ultima
589 1869 764 1900 auctoritas
783 1867 822 1899 cle
845 1867 1035 1899 concubinis
1058 1867 1224 1911 loquitur,
1242 1878 1306 1898 nou
1328 1865 1504 1909 prohibens
1519 1863 1716 1896 concubinas
1731 1872 1823 1907 posse

133 1922 196 1940 '³³⁰⁰‘
230 1927 368 1959 transire
386 1926 425 1958 ad
441 1926 615 1958 lione-stum
633 1926 787 1969 placitum
803 1925 1014 1969 nuptiarum,
1032 1924 1057 1956 si
1073 1925 1252 1957 castitatem
1271 1928 1301 1955 et
1323 1924 1419 1956 fidem
1435 1933 1564 1955 servare
1579 1921 1693 1954 velint.
1710 1920 1824 1953 Prima

230 1996 307 2017 vero
322 1984 496 2017 auctoritas
510 1983 689 2026 Augustini
704 1982 743 2015 de
759 1983 825 2015 illis
840 1983 928 2025 agit,
951 1982 1008 2026 qui
1030 1982 1068 2015 de
1084 1987 1212 2026 peccato
1228 1981 1453 2026 poenituerunt
1467 2007 1475 2022 ‚
1492 1984 1522 2012 et
1536 1979 1621 2012 nihil
1635 1979 1669 2011 in
1687 1982 1823 2011 mortem

231 2042 293 2074 viri
319 2042 509 2074 machinatae
533 2045 628 2080 sunt,
652 2051 710 2072 nec
726 2040 857 2072 vivente
879 2040 949 2076 viro
974 2039 1072 2072 fidem
1098 2040 1255 2072 adulterae
1279 2039 1368 2071 dedit
1394 2038 1563 2078 moechus,
1581 2037 1669 2081 quod
1694 2047 1765 2069 eam
1789 2035 1824 2067 in

230 2099 382 2143 conjugio
406 2099 550 2139 duceret,
572 2098 598 2130 si
619 2097 854 2142 superviveret.
872 2096 937 2136 Qui
952 2108 1029 2131 vero
1044 2097 1114 2144 h-aec
1133 2096 1269 2139 faciunt,
1287 2096 1360 2129 aliis
1384 2095 1556 2139 praemissis
1576 2093 1825 2127 auctoritatibus

232 2156 449 2200 prohibentur
462 2155 621 2200 copulari.

265 2271 269 2283 ¹
290 2271 372 2299 mmuh,
390 2275 460 2299 xxiv,
482 2271 503 2293 4.
522 2282 551 2285 —-
572 2269 579 2283 ²
595 2268 716 2297 Gratiam„
734 2274 802 2291 caus.
821 2274 908 2299 xxxii,
932 2275 957 2299 q.
978 2274 999 2297 ι,
1023 2276 1044 2292 c.
1062 2274 1079 2292 1.
1096 2281 1124 2285 -
1144 2268 1153 2282 ³
1171 2269 1245 2298 Aug,
1265 2266 1295 2289 cle
1315 2266 1428 2290 Adulter.
1445 2264 1562 2295 Conjuq„
1583 2263 1628 2286 lib.
1649 2263 1682 2292 ΙΙ,
1700 2268 1722 2286 c.
1745 2267 1781 2291 vi,
1801 2263 1825 2284 et

232 2305 338 2328 habu-tur
352 2305 424 2333 ibid„
437 2312 458 2327 c.
473 2305 540 2334 Quod
554 2307 644 2328 (talem,
659 2317 684 2320 -
695 2304 705 2319 ⁶
717 2303 787 2328 ibid..
810 2311 831 2326 c.
854 2310 888 2331 lx,
911 2306 933 2327 ct
953 2304 1060 2327 habetur
1080 2310 1102 2327 c.
1116 2303 1184 2326 imni<
1196 2303 1220 2326 (l.
1243 2302 1345 2332 subseq.
1356 2315 1384 2318 —
1398 2302 1407 2318 ⁶
1421 2301 1534 2329 Heinius,
1559 2299 1655 2322 Pastor.
1668 2310 1698 2314 —
1709 2297 1718 2311 ⁶
1733 2297 1783 2320 Leo
1807 2296 1824 2323 1,

232 2341 338 2364 liabetur
351 2347 420 2363 caus.
434 2346 504 2368 xxxi,
520 2348 545 2369 q.
563 2347 579 2369 1,
598 2348 619 2362 ν.
636 2338 735 2363 Nullus.
748 2351 779 2355 —
790 2338 798 2354 ⁷
819 2339 853 2362 Ex
868 2340 946 2363 Cone.
965 2339 1074 2369 Tribur.‚
1094 2338 1165 2366 ibid,
1184 2346 1206 2362 c.
1229 2337 1348 2361 Relatum.
1368 2350 1396 2353 —
1412 2336 1422 2352 ⁸
1439 2338 1514 2366 Aug„
1529 2335 1558 2357 rie
1573 2334 1650 2363 Nupt.
1665 2334 1688 2355 et
1707 2331 1825 2362 concup„

232 2376 275 2400 lib.
292 2376 310 2405 1,
327 2383 349 2402 c.
363 2382 388 2405 x,
404 2375 475 2405 ibid,
486 2382 507 2399 c.
526 2375 643 2405 Denique,
661 2377 685 2397 et
699 2381 721 2397 c.
738 2380 791 2403 seq.
