1991 3006
211 221 269 249 638

212 285 250 316 Ut
270 295 435 326 nunquam
455 288 588 325 surgat,
607 295 664 316 nec
683 286 751 325 J'am
771 287 899 317 veniam
915 295 984 317 me-

290 342 397 371 reatur
414 352 420 371 :

211 393 249 424 Ut
270 403 436 433 nunquam
461 395 591 433 surgat,
617 402 674 424 nee
699 402 831 433 surgere
855 402 980 433 prome-

289 449 397 477 reatur
415 458 421 477 τ

210 499 248 529 Ut
263 509 427 539 nunquam
441 503 566 539 surgat,
584 500 637 531 sed
660 503 813 540 perpetuo
831 500 979 539 patiatur.

209 552 284 583 Evae
300 553 484 584 mandatum
501 563 556 593 per
572 553 672 584 Adam
687 553 736 584 dic
750 562 819 583 esse
834 553 980 583 relatum.

209 605 335 636 Constat
350 607 389 637 ob
405 606 464 637 hoe
480 616 565 642 vere,
587 607 670 647 quod
686 609 812 647 possent
830 607 868 646 (a)
886 606 982 638 verba

289 659 416 691 referre.

429 761 646 793 DISTINCTIO
667 761 759 793 XXII.

211 837 248 863 De
275 838 378 871 oriqz'rze
407 838 484 864 illius
509 839 635 873 peccati,
666 841 691 865 et
720 837 852 872 quodnam
884 838 978 871 fuerit.

254 916 299 940 Hie
312 917 410 941 videtur
423 917 557 946 diligenter
572 917 780 949 investigandum
795 925 850 942 esse
862 937 868 948 ,
884 920 934 942 etc.

246 980 312 1011 Eva
331 981 438 1011 virum
462 982 569 1018 tentat¹
594 980 727 1011 Domino
750 980 818 1011 vult
835 981 978 1021 aequipa-

285 1034 362 1064 rari.

206 1088 372 1118 Peccatum
388 1088 453 1117 fore
465 1088 532 1125 scit,
551 1091 745 1128 praeceptum
760 1089 977 1128 praevaricari.

205 1141 301 1172 Debet
315 1141 355 1171 ob
370 1141 430 1171 hoc
445 1142 514 1180 ejus
530 1141 650 1171 crimen
666 1143 771 1181 maJus
784 1142 936 1181 reputari.

206 1194 280 1225 Evae
296 1194 453 1225 consensit
466 1194 567 1224 Adam
584 1195 715 1225 credens
728 1194 865 1231 veniale,

205 1247 264 1278 Seu
281 1247 350 1278 leve
366 1251 541 1287 peccatum,
559 1249 643 1288 quod
658 1251 727 1279 erat
742 1250 836 1279 morti
851 1249 976 1281 sociale.

204 1300 264 1337 Qui
286 1301 398 1340 potuit,
417 1301 469 1331 sed
496 1311 561 1332 non
576 1302 676 1332 voluit
697 1312 764 1332 rem
784 1303 874 1340 scire,
893 1302 979 1333 vide-

283 1356 350 1392 tur,

204 1407 291 1443 Quod
312 1408 356 1437 sie
373 1408 409 1447 (b)
425 1408 595 1447 ignoraus,
613 1409 730 1447 peccati
752 1409 827 1448 lege
846 1409 975 1447 ligetur.

203 1460 264 1496 Qui
275 1460 354 1498 vult,
371 1470 429 1491 nce
442 1461 552 1500 potuit,
570 1461 724 1492 immunis
740 1461 810 1492 talis
825 1462 974 1493 habetur.

203 1512 261 1549 Qui
289 1513 378 1552 quasi
407 1513 591 1553 simpliciter
614 1514 728 1552 nescit⁷
759 1517 895 1546 mortem
920 1525 976 1555 pa-

282 1566 388 1597 tietur.

202 1620 253 1651 Sic
268 1623 413 1652 excusari
429 1622 612 1652 nullatenus
627 1622 695 1653 Eva
710 1625 859 1653 meretur.

202 1673 346 1704 Primum
369 1677 532 1714 peccatum
561 1684 625 1706 non
649 1677 695 1706 est
719 1676 785 1706 sine
811 1675 891 1707 velle
917 1685 972 1716 pa-

281 1729 409 1758 tratum.

413 1835 630 1867 DISTINCTlo
652 1835 758 1867 XXIII.

246 1912 332 1944 Quare
348 1913 414 1939 Deus
427 1913 549 1946 permisit
565 1912 695 1939 hominem
712 1914 812 1939 tentari
819 1933 828 1947 ,
845 1914 927 1940 sciens

477 1962 534 1981 eum
551 1961 684 1981 casurum.

245 2038 371 2061 Praeterea
384 2038 461 2068 quaeri
476 2038 549 2069 solet,
565 2046 608 2062 cur
620 2039 686 2062 Deus
700 2039 829 2063 hominem
842 2057 849 2070 ‚
864 2042 912 2065 ete.

239 2098 364 2129 Teutari
390 2100 508 2139 patitur
532 2100 695 2131 hominem
719 2101 821 2139 Deus,
844 2103 879 2132 ut
903 2110 970 2132 me-

278 2154 396 2182 reatur.

199 2204 248 2235 Fit
269 2205 371 2235 malus
390 2205 450 2236 hoc
471 2205 550 2245 ipso,
572 2207 663 2245 justis
688 2207 838 2237 meritum
854 2216 967 2238 cumu-

277 2257 372 2288 latur.

198 2310 302 2347 Quare
315 2311 457 2350 permisit
468 2311 559 2349 Deus,
576 2321 594 2341 a
607 2312 697 2343 nobis
712 2313 884 2345 dubitatur.

198 2363 334 2394 Contulit
361 2363 436 2394 huie
465 2365 615 2396 Dominus
640 2366 825 2405 praeclaram
854 2367 965 2406 cogui-

276 2417 409 2454 tionem;

199 2469 260 2501 Sed
275 2479 366 2501 casus
381 2471 499 2510 proprii
512 2473 645 2503 nescivit
659 2474 883 2504 conditionem.

231 2553 260 2580 (u)
277 2552 336 2573 (jul.
347 2554 397 2573 eut!
421 2551 524 2581 possint*
536 2565 566 2569 —
580 2554 610 2582 (ὁ)
623 2553 660 2576 sit.
674 2567 701 2570 —
716 2563 735 2584 ,xrs
760 2554 818 2577 met.
831 2555 887 2577 mitt,
902 2557 965 2577 dee-x!

197 2585 243 2608 tiis.
256 2598 285 2602 —
302 2586 339 2615 (cl)
354 2588 414 2609 (jael.
434 2590 492 2610 «ml.
508 2588 583 2617 quod.

724 219 957 251 SENTENTIAE
979 218 1299 250 SENTEN'I'IARUM.

1253 338 1468 372 DISTINCTIO
1490 339 1593 370 XXIV.

1093 418 1129 443 De
1144 417 1235 449 qratia
1251 416 1378 448 hominis,
1395 419 1418 444 el
1434 418 1554 452 potentia
1570 418 1634 444 ante
1650 424 1750 444 casum.

1131 498 1202 520 Nunc
1217 496 1350 527 diligenter
1370 496 1522 528 investigare
1537 498 1650 528 oportet,
1665 498 1713 521 etc.

1074 554 1162 586 Stare
1178 564 1234 595 per
1248 555 1415 586 arbitrium
1431 555 1595 595 proprium
1611 554 1735 595 primus
1751 563 1808 595 po-

1116 609 1242 643 tuisset;

1036 660 1096 692 Sed
1119 661 1248 692 vitando
1278 661 1420 699 malum⁷
1443 664 1520 692 tunc
1546 660 1723 701 quidquam
1744 669 1807 691 non

1117 715 1300 753 meruisset3

1035 766 1116 799 Nam
1132 768 1209 808 quid
1233 768 1272 798 ad
1296 768 1355 799 hoc
1377 768 1539 806 traheret,
1562 777 1619 808 pro
1643 771 1727 800 certo
1741 776 1807 799 non

1114 821 1286 852 habuisset.

1036 873 1113 905 Cum
1128 884 1215 905 nunc
1230 875 1372 913 tenteris,
1389 874 1473 905 mala
1488 883 1573 905 nunc
1594 874 1723 906 vitando
1737 882 1805 905 me-

1115 927 1205 958 reris.

1036 980 1148 1012 Infima
1164 990 1235 1021 pars
1255 981 1370 1012 animae
1391 981 1483 1012 nobis
1501 983 1646 1021 serpente
1664 983 1804 1012 notatur.

1035 1033 1140 1064 Altera
1158 1034 1198 1064 sit
1224 1034 1355 1072 mulier,
1381 1034 1435 1065 sed
1461 1034 1510 1065 vir
1536 1043 1685 1074 suprema
1711 1043 1804 1065 voea-

1113 1090 1178 1118 tur.

1034 1140 1161 1180 Triplex
1186 1150 1258 1180 pars
1280 1141 1395 1171 animae
1424 1141 1526 1171 tribus
1551 1140 1600 1170 his
1623 1141 1679 1171 tibi
1702 1141 1804 1181 signi-

1114 1196 1238 1225 fleatur.

1034 1247 1117 1278 Scito
1141 1247 1226 1287 quod
1249 1247 1348 1277 tribus
1377 1247 1427 1277 his
1458 1248 1491 1286 (c)
1522 1250 1684 1287 peccatum
1709 1249 1806 1288 perfi-

1113 1301 1225 1330 ciatur.

1035 1354 1170 1395 Serpens
1183 1355 1326 1393 delectat,
1342 1355 1457 1386 mulier
1467 1355 1548 1394 vult,
1564 1356 1614 1386 vir
1628 1355 1769 1387 vitiatur.

1251 1467 1468 1499 DISTINCTIO
1492 1467 1582 1500 XXV.

1031 1543 1127 1571 Reddit
1142 1543 1178 1570 ad
1193 1544 1270 1570 libert·
1281 1544 1394 1571 arbitria·
1404 1545 1652 1580 considerationem,
1663 1547 1686 1572 et
1692 1547 1803 1580 ponitur

1235 1589 1368 1623 diffinitio
1383 1589 1460 1616 liberi
1474 1588 1593 1616 arbitrii.

1132 1670 1186 1694 ,Iam
1200 1677 1261 1694 vero
1275 1670 1306 1693 ad
1322 1670 1481 1701 propositum
1496 1670 1640 1701 redeamus,
1652 1672 1701 1695 etc.

1030 1730 1149 1769 Pravis,
1167 1732 1233 1763 sive
1249 1732 1351 1770 bonis,
1366 1741 1423 1763 vos
1436 1733 1607 1764 arbitrium
1623 1733 1754 1764 teneatis

1029 1784 1104 1816 Esse
1119 1786 1291 1817 voluntatis
1307 1795 1507 1825 eonsensum,
1525 1796 1580 1817 seu
1594 1787 1736 1817 rationis.

1028 1838 1071 1869 De
1086 1839 1281 1878 contingenti
1297 1839 1401 1870 solum
1416 1839 1456 1869 sit
1474 1842 1504 1870 et
1517 1839 1714 1878 advenienti,

1028 1890 1095 1922 Non
1110 1891 1147 1922 de
1162 1892 1320 1931 praesenti,
1340 1892 1391 1923 vel
1405 1893 1565 1932 praeterito
1580 1893 1768 1924 remanenti.

1028 1943 1142 1975 Factus
1172 1944 1268 1976 homo
1299 1945 1409 1976 cecidit
1422 1969 1429 1983 ‚
1460 1948 1626 1986 reparatur
1636 1970 1645 1984 ,
1674 1946 1798 1986 glorifi-

1107 1999 1208 2028 eatur.

1027 2050 1075 2080 Ex
1089 2050 1139 2080 his
1153 2050 1323 2081 arbitrIum
1338 2051 1483 2082 distincte
1497 2051 1769 2092 quadruplicatur,

1026 2104 1128 2143 Atque
1144 2104 1244 2134 modis
1259 2104 1338 2141 aliis,
1356 2104 1381 2134 si
1398 2105 1568 2142 discernas,
1587 2105 1741 2137 variatur.

1027 2156 1086 2187 Sed
1102 2166 1157 2196 per
1175 2159 1338 2196 peccatum
1360 2157 1463 2188 valide
1487 2158 1579 2189 modo
1602 2158 1796 2197 debilitatur,

1027 2209 1074 2239 Ad
1090 2209 1172 2240 mala
1187 2210 1326 2250 quotidie
1338 2219 1411 2241 cum
1425 2211 1555 2251 pronior
1569 2211 1737 2242 efficiatur.

1240 2316 1457 2348 DISTINCTIO
1478 2317 1583 2349 XXVI.

1153 2392 1187 2418 De
1200 2393 1291 2426 qratia
1310 2396 1451 2427 operante,
1468 2396 1493 2420 et
1508 2396 1671 2428 cooperante.

1102 2472 1162 2495 Haee
1173 2473 1211 2495 est.
1223 2472 1303 2502 gratia
1318 2479 1440 2504 operans,
1455 2476 1480 2497 et
1494 2480 1635 2504 cooperans
1647 2492 1655 2504 ‚
1669 2476 1717 2499 etc.

1064 2529 1168 2560 Gratia
1187 2530 1386 2569 praeveniens
1416 2531 1450 2561 iu
1478 2533 1508 2562 te
1537 2531 1617 2562 bene
1638 2531 1717 2563 velle
1743 2530 1793 2562 lu-

1103 2584 1219 2613 oratur.

1023 2636 1079 2666 Dat
1094 2644 1167 2676 quae
1182 2636 1398 2676 subsequitur,
1413 2638 1545 2668 volttum
1561 2648 1625 2678 quo
1642 2639 1686 2678 (ιι)
1702 2640 1792 2679 perfi-

1101 2689 1213 2719 ciatur.
