<?xml version="1.0" encoding="UTF-8"?>
<!DOCTYPE html PUBLIC "-//W3C//DTD XHTML 1.0 Transitional//EN"
    "http://www.w3.org/TR/xhtml1/DTD/xhtml1-transitional.dtd">
<html xmlns="http://www.w3.org/1999/xhtml" xml:lang="en" lang="en">
 <head>
  <title>
</title>
<meta http-equiv="Content-Type" content="text/html;charset=utf-8" />
  <meta name='ocr-system' content='tesseract 3.04.00' />
  <meta name='ocr-capabilities' content='ocr_page ocr_carea ocr_par ocr_line ocrx_word'/>
</head>
<body>
  <div class='ocr_page' id='page_1' title='image "./operaomniasixtiv06bonauoft/operaomniasixtiv06bonauoft_0240.png"; bbox 0 0 1991 3006; ppageno 0'>
   <div class='ocr_carea' id='block_1_1' title="bbox 206 196 1239 229">
    <p class='ocr_par' dir='ltr' id='par_1_1' title="bbox 206 196 1239 229">
     <span class='ocr_line' id='line_1_1' title="bbox 206 196 1239 229; baseline -0.001 -1"><span class='ocrx_word' id='word_1_1' title='bbox 206 200 264 229; x_wconf 71' lang='lat'>222</span> <span class='ocrx_word' id='word_1_2' title='bbox 767 196 1072 228; x_wconf 61' lang='lat' dir='ltr'>st‹1N&#39;*&#39;l·iNTtAuUit</span> <span class='ocrx_word' id='word_1_3' title='bbox 1099 197 1166 227; x_wconf 69' lang='lat' dir='ltr'>tw.</span> <span class='ocrx_word' id='word_1_4' title='bbox 1193 197 1239 227; x_wconf 77' lang='lat' dir='ltr'>iv.</span> 
     </span>
    </p>
   </div>
   <div class='ocr_carea' id='block_1_2' title="bbox 85 263 1793 541">
    <p class='ocr_par' dir='ltr' id='par_1_2' title="bbox 203 263 1793 482">
     <span class='ocr_line' id='line_1_2' title="bbox 206 263 1789 312; baseline 0.003 -15"><span class='ocrx_word' id='word_1_5' title='bbox 206 265 475 307; x_wconf 86' lang='lat' dir='ltr'>matrimonium,</span> <span class='ocrx_word' id='word_1_6' title='bbox 493 266 555 298; x_wconf 90' lang='lat' dir='ltr'>nisi</span> <span class='ocrx_word' id='word_1_7' title='bbox 577 265 736 310; x_wconf 85' lang='lat' dir='ltr'>praecedat</span> <span class='ocrx_word' id='word_1_8' title='bbox 761 264 864 308; x_wconf 87' lang='lat' dir='ltr'>pactio</span> <span class='ocrx_word' id='word_1_9' title='bbox 888 263 1091 307; x_wconf 78' lang='lat' dir='ltr'>conjugalis3</span> <span class='ocrx_word' id='word_1_10' title='bbox 1116 264 1160 296; x_wconf 84' lang='lat' dir='ltr'>ita</span> <span class='ocrx_word' id='word_1_11' title='bbox 1184 275 1242 296; x_wconf 82' lang='lat' dir='ltr'>nec</span> <span class='ocrx_word' id='word_1_12' title='bbox 1265 265 1369 309; x_wconf 88' lang='lat' dir='ltr'>pactio</span> <span class='ocrx_word' id='word_1_13' title='bbox 1388 265 1590 309; x_wconf 80' lang='lat' dir='ltr'>conjugalis,</span> <span class='ocrx_word' id='word_1_14' title='bbox 1613 271 1789 312; x_wconf 89' lang='lat' dir='ltr'>antequam</span> 
     </span>
     <span class='ocr_line' id='line_1_3' title="bbox 205 321 1789 368; baseline 0.002 -13"><span class='ocrx_word' id='word_1_15' title='bbox 205 323 288 355; x_wconf 83' lang='lat' dir='ltr'>adsit</span> <span class='ocrx_word' id='word_1_16' title='bbox 303 323 419 367; x_wconf 77' lang='lat' dir='ltr'>copula</span> <span class='ocrx_word' id='word_1_17' title='bbox 443 323 593 356; x_wconf 88' lang='lat' dir='ltr'>carnalis.</span> <span class='ocrx_word' id='word_1_18' title='bbox 612 323 659 356; x_wconf 83' lang='lat' dir='ltr'>Ex</span> <span class='ocrx_word' id='word_1_19' title='bbox 685 323 831 367; x_wconf 72' lang='lat' dir='ltr'>pactione</span> <span class='ocrx_word' id='word_1_20' title='bbox 852 333 928 363; x_wconf 74' lang='lat' dir='ltr'>ergo</span> <span class='ocrx_word' id='word_1_21' title='bbox 953 321 1117 364; x_wconf 79' lang='lat' dir='ltr'>conjugali</span> <span class='ocrx_word' id='word_1_22' title='bbox 1140 322 1247 365; x_wconf 82' lang='lat' dir='ltr'>sponsi</span> <span class='ocrx_word' id='word_1_23' title='bbox 1267 326 1297 354; x_wconf 84' lang='lat' dir='ltr'>et</span> <span class='ocrx_word' id='word_1_24' title='bbox 1317 334 1441 366; x_wconf 62' lang='lat' dir='ltr'>sponsae</span> <span class='ocrx_word' id='word_1_25' title='bbox 1458 323 1543 355; x_wconf 89' lang='lat' dir='ltr'>fiunt</span> <span class='ocrx_word' id='word_1_26' title='bbox 1559 328 1632 356; x_wconf 89' lang='lat' dir='ltr'>ante</span> <span class='ocrx_word' id='word_1_27' title='bbox 1646 325 1768 358; x_wconf 87' lang='lat' dir='ltr'>coitum</span> <span class='ocrx_word' id='word_1_28' title='bbox 1781 353 1789 368; x_wconf 88' lang='lat'>,</span> 
     </span>
     <span class='ocr_line' id='line_1_4' title="bbox 204 379 1793 426; baseline 0.003 -14"><span class='ocrx_word' id='word_1_29' title='bbox 204 380 237 412; x_wconf 88' lang='lat' dir='ltr'>in</span> <span class='ocrx_word' id='word_1_30' title='bbox 263 380 348 413; x_wconf 86' lang='lat' dir='ltr'>coitu</span> <span class='ocrx_word' id='word_1_31' title='bbox 372 392 449 414; x_wconf 84' lang='lat' dir='ltr'>vero</span> <span class='ocrx_word' id='word_1_32' title='bbox 473 381 664 414; x_wconf 76' lang='lat' dir='ltr'>efficiuntur</span> <span class='ocrx_word' id='word_1_33' title='bbox 688 381 854 424; x_wconf 72' lang='lat' dir='ltr'>conjuges.</span> <span class='ocrx_word' id='word_1_34' title='bbox 882 379 969 411; x_wconf 82' lang='lat' dir='ltr'>Facit</span> <span class='ocrx_word' id='word_1_35' title='bbox 993 379 1090 411; x_wconf 82' lang='lat' dir='ltr'>etiam</span> <span class='ocrx_word' id='word_1_36' title='bbox 1109 379 1211 422; x_wconf 77' lang='lat' dir='ltr'>pactio</span> <span class='ocrx_word' id='word_1_37' title='bbox 1236 379 1439 423; x_wconf 73' lang='lat' dir='ltr'>conjugalis,</span> <span class='ocrx_word' id='word_1_38' title='bbox 1463 385 1497 413; x_wconf 90' lang='lat' dir='ltr'>nt</span> <span class='ocrx_word' id='word_1_39' title='bbox 1522 392 1596 425; x_wconf 75' lang='lat' dir='ltr'>quae</span> <span class='ocrx_word' id='word_1_40' title='bbox 1619 382 1710 426; x_wconf 86' lang='lat' dir='ltr'>prius</span> <span class='ocrx_word' id='word_1_41' title='bbox 1723 387 1793 416; x_wconf 83' lang='lat' dir='ltr'>erat</span> 
     </span>
     <span class='ocr_line' id='line_1_5' title="bbox 203 438 724 482; baseline 0.002 -12"><span class='ocrx_word' id='word_1_42' title='bbox 203 449 320 482; x_wconf 82' lang='lat' dir='ltr'>sponsa</span> <span class='ocrx_word' id='word_1_43' title='bbox 334 465 342 480; x_wconf 86' lang='lat'>,</span> <span class='ocrx_word' id='word_1_44' title='bbox 359 438 393 471; x_wconf 89' lang='lat' dir='ltr'>in</span> <span class='ocrx_word' id='word_1_45' title='bbox 411 439 497 471; x_wconf 85' lang='lat' dir='ltr'>coitu</span> <span class='ocrx_word' id='word_1_46' title='bbox 519 440 576 472; x_wconf 86' lang='lat' dir='ltr'>fiat</span> <span class='ocrx_word' id='word_1_47' title='bbox 592 439 724 482; x_wconf 84' lang='lat' dir='ltr'>conjux.</span> 
     </span>
    </p>

    <p class='ocr_par' dir='ltr' id='par_1_3' title="bbox 85 494 1792 541">
     <span class='ocr_line' id='line_1_6' title="bbox 85 494 1792 541; baseline 0.002 -16"><span class='ocrx_word' id='word_1_48' title='bbox 85 506 180 532; x_wconf 27' lang='lat' dir='ltr'>Responss</span> <span class='ocrx_word' id='word_1_49' title='bbox 248 496 306 527; x_wconf 87' lang='lat' dir='ltr'>His</span> <span class='ocrx_word' id='word_1_50' title='bbox 322 500 431 529; x_wconf 83' lang='lat' dir='ltr'>autem</span> <span class='ocrx_word' id='word_1_51' title='bbox 455 497 499 529; x_wconf 87' lang='lat' dir='ltr'>ita</span> <span class='ocrx_word' id='word_1_52' title='bbox 520 496 776 541; x_wconf 78' lang='lat' dir='ltr'>respondemus:</span> <span class='ocrx_word' id='word_1_53' title='bbox 795 494 846 526; x_wconf 79' lang='lat' dir='ltr'>Fit</span> <span class='ocrx_word' id='word_1_54' title='bbox 872 494 1049 538; x_wconf 77' lang='lat' dir='ltr'>aliquando</span> <span class='ocrx_word' id='word_1_55' title='bbox 1072 494 1298 538; x_wconf 60' lang='lat' dir='ltr'>despumatio,</span> <span class='ocrx_word' id='word_1_56' title='bbox 1317 494 1372 526; x_wconf 79' lang='lat' dir='ltr'>ubi</span> <span class='ocrx_word' id='word_1_57' title='bbox 1395 499 1442 527; x_wconf 86' lang='lat' dir='ltr'>est</span> <span class='ocrx_word' id='word_1_58' title='bbox 1463 496 1708 539; x_wconf 81' lang='lat' dir='ltr'>compromissio</span> <span class='ocrx_word' id='word_1_59' title='bbox 1729 497 1792 530; x_wconf 84' lang='lat' dir='ltr'>viri</span> 
     </span>
    </p>
   </div>
   <div class='ocr_carea' id='block_1_3' title="bbox 80 536 1792 1000">
    <p class='ocr_par' dir='ltr' id='par_1_4' title="bbox 82 536 1792 596">
     <span class='ocr_line' id='line_1_7' title="bbox 82 536 1792 596; baseline 0 -9"><span class='ocrx_word' id='word_1_60' title='bbox 82 536 186 594; x_wconf 35' lang='lat' dir='ltr'>ssimi&amp;</span> <span class='ocrx_word' id='word_1_61' title='bbox 202 557 232 585; x_wconf 65' lang='lat' dir='ltr'>ot</span> <span class='ocrx_word' id='word_1_62' title='bbox 249 554 396 586; x_wconf 84' lang='lat' dir='ltr'>mulieris</span> <span class='ocrx_word' id='word_1_63' title='bbox 411 554 450 587; x_wconf 88' lang='lat' dir='ltr'>de</span> <span class='ocrx_word' id='word_1_64' title='bbox 470 554 690 587; x_wconf 79' lang='lat' dir='ltr'>contrahendo</span> <span class='ocrx_word' id='word_1_65' title='bbox 705 552 912 585; x_wconf 81' lang='lat' dir='ltr'>matrimonio</span> <span class='ocrx_word' id='word_1_66' title='bbox 928 565 934 592; x_wconf 90' lang='grc'><strong>;</strong></span> <span class='ocrx_word' id='word_1_67' title='bbox 952 563 1017 584; x_wconf 93' lang='lat' dir='ltr'>non</span> <span class='ocrx_word' id='word_1_68' title='bbox 1034 556 1079 584; x_wconf 80' lang='lat' dir='ltr'>cst</span> <span class='ocrx_word' id='word_1_69' title='bbox 1094 556 1201 584; x_wconf 80' lang='lat' dir='ltr'>autem</span> <span class='ocrx_word' id='word_1_70' title='bbox 1219 552 1263 584; x_wconf 87' lang='lat' dir='ltr'>ibi</span> <span class='ocrx_word' id='word_1_71' title='bbox 1276 563 1451 584; x_wconf 80' lang='lat' dir='ltr'>consensus</span> <span class='ocrx_word' id='word_1_72' title='bbox 1461 552 1499 584; x_wconf 86' lang='lat' dir='ltr'>de</span> <span class='ocrx_word' id='word_1_73' title='bbox 1511 553 1672 596; x_wconf 57' lang='lat' dir='ltr'>praesenti.</span> <span class='ocrx_word' id='word_1_74' title='bbox 1691 554 1745 586; x_wconf 86' lang='lat' dir='ltr'>Est</span> <span class='ocrx_word' id='word_1_75' title='bbox 1761 559 1792 587; x_wconf 85' lang='lat' dir='ltr'>et</span> 
     </span>
    </p>

    <p class='ocr_par' dir='ltr' id='par_1_5' title="bbox 81 601 1792 655">
     <span class='ocr_line' id='line_1_8' title="bbox 81 601 1792 655; baseline 0.001 -13"><span class='ocrx_word' id='word_1_76' title='bbox 81 601 185 649; x_wconf 49' lang='lat' dir='ltr'>{fgmcnffff</span> <span class='ocrx_word' id='word_1_77' title='bbox 201 611 405 655; x_wconf 81' lang='lat' dir='ltr'>desponsatio</span> <span class='ocrx_word' id='word_1_78' title='bbox 421 612 542 645; x_wconf 83' lang='lat' dir='ltr'>habeus</span> <span class='ocrx_word' id='word_1_79' title='bbox 560 623 753 644; x_wconf 78' lang='lat' dir='ltr'>consensum</span> <span class='ocrx_word' id='word_1_80' title='bbox 770 610 808 641; x_wconf 81' lang='lat' dir='ltr'>de</span> <span class='ocrx_word' id='word_1_81' title='bbox 821 609 985 653; x_wconf 76' lang='lat' dir='ltr'>praeseuti‚</span> <span class='ocrx_word' id='word_1_82' title='bbox 1002 609 1034 641; x_wconf 90' lang='lat' dir='ltr'>id</span> <span class='ocrx_word' id='word_1_83' title='bbox 1049 614 1095 641; x_wconf 84' lang='lat' dir='ltr'>est</span> <span class='ocrx_word' id='word_1_84' title='bbox 1112 610 1293 653; x_wconf 72' lang='lat' dir='ltr'>pactionem</span> <span class='ocrx_word' id='word_1_85' title='bbox 1308 610 1529 653; x_wconf 63' lang='lat' dir='ltr'>conjugalem,</span> <span class='ocrx_word' id='word_1_86' title='bbox 1547 621 1622 655; x_wconf 78' lang='lat' dir='ltr'>quae</span> <span class='ocrx_word' id='word_1_87' title='bbox 1636 611 1705 644; x_wconf 86' lang='lat' dir='ltr'>sola</span> <span class='ocrx_word' id='word_1_88' title='bbox 1716 612 1792 644; x_wconf 82' lang='lat' dir='ltr'>facit</span> 
     </span>
    </p>

    <p class='ocr_par' dir='ltr' id='par_1_6' title="bbox 81 661 1788 717">
     <span class='ocr_line' id='line_1_9' title="bbox 81 661 1788 717; baseline 0.001 -17"><span class='ocrx_word' id='word_1_89' title='bbox 81 661 176 717; x_wconf 50' lang='lat' dir='ltr'>Sssfflfffs</span> <span class='ocrx_word' id='word_1_90' title='bbox 200 668 404 712; x_wconf 65' lang='lat' dir='ltr'>conjugium.</span> <span class='ocrx_word' id='word_1_91' title='bbox 430 670 467 702; x_wconf 89' lang='lat' dir='ltr'>In</span> <span class='ocrx_word' id='word_1_92' title='bbox 489 670 546 701; x_wconf 87' lang='lat' dir='ltr'>illa</span> <span class='ocrx_word' id='word_1_93' title='bbox 569 680 645 711; x_wconf 79' lang='lat' dir='ltr'>ergo</span> <span class='ocrx_word' id='word_1_94' title='bbox 661 667 929 711; x_wconf 70' lang='lat' dir='ltr'>desponsatione,</span> <span class='ocrx_word' id='word_1_95' title='bbox 956 666 1012 698; x_wconf 89' lang='lat' dir='ltr'>ubi</span> <span class='ocrx_word' id='word_1_96' title='bbox 1035 671 1081 698; x_wconf 82' lang='lat' dir='ltr'>est</span> <span class='ocrx_word' id='word_1_97' title='bbox 1093 667 1283 710; x_wconf 70' lang='lat' dir='ltr'>pollicitatio</span> <span class='ocrx_word' id='word_1_98' title='bbox 1302 667 1514 699; x_wconf 85' lang='lat' dir='ltr'>contrahendi</span> <span class='ocrx_word' id='word_1_99' title='bbox 1528 667 1788 710; x_wconf 73' lang='lat' dir='ltr'>matrimonium,</span> 
     </span>
    </p>

    <p class='ocr_par' dir='ltr' id='par_1_7' title="bbox 80 724 1791 1000">
     <span class='ocr_line' id='line_1_10' title="bbox 80 724 1791 770; baseline 0.001 -13"><span class='ocrx_word' id='word_1_100' title='bbox 80 730 135 743; x_wconf 57' lang='lat' dir='ltr'>wm-</span> <span class='ocrx_word' id='word_1_101' title='bbox 201 727 309 770; x_wconf 75' lang='lat' dir='ltr'>sponsi</span> <span class='ocrx_word' id='word_1_102' title='bbox 340 731 465 760; x_wconf 89' lang='lat' dir='ltr'>tautum</span> <span class='ocrx_word' id='word_1_103' title='bbox 491 731 521 759; x_wconf 80' lang='lat' dir='ltr'>et</span> <span class='ocrx_word' id='word_1_104' title='bbox 545 737 670 770; x_wconf 69' lang='lat' dir='ltr'>sponsae</span> <span class='ocrx_word' id='word_1_105' title='bbox 696 724 801 766; x_wconf 85' lang='lat' dir='ltr'>fiunt,</span> <span class='ocrx_word' id='word_1_106' title='bbox 824 736 889 756; x_wconf 87' lang='lat' dir='ltr'>uon</span> <span class='ocrx_word' id='word_1_107' title='bbox 908 724 1083 768; x_wconf 42' lang='lat' dir='ltr'>conjugem</span> <span class='ocrx_word' id='word_1_108' title='bbox 1102 729 1132 756; x_wconf 86' lang='lat' dir='ltr'>et</span> <span class='ocrx_word' id='word_1_109' title='bbox 1149 724 1268 756; x_wconf 76' lang='lat' dir='ltr'>talibus</span> <span class='ocrx_word' id='word_1_110' title='bbox 1288 725 1414 768; x_wconf 76' lang='lat' dir='ltr'>sponsis</span> <span class='ocrx_word' id='word_1_111' title='bbox 1435 725 1508 757; x_wconf 87' lang='lat' dir='ltr'>licet</span> <span class='ocrx_word' id='word_1_112' title='bbox 1532 725 1601 757; x_wconf 91' lang='lat' dir='ltr'>sine</span> <span class='ocrx_word' id='word_1_113' title='bbox 1622 726 1791 759; x_wconf 89' lang='lat' dir='ltr'>communi</span> 
     </span>
     <span class='ocr_line' id='line_1_11' title="bbox 203 781 1790 827; baseline -0.001 -11"><span class='ocrx_word' id='word_1_114' title='bbox 203 795 360 817; x_wconf 75' lang='lat' dir='ltr'>consensu</span> <span class='ocrx_word' id='word_1_115' title='bbox 377 784 609 817; x_wconf 74' lang='lat' dir='ltr'>continentiam</span> <span class='ocrx_word' id='word_1_116' title='bbox 627 782 789 827; x_wconf 79' lang='lat' dir='ltr'>profiteri,</span> <span class='ocrx_word' id='word_1_117' title='bbox 808 786 838 814; x_wconf 89' lang='lat' dir='ltr'>et</span> <span class='ocrx_word' id='word_1_118' title='bbox 859 781 1093 814; x_wconf 87' lang='lat' dir='ltr'>monasterium</span> <span class='ocrx_word' id='word_1_119' title='bbox 1116 782 1246 824; x_wconf 70' lang='lat' dir='ltr'>eligere.</span> <span class='ocrx_word' id='word_1_120' title='bbox 1266 782 1301 813; x_wconf 93' lang='lat' dir='ltr'>ln</span> <span class='ocrx_word' id='word_1_121' title='bbox 1323 793 1359 813; x_wconf 87' lang='lat' dir='ltr'>ea</span> <span class='ocrx_word' id='word_1_122' title='bbox 1374 792 1450 814; x_wconf 78' lang='lat' dir='ltr'>vero</span> <span class='ocrx_word' id='word_1_123' title='bbox 1471 782 1717 825; x_wconf 83' lang='lat' dir='ltr'>desponsatione</span> <span class='ocrx_word' id='word_1_124' title='bbox 1732 782 1790 815; x_wconf 85' lang='lat' dir='ltr'>uhi</span> 
     </span>
     <span class='ocr_line' id='line_1_12' title="bbox 203 838 1791 884; baseline -0.002 -9"><span class='ocrx_word' id='word_1_125' title='bbox 203 848 252 874; x_wconf 61' lang='lat' dir='ltr'>est</span> <span class='ocrx_word' id='word_1_126' title='bbox 268 853 442 875; x_wconf 86' lang='lat' dir='ltr'>cousensus</span> <span class='ocrx_word' id='word_1_127' title='bbox 462 842 501 873; x_wconf 90' lang='lat' dir='ltr'>de</span> <span class='ocrx_word' id='word_1_128' title='bbox 517 840 666 884; x_wconf 75' lang='lat' dir='ltr'>praesenti</span> <span class='ocrx_word' id='word_1_129' title='bbox 683 866 690 882; x_wconf 88' lang='lat'>‚</span> <span class='ocrx_word' id='word_1_130' title='bbox 716 839 906 883; x_wconf 73' lang='lat' dir='ltr'>conjugium</span> <span class='ocrx_word' id='word_1_131' title='bbox 929 839 1155 880; x_wconf 76' lang='lat' dir='ltr'>contrahitur3</span> <span class='ocrx_word' id='word_1_132' title='bbox 1180 843 1211 870; x_wconf 90' lang='lat' dir='ltr'>et</span> <span class='ocrx_word' id='word_1_133' title='bbox 1232 839 1272 871; x_wconf 87' lang='lat' dir='ltr'>ab</span> <span class='ocrx_word' id='word_1_134' title='bbox 1295 838 1384 870; x_wconf 90' lang='lat' dir='ltr'>illius</span> <span class='ocrx_word' id='word_1_135' title='bbox 1407 839 1664 882; x_wconf 81' lang='lat' dir='ltr'>desponsationis</span> <span class='ocrx_word' id='word_1_136' title='bbox 1684 839 1791 883; x_wconf 84' lang='lat' dir='ltr'>prima</span> 
     </span>
     <span class='ocr_line' id='line_1_13' title="bbox 203 895 1789 942; baseline -0.001 -12"><span class='ocrx_word' id='word_1_137' title='bbox 203 899 265 932; x_wconf 84' lang='lat' dir='ltr'>tide</span> <span class='ocrx_word' id='word_1_138' title='bbox 283 900 353 932; x_wconf 87' lang='lat' dir='ltr'>veri</span> <span class='ocrx_word' id='word_1_139' title='bbox 368 899 522 942; x_wconf 79' lang='lat' dir='ltr'>conjuges</span> <span class='ocrx_word' id='word_1_140' title='bbox 538 897 755 942; x_wconf 73' lang='lat' dir='ltr'>appellantur.</span> <span class='ocrx_word' id='word_1_141' title='bbox 782 896 970 929; x_wconf 86' lang='lat' dir='ltr'>Secundum</span> <span class='ocrx_word' id='word_1_142' title='bbox 991 896 1072 929; x_wconf 88' lang='lat' dir='ltr'>hanc</span> <span class='ocrx_word' id='word_1_143' title='bbox 1092 895 1332 928; x_wconf 75' lang='lat' dir='ltr'>distinctionem</span> <span class='ocrx_word' id='word_1_144' title='bbox 1357 896 1615 940; x_wconf 78' lang='lat' dir='ltr'>desponsationis</span> <span class='ocrx_word' id='word_1_145' title='bbox 1631 896 1720 929; x_wconf 90' lang='lat' dir='ltr'>varie</span> <span class='ocrx_word' id='word_1_146' title='bbox 1741 895 1789 929; x_wconf 90' lang='lat' dir='ltr'>lo-</span> 
     </span>
     <span class='ocr_line' id='line_1_14' title="bbox 199 956 521 1000; baseline 0.003 -13"><span class='ocrx_word' id='word_1_147' title='bbox 199 961 350 1000; x_wconf 76' lang='lat' dir='ltr'>quuntur</span> <span class='ocrx_word' id='word_1_148' title='bbox 364 956 521 989; x_wconf 86' lang='lat' dir='ltr'>doctores.</span> 
     </span>
    </p>
   </div>
   <div class='ocr_carea' id='block_1_4' title="bbox 67 1011 1790 2436">
    <p class='ocr_par' dir='ltr' id='par_1_8' title="bbox 67 1011 1790 2436">
     <span class='ocr_line' id='line_1_15' title="bbox 85 1011 1789 1062; baseline -0.002 -15"><span class='ocrx_word' id='word_1_149' title='bbox 85 1029 174 1062; x_wconf 72' lang='lat' dir='ltr'>ou0mo3</span> <span class='ocrx_word' id='word_1_150' title='bbox 243 1014 432 1058; x_wconf 84' lang='lat' dir='ltr'>Aliquando</span> <span class='ocrx_word' id='word_1_151' title='bbox 459 1014 546 1046; x_wconf 86' lang='lat' dir='ltr'>enim</span> <span class='ocrx_word' id='word_1_152' title='bbox 570 1025 702 1058; x_wconf 85' lang='lat' dir='ltr'>sponsas</span> <span class='ocrx_word' id='word_1_153' title='bbox 730 1017 866 1053; x_wconf 64' lang='lat' dir='ltr'>vorant,</span> <span class='ocrx_word' id='word_1_154' title='bbox 894 1024 966 1056; x_wconf 75' lang='lat' dir='ltr'>quae</span> <span class='ocrx_word' id='word_1_155' title='bbox 992 1012 1088 1044; x_wconf 71' lang='lat' dir='ltr'>talem</span> <span class='ocrx_word' id='word_1_156' title='bbox 1114 1011 1301 1044; x_wconf 86' lang='lat' dir='ltr'>habuerunt</span> <span class='ocrx_word' id='word_1_157' title='bbox 1325 1011 1626 1054; x_wconf 76' lang='lat' dir='ltr'>desponsationem,</span> <span class='ocrx_word' id='word_1_158' title='bbox 1646 1011 1703 1045; x_wconf 88' lang='lat' dir='ltr'>ubi</span> <span class='ocrx_word' id='word_1_159' title='bbox 1725 1011 1789 1044; x_wconf 86' lang='lat' dir='ltr'>fuit</span> 
     </span>
     <span class='ocr_line' id='line_1_16' title="bbox 77 1057 1790 1116; baseline -0.001 -12"><span class='ocrx_word' id='word_1_160' title='bbox 77 1057 182 1115; x_wconf 49' lang='lat' dir='ltr'>dssflaiffi*</span> <span class='ocrx_word' id='word_1_161' title='bbox 198 1072 302 1116; x_wconf 86' lang='lat' dir='ltr'>pactio</span> <span class='ocrx_word' id='word_1_162' title='bbox 317 1071 499 1116; x_wconf 79' lang='lat' dir='ltr'>conjugalis</span> <span class='ocrx_word' id='word_1_163' title='bbox 515 1071 553 1104; x_wconf 86' lang='lat' dir='ltr'>de</span> <span class='ocrx_word' id='word_1_164' title='bbox 570 1071 720 1115; x_wconf 65' lang='lat' dir='ltr'>praesenti</span> <span class='ocrx_word' id='word_1_165' title='bbox 736 1084 742 1112; x_wconf 90' lang='grc'>;</span> <span class='ocrx_word' id='word_1_166' title='bbox 761 1075 792 1103; x_wconf 85' lang='lat' dir='ltr'>et</span> <span class='ocrx_word' id='word_1_167' title='bbox 806 1070 871 1103; x_wconf 81' lang='lat' dir='ltr'>illae</span> <span class='ocrx_word' id='word_1_168' title='bbox 895 1081 969 1102; x_wconf 84' lang='lat' dir='ltr'>vere</span> <span class='ocrx_word' id='word_1_169' title='bbox 989 1070 1143 1114; x_wconf 65' lang='lat' dir='ltr'>conjug-:es</span> <span class='ocrx_word' id='word_1_170' title='bbox 1158 1073 1246 1101; x_wconf 89' lang='lat' dir='ltr'>suut.</span> <span class='ocrx_word' id='word_1_171' title='bbox 1264 1069 1356 1102; x_wconf 88' lang='lat' dir='ltr'>Unde</span> <span class='ocrx_word' id='word_1_172' title='bbox 1374 1068 1552 1111; x_wconf 71' lang='lat' dir='ltr'>Gregorius</span> <span class='ocrx_word' id='word_1_173' title='bbox 1567 1069 1574 1085; x_wconf 95' lang='lat'><strong>¹</strong></span> <span class='ocrx_word' id='word_1_174' title='bbox 1595 1081 1602 1101; x_wconf 89' lang='lat'><strong>:</strong></span> <span class='ocrx_word' id='word_1_175' title='bbox 1623 1082 1640 1101; x_wconf 88' lang='lat'>«</span> <span class='ocrx_word' id='word_1_176' title='bbox 1664 1069 1699 1102; x_wconf 87' lang='lat' dir='ltr'>Si</span> <span class='ocrx_word' id='word_1_177' title='bbox 1714 1070 1790 1114; x_wconf 89' lang='lat' dir='ltr'>quis</span> 
     </span>
     <span class='ocr_line' id='line_1_17' title="bbox 76 1121 1789 1173; baseline -0.002 -11"><span class='ocrx_word' id='word_1_178' title='bbox 76 1121 182 1171; x_wconf 49' lang='grc' dir='ltr'>ᾙᾚζῇῗῗ</span> <span class='ocrx_word' id='word_1_179' title='bbox 200 1140 333 1162; x_wconf 75' lang='lat' dir='ltr'>uxorem</span> <span class='ocrx_word' id='word_1_180' title='bbox 348 1129 593 1173; x_wconf 80' lang='lat' dir='ltr'>desponsaverit</span> <span class='ocrx_word' id='word_1_181' title='bbox 608 1129 659 1160; x_wconf 68' lang='lat' dir='ltr'>wl</span> <span class='ocrx_word' id='word_1_182' title='bbox 676 1128 932 1169; x_wconf 78' lang='lat' dir='ltr'>subarrhaverit,</span> <span class='ocrx_word' id='word_1_183' title='bbox 947 1138 1137 1171; x_wconf 75' lang='lat' dir='ltr'>quanquam</span> <span class='ocrx_word' id='word_1_184' title='bbox 1155 1127 1360 1171; x_wconf 85' lang='lat' dir='ltr'>postmodum</span> <span class='ocrx_word' id='word_1_185' title='bbox 1377 1127 1593 1171; x_wconf 69' lang='lat' dir='ltr'>prmveniente</span> <span class='ocrx_word' id='word_1_186' title='bbox 1607 1126 1660 1159; x_wconf 89' lang='lat' dir='ltr'>die</span> <span class='ocrx_word' id='word_1_187' title='bbox 1675 1127 1789 1160; x_wconf 87' lang='lat' dir='ltr'>mortis</span> 
     </span>
     <span class='ocr_line' id='line_1_18' title="bbox 75 1182 1788 1231; baseline -0.002 -11"><span class='ocrx_word' id='word_1_188' title='bbox 75 1182 180 1208; x_wconf 51' lang='lat' dir='ltr'>⁶⁸Pi¹⁰¹i⁵</span> <span class='ocrx_word' id='word_1_189' title='bbox 196 1188 267 1231; x_wconf 82' lang='lat' dir='ltr'>ejus</span> <span class='ocrx_word' id='word_1_190' title='bbox 292 1187 478 1231; x_wconf 79' lang='lat' dir='ltr'>nequiverit</span> <span class='ocrx_word' id='word_1_191' title='bbox 501 1198 573 1219; x_wconf 86' lang='lat' dir='ltr'>eam</span> <span class='ocrx_word' id='word_1_192' title='bbox 602 1186 719 1218; x_wconf 84' lang='lat' dir='ltr'>ducere</span> <span class='ocrx_word' id='word_1_193' title='bbox 747 1186 781 1217; x_wconf 90' lang='lat' dir='ltr'>in</span> <span class='ocrx_word' id='word_1_194' title='bbox 814 1196 967 1225; x_wconf 82' lang='lat' dir='ltr'>uxorem,</span> <span class='ocrx_word' id='word_1_195' title='bbox 1001 1189 1108 1216; x_wconf 83' lang='lat' dir='ltr'>tamen</span> <span class='ocrx_word' id='word_1_196' title='bbox 1141 1184 1225 1216; x_wconf 87' lang='lat' dir='ltr'>nulli</span> <span class='ocrx_word' id='word_1_197' title='bbox 1250 1184 1289 1216; x_wconf 85' lang='lat' dir='ltr'>de</span> <span class='ocrx_word' id='word_1_198' title='bbox 1313 1184 1594 1227; x_wconf 82' lang='lat' dir='ltr'>consanguinitate</span> <span class='ocrx_word' id='word_1_199' title='bbox 1615 1184 1686 1228; x_wconf 89' lang='lat' dir='ltr'>ejus</span> <span class='ocrx_word' id='word_1_200' title='bbox 1713 1184 1788 1216; x_wconf 89' lang='lat' dir='ltr'>licet</span> 
     </span>
     <span class='ocr_line' id='line_1_19' title="bbox 195 1242 1788 1289; baseline -0.002 -12"><span class='ocrx_word' id='word_1_201' title='bbox 195 1245 338 1289; x_wconf 86' lang='lat' dir='ltr'>accipere</span> <span class='ocrx_word' id='word_1_202' title='bbox 353 1256 423 1277; x_wconf 84' lang='lat' dir='ltr'>eam</span> <span class='ocrx_word' id='word_1_203' title='bbox 441 1244 475 1276; x_wconf 88' lang='lat' dir='ltr'>in</span> <span class='ocrx_word' id='word_1_204' title='bbox 490 1244 662 1288; x_wconf 74' lang='lat' dir='ltr'>conjugio,</span> <span class='ocrx_word' id='word_1_205' title='bbox 680 1249 711 1276; x_wconf 89' lang='lat' dir='ltr'>et</span> <span class='ocrx_word' id='word_1_206' title='bbox 726 1244 752 1275; x_wconf 88' lang='lat' dir='ltr'>si</span> <span class='ocrx_word' id='word_1_207' title='bbox 768 1244 940 1275; x_wconf 80' lang='lat' dir='ltr'>inventum</span> <span class='ocrx_word' id='word_1_208' title='bbox 958 1242 1058 1275; x_wconf 84' lang='lat' dir='ltr'>fuerit</span> <span class='ocrx_word' id='word_1_209' title='bbox 1072 1248 1200 1283; x_wconf 86' lang='lat' dir='ltr'>actum,</span> <span class='ocrx_word' id='word_1_210' title='bbox 1218 1246 1385 1285; x_wconf 80' lang='lat' dir='ltr'>separetur</span> <span class='ocrx_word' id='word_1_211' title='bbox 1396 1243 1542 1274; x_wconf 87' lang='lat' dir='ltr'>omnino.</span> <span class='ocrx_word' id='word_1_212' title='bbox 1556 1255 1572 1273; x_wconf 90' lang='lat'>»</span> <span class='ocrx_word' id='word_1_213' title='bbox 1587 1242 1667 1274; x_wconf 90' lang='lat' dir='ltr'>Item</span> <span class='ocrx_word' id='word_1_214' title='bbox 1679 1242 1788 1274; x_wconf 83' lang='lat' dir='ltr'>Julius</span> 
     </span>
     <span class='ocr_line' id='line_1_20' title="bbox 195 1299 1787 1346; baseline -0.003 -11"><span class='ocrx_word' id='word_1_215' title='bbox 195 1302 331 1346; x_wconf 72' lang='lat' dir='ltr'>Papa2:</span> <span class='ocrx_word' id='word_1_216' title='bbox 358 1316 373 1333; x_wconf 85' lang='lat'>«</span> <span class='ocrx_word' id='word_1_217' title='bbox 396 1301 432 1334; x_wconf 88' lang='lat' dir='ltr'>Si</span> <span class='ocrx_word' id='word_1_218' title='bbox 457 1302 533 1346; x_wconf 86' lang='lat' dir='ltr'>quis</span> <span class='ocrx_word' id='word_1_219' title='bbox 558 1301 802 1344; x_wconf 63' lang='lat' dir='ltr'>desponsaverit</span> <span class='ocrx_word' id='word_1_220' title='bbox 826 1312 963 1333; x_wconf 77' lang='lat' dir='ltr'>uxorem</span> <span class='ocrx_word' id='word_1_221' title='bbox 990 1300 1040 1332; x_wconf 85' lang='lat' dir='ltr'>vel</span> <span class='ocrx_word' id='word_1_222' title='bbox 1065 1300 1334 1341; x_wconf 77' lang='lat' dir='ltr'>subarrhaverit,</span> <span class='ocrx_word' id='word_1_223' title='bbox 1361 1304 1392 1332; x_wconf 89' lang='lat' dir='ltr'>et</span> <span class='ocrx_word' id='word_1_224' title='bbox 1417 1300 1467 1332; x_wconf 85' lang='lat' dir='ltr'>vel</span> <span class='ocrx_word' id='word_1_225' title='bbox 1493 1299 1709 1344; x_wconf 65' lang='lat' dir='ltr'>praeveniente</span> <span class='ocrx_word' id='word_1_226' title='bbox 1735 1299 1787 1332; x_wconf 87' lang='lat' dir='ltr'>die</span> 
     </span>
     <span class='ocr_line' id='line_1_21' title="bbox 195 1357 1786 1402; baseline -0.002 -10"><span class='ocrx_word' id='word_1_227' title='bbox 195 1360 326 1402; x_wconf 82' lang='lat' dir='ltr'>mortis,</span> <span class='ocrx_word' id='word_1_228' title='bbox 352 1360 405 1392; x_wconf 81' lang='lat' dir='ltr'>vel</span> <span class='ocrx_word' id='word_1_229' title='bbox 428 1359 633 1392; x_wconf 83' lang='lat' dir='ltr'>irruentibus</span> <span class='ocrx_word' id='word_1_230' title='bbox 655 1358 854 1402; x_wconf 74' lang='lat' dir='ltr'>quibusdan]</span> <span class='ocrx_word' id='word_1_231' title='bbox 874 1358 979 1390; x_wconf 81' lang='lat' dir='ltr'>causis</span> <span class='ocrx_word' id='word_1_232' title='bbox 1002 1369 1071 1390; x_wconf 63' lang='lat' dir='ltr'>eam</span> <span class='ocrx_word' id='word_1_233' title='bbox 1101 1369 1164 1389; x_wconf 69' lang='lat' dir='ltr'>non</span> <span class='ocrx_word' id='word_1_234' title='bbox 1187 1357 1398 1399; x_wconf 77' lang='lat' dir='ltr'>cognoverit,</span> <span class='ocrx_word' id='word_1_235' title='bbox 1415 1368 1474 1389; x_wconf 87' lang='lat' dir='ltr'>nec</span> <span class='ocrx_word' id='word_1_236' title='bbox 1500 1357 1601 1389; x_wconf 75' lang='lat' dir='ltr'>frater</span> <span class='ocrx_word' id='word_1_237' title='bbox 1621 1357 1710 1401; x_wconf 88' lang='lat' dir='ltr'>ejus,</span> <span class='ocrx_word' id='word_1_238' title='bbox 1729 1367 1786 1390; x_wconf 88' lang='lat' dir='ltr'>nec</span> 
     </span>
     <span class='ocr_line' id='line_1_22' title="bbox 195 1415 1786 1460; baseline -0.003 -11"><span class='ocrx_word' id='word_1_239' title='bbox 195 1417 283 1450; x_wconf 90' lang='lat' dir='ltr'>ullus</span> <span class='ocrx_word' id='word_1_240' title='bbox 297 1417 336 1450; x_wconf 80' lang='lat' dir='ltr'>de</span> <span class='ocrx_word' id='word_1_241' title='bbox 351 1417 636 1460; x_wconf 83' lang='lat' dir='ltr'>consanguinitate</span> <span class='ocrx_word' id='word_1_242' title='bbox 653 1416 722 1459; x_wconf 82' lang='lat' dir='ltr'>ejus</span> <span class='ocrx_word' id='word_1_243' title='bbox 743 1416 890 1448; x_wconf 84' lang='lat' dir='ltr'>eamdem</span> <span class='ocrx_word' id='word_1_244' title='bbox 914 1415 973 1447; x_wconf 82' lang='lat' dir='ltr'>sibi</span> <span class='ocrx_word' id='word_1_245' title='bbox 994 1415 1083 1447; x_wconf 84' lang='lat' dir='ltr'>tollat</span> <span class='ocrx_word' id='word_1_246' title='bbox 1108 1415 1141 1446; x_wconf 89' lang='lat' dir='ltr'>in</span> <span class='ocrx_word' id='word_1_247' title='bbox 1165 1426 1303 1447; x_wconf 73' lang='lat' dir='ltr'>uxorem</span> <span class='ocrx_word' id='word_1_248' title='bbox 1328 1415 1397 1447; x_wconf 88' lang='lat' dir='ltr'>ullo</span> <span class='ocrx_word' id='word_1_249' title='bbox 1422 1426 1568 1458; x_wconf 87' lang='lat' dir='ltr'>unquam</span> <span class='ocrx_word' id='word_1_250' title='bbox 1593 1419 1749 1458; x_wconf 86' lang='lat' dir='ltr'>tempore.</span> <span class='ocrx_word' id='word_1_251' title='bbox 1769 1427 1786 1445; x_wconf 86' lang='lat'>»</span> 
     </span>
     <span class='ocr_line' id='line_1_23' title="bbox 192 1472 1788 1518; baseline -0.001 -13"><span class='ocrx_word' id='word_1_252' title='bbox 192 1474 272 1507; x_wconf 83' lang='lat' dir='ltr'>[tem</span> <span class='ocrx_word' id='word_1_253' title='bbox 288 1474 464 1518; x_wconf 78' lang='lat' dir='ltr'>Gregorius</span> <span class='ocrx_word' id='word_1_254' title='bbox 480 1479 490 1495; x_wconf 76' lang='lat'>³</span> <span class='ocrx_word' id='word_1_255' title='bbox 506 1487 512 1506; x_wconf 91' lang='lat'>:</span> <span class='ocrx_word' id='word_1_256' title='bbox 535 1488 551 1505; x_wconf 84' lang='lat'>«</span> <span class='ocrx_word' id='word_1_257' title='bbox 565 1474 629 1513; x_wconf 85' lang='lat' dir='ltr'>Qui</span> <span class='ocrx_word' id='word_1_258' title='bbox 646 1474 871 1518; x_wconf 83' lang='lat' dir='ltr'>desponsatam</span> <span class='ocrx_word' id='word_1_259' title='bbox 887 1473 1028 1517; x_wconf 82' lang='lat' dir='ltr'>proximi</span> <span class='ocrx_word' id='word_1_260' title='bbox 1044 1472 1095 1504; x_wconf 83' lang='lat' dir='ltr'>sui</span> <span class='ocrx_word' id='word_1_261' title='bbox 1112 1472 1254 1516; x_wconf 79' lang='lat' dir='ltr'>puellam</span> <span class='ocrx_word' id='word_1_262' title='bbox 1271 1472 1429 1516; x_wconf 84' lang='lat' dir='ltr'>acceperit</span> <span class='ocrx_word' id='word_1_263' title='bbox 1444 1472 1476 1504; x_wconf 91' lang='lat' dir='ltr'>in</span> <span class='ocrx_word' id='word_1_264' title='bbox 1493 1472 1697 1516; x_wconf 77' lang='lat' dir='ltr'>conjugium,</span> <span class='ocrx_word' id='word_1_265' title='bbox 1710 1483 1788 1505; x_wconf 85' lang='lat' dir='ltr'>ana-</span> 
     </span>
     <span class='ocr_line' id='line_1_24' title="bbox 193 1529 1782 1576; baseline -0.002 -11"><span class='ocrx_word' id='word_1_266' title='bbox 193 1532 303 1565; x_wconf 87' lang='lat' dir='ltr'>thema</span> <span class='ocrx_word' id='word_1_267' title='bbox 317 1532 357 1565; x_wconf 87' lang='lat' dir='ltr'>sit</span> <span class='ocrx_word' id='word_1_268' title='bbox 372 1532 457 1576; x_wconf 85' lang='lat' dir='ltr'>ipse,</span> <span class='ocrx_word' id='word_1_269' title='bbox 477 1537 508 1564; x_wconf 88' lang='lat' dir='ltr'>et</span> <span class='ocrx_word' id='word_1_270' title='bbox 522 1543 635 1564; x_wconf 87' lang='lat' dir='ltr'>omnes</span> <span class='ocrx_word' id='word_1_271' title='bbox 660 1531 899 1563; x_wconf 83' lang='lat' dir='ltr'>consentientes</span> <span class='ocrx_word' id='word_1_272' title='bbox 918 1530 946 1563; x_wconf 87' lang='lat' dir='ltr'>ei</span> <span class='ocrx_word' id='word_1_273' title='bbox 962 1543 968 1571; x_wconf 90' lang='lat'>;</span> <span class='ocrx_word' id='word_1_274' title='bbox 986 1530 1064 1574; x_wconf 81' lang='lat' dir='ltr'>quia</span> <span class='ocrx_word' id='word_1_275' title='bbox 1079 1530 1258 1561; x_wconf 81' lang='lat' dir='ltr'>secundum</span> <span class='ocrx_word' id='word_1_276' title='bbox 1283 1530 1387 1572; x_wconf 78' lang='lat' dir='ltr'>legem</span> <span class='ocrx_word' id='word_1_277' title='bbox 1406 1529 1462 1561; x_wconf 83' lang='lat' dir='ltr'>Dei</span> <span class='ocrx_word' id='word_1_278' title='bbox 1486 1530 1568 1562; x_wconf 84' lang='lat' dir='ltr'>mori</span> <span class='ocrx_word' id='word_1_279' title='bbox 1585 1529 1782 1562; x_wconf 87' lang='lat' dir='ltr'>decernitur.</span> 
     </span>
     <span class='ocr_line' id='line_1_25' title="bbox 194 1587 1789 1633; baseline -0.001 -11"><span class='ocrx_word' id='word_1_280' title='bbox 194 1588 276 1622; x_wconf 89' lang='lat' dir='ltr'>Nam</span> <span class='ocrx_word' id='word_1_281' title='bbox 293 1589 414 1622; x_wconf 68' lang='lat' dir='ltr'>divina:</span> <span class='ocrx_word' id='word_1_282' title='bbox 429 1590 510 1632; x_wconf 80' lang='lat' dir='ltr'>legis</span> <span class='ocrx_word' id='word_1_283' title='bbox 533 1600 600 1622; x_wconf 82' lang='lat' dir='ltr'>mos</span> <span class='ocrx_word' id='word_1_284' title='bbox 617 1594 662 1621; x_wconf 85' lang='lat' dir='ltr'>est</span> <span class='ocrx_word' id='word_1_285' title='bbox 677 1615 684 1630; x_wconf 92' lang='lat'>,</span> <span class='ocrx_word' id='word_1_286' title='bbox 701 1600 834 1633; x_wconf 77' lang='lat' dir='ltr'>sponsas</span> <span class='ocrx_word' id='word_1_287' title='bbox 850 1588 1012 1632; x_wconf 84' lang='lat' dir='ltr'>appellare</span> <span class='ocrx_word' id='word_1_288' title='bbox 1028 1588 1184 1632; x_wconf 66' lang='lat' dir='ltr'>conjuges</span> <span class='ocrx_word' id='word_1_289' title='bbox 1196 1614 1204 1628; x_wconf 89' lang='lat'>,</span> <span class='ocrx_word' id='word_1_290' title='bbox 1222 1592 1257 1619; x_wconf 91' lang='lat' dir='ltr'>ut</span> <span class='ocrx_word' id='word_1_291' title='bbox 1280 1587 1313 1619; x_wconf 90' lang='lat' dir='ltr'>in</span> <span class='ocrx_word' id='word_1_292' title='bbox 1333 1587 1512 1630; x_wconf 79' lang='lat' dir='ltr'>Evangelio</span> <span class='ocrx_word' id='word_1_293' title='bbox 1531 1594 1540 1610; x_wconf 65' lang='lat'>³</span> <span class='ocrx_word' id='word_1_294' title='bbox 1558 1600 1564 1619; x_wconf 92' lang='lat'>:</span> <span class='ocrx_word' id='word_1_295' title='bbox 1582 1587 1700 1631; x_wconf 82' lang='lat' dir='ltr'>Accipe</span> <span class='ocrx_word' id='word_1_296' title='bbox 1713 1589 1789 1621; x_wconf 85' lang='grc' dir='ltr'>Μα-</span> 
     </span>
     <span class='ocr_line' id='line_1_26' title="bbox 190 1645 1788 1691; baseline 0 -13"><span class='ocrx_word' id='word_1_297' title='bbox 190 1646 278 1680; x_wconf 69' lang='lat' dir='ltr'>riam</span> <span class='ocrx_word' id='word_1_298' title='bbox 301 1647 472 1691; x_wconf 73' lang='lat' dir='ltr'>conjuqem</span> <span class='ocrx_word' id='word_1_299' title='bbox 497 1653 590 1679; x_wconf 75' lang='lat' dir='ltr'>tuam</span> <span class='ocrx_word' id='word_1_300' title='bbox 607 1659 617 1678; x_wconf 89' lang='grc'>.·</span> <span class='ocrx_word' id='word_1_301' title='bbox 634 1651 665 1679; x_wconf 84' lang='lat' dir='ltr'>ct</span> <span class='ocrx_word' id='word_1_302' title='bbox 689 1647 722 1678; x_wconf 90' lang='lat' dir='ltr'>in</span> <span class='ocrx_word' id='word_1_303' title='bbox 747 1646 1003 1678; x_wconf 80' lang='lat' dir='ltr'>Deuteronomio</span> <span class='ocrx_word' id='word_1_304' title='bbox 1018 1651 1027 1666; x_wconf 85' lang='lat'>⁵</span> <span class='ocrx_word' id='word_1_305' title='bbox 1045 1659 1051 1677; x_wconf 82' lang='lat'>2</span> <span class='ocrx_word' id='word_1_306' title='bbox 1069 1646 1105 1678; x_wconf 59' lang='lat' dir='ltr'>Sa·</span> <span class='ocrx_word' id='word_1_307' title='bbox 1126 1646 1196 1689; x_wconf 72' lang='lat' dir='ltr'>qais</span> <span class='ocrx_word' id='word_1_308' title='bbox 1222 1645 1358 1677; x_wconf 74' lang='lat' dir='ltr'>alterius</span> <span class='ocrx_word' id='word_1_309' title='bbox 1378 1656 1531 1689; x_wconf 79' lang='lat' dir='ltr'>sponsam</span> <span class='ocrx_word' id='word_1_310' title='bbox 1557 1645 1592 1678; x_wconf 76' lang='lat' dir='ltr'>in</span> <span class='ocrx_word' id='word_1_311' title='bbox 1616 1657 1716 1690; x_wconf 76' lang='lat' dir='ltr'>aqro,</span> <span class='ocrx_word' id='word_1_312' title='bbox 1736 1646 1788 1678; x_wconf 86' lang='lat' dir='ltr'>vel</span> 
     </span>
     <span class='ocr_line' id='line_1_27' title="bbox 191 1702 1786 1749; baseline -0.001 -13"><span class='ocrx_word' id='word_1_313' title='bbox 191 1704 332 1748; x_wconf 75' lang='lat' dir='ltr'>quolibet</span> <span class='ocrx_word' id='word_1_314' title='bbox 355 1705 424 1737; x_wconf 81' lang='lat' dir='ltr'>loco</span> <span class='ocrx_word' id='word_1_315' title='bbox 449 1705 665 1749; x_wconf 71' lang='lat' dir='ltr'>oppresserit,</span> <span class='ocrx_word' id='word_1_316' title='bbox 693 1704 742 1736; x_wconf 70' lang='lat' dir='ltr'>vel</span> <span class='ocrx_word' id='word_1_317' title='bbox 764 1703 941 1735; x_wconf 65' lang='lat' dir='ltr'>‹uldam-it</span> <span class='ocrx_word' id='word_1_318' title='bbox 965 1704 1000 1735; x_wconf 71' lang='lat' dir='ltr'>in</span> <span class='ocrx_word' id='word_1_319' title='bbox 1026 1702 1161 1735; x_wconf 72' lang='lat' dir='ltr'>domum</span> <span class='ocrx_word' id='word_1_320' title='bbox 1186 1715 1280 1735; x_wconf 72' lang='lat' dir='ltr'>suam</span> <span class='ocrx_word' id='word_1_321' title='bbox 1298 1730 1306 1743; x_wconf 82' lang='lat'>,</span> <span class='ocrx_word' id='word_1_322' title='bbox 1334 1703 1519 1742; x_wconf 73' lang='lat' dir='ltr'>72207=iatw·‚</span> <span class='ocrx_word' id='word_1_323' title='bbox 1546 1703 1624 1747; x_wconf 86' lang='lat' dir='ltr'>quia</span> <span class='ocrx_word' id='word_1_324' title='bbox 1649 1713 1786 1736; x_wconf 80' lang='lat' dir='ltr'>uxorem</span> 
     </span>
     <span class='ocr_line' id='line_1_28' title="bbox 191 1759 1786 1806; baseline -0.001 -12"><span class='ocrx_word' id='word_1_325' title='bbox 191 1762 333 1806; x_wconf 76' lang='lat' dir='ltr'>proximi</span> <span class='ocrx_word' id='word_1_326' title='bbox 356 1762 408 1794; x_wconf 86' lang='lat' dir='ltr'>sui</span> <span class='ocrx_word' id='word_1_327' title='bbox 434 1762 569 1794; x_wconf 79' lang='lat' dir='ltr'>violavit</span> <span class='ocrx_word' id='word_1_328' title='bbox 591 1774 597 1794; x_wconf 76' lang='grc' dir='ltr'>ε</span> <span class='ocrx_word' id='word_1_329' title='bbox 627 1773 691 1794; x_wconf 88' lang='lat' dir='ltr'>nou</span> <span class='ocrx_word' id='word_1_330' title='bbox 710 1772 782 1805; x_wconf 66' lang='lat' dir='ltr'>quae</span> <span class='ocrx_word' id='word_1_331' title='bbox 803 1761 871 1805; x_wconf 85' lang='lat' dir='ltr'>jain</span> <span class='ocrx_word' id='word_1_332' title='bbox 898 1772 980 1793; x_wconf 77' lang='lat' dir='ltr'>uxor</span> <span class='ocrx_word' id='word_1_333' title='bbox 1002 1766 1070 1792; x_wconf 83' lang='lat' dir='ltr'>erat</span> <span class='ocrx_word' id='word_1_334' title='bbox 1090 1787 1097 1800; x_wconf 93' lang='lat'>‚</span> <span class='ocrx_word' id='word_1_335' title='bbox 1123 1760 1176 1792; x_wconf 84' lang='lat' dir='ltr'>sed</span> <span class='ocrx_word' id='word_1_336' title='bbox 1201 1772 1273 1804; x_wconf 75' lang='lat' dir='ltr'>quae</span> <span class='ocrx_word' id='word_1_337' title='bbox 1291 1773 1309 1793; x_wconf 88' lang='lat' dir='ltr'>a</span> <span class='ocrx_word' id='word_1_338' title='bbox 1331 1760 1522 1804; x_wconf 83' lang='lat' dir='ltr'>parentibus</span> <span class='ocrx_word' id='word_1_339' title='bbox 1546 1771 1629 1793; x_wconf 78' lang='lat' dir='ltr'>uxor</span> <span class='ocrx_word' id='word_1_340' title='bbox 1644 1760 1716 1793; x_wconf 86' lang='lat' dir='ltr'>fieri</span> <span class='ocrx_word' id='word_1_341' title='bbox 1731 1759 1786 1793; x_wconf 88' lang='lat' dir='ltr'>de-</span> 
     </span>
     <span class='ocr_line' id='line_1_29' title="bbox 190 1818 1784 1862; baseline -0.001 -11"><span class='ocrx_word' id='word_1_342' title='bbox 190 1819 297 1852; x_wconf 91' lang='lat' dir='ltr'>bebat.</span> <span class='ocrx_word' id='word_1_343' title='bbox 327 1832 343 1849; x_wconf 66' lang='lat'>³)</span> <span class='ocrx_word' id='word_1_344' title='bbox 365 1819 413 1851; x_wconf 82' lang='lat' dir='ltr'>Ex</span> <span class='ocrx_word' id='word_1_345' title='bbox 437 1819 488 1851; x_wconf 91' lang='lat' dir='ltr'>his</span> <span class='ocrx_word' id='word_1_346' title='bbox 511 1819 677 1862; x_wconf 72' lang='lat' dir='ltr'>colligitur</span> <span class='ocrx_word' id='word_1_347' title='bbox 705 1818 792 1862; x_wconf 84' lang='lat' dir='ltr'>quod</span> <span class='ocrx_word' id='word_1_348' title='bbox 818 1829 942 1862; x_wconf 57' lang='lat' dir='ltr'>sponsae</span> <span class='ocrx_word' id='word_1_349' title='bbox 964 1818 1113 1862; x_wconf 76' lang='lat' dir='ltr'>quaedain</span> <span class='ocrx_word' id='word_1_350' title='bbox 1138 1818 1296 1861; x_wconf 71' lang='lat' dir='ltr'>conjuges</span> <span class='ocrx_word' id='word_1_351' title='bbox 1320 1822 1396 1850; x_wconf 89' lang='lat' dir='ltr'>sunt</span> <span class='ocrx_word' id='word_1_352' title='bbox 1421 1822 1496 1850; x_wconf 86' lang='lat' dir='ltr'>aute</span> <span class='ocrx_word' id='word_1_353' title='bbox 1519 1818 1784 1850; x_wconf 80' lang='lat' dir='ltr'>commixtionem</span> 
     </span>
     <span class='ocr_line' id='line_1_30' title="bbox 190 1875 1782 1921; baseline -0.001 -12"><span class='ocrx_word' id='word_1_354' title='bbox 190 1888 338 1910; x_wconf 82' lang='lat' dir='ltr'>sexuum.</span> <span class='ocrx_word' id='word_1_355' title='bbox 357 1876 418 1909; x_wconf 87' lang='lat' dir='ltr'>Sed</span> <span class='ocrx_word' id='word_1_356' title='bbox 434 1877 517 1909; x_wconf 79' lang='lat' dir='ltr'>forte</span> <span class='ocrx_word' id='word_1_357' title='bbox 532 1877 615 1909; x_wconf 89' lang='lat' dir='ltr'>illud</span> <span class='ocrx_word' id='word_1_358' title='bbox 633 1881 741 1909; x_wconf 73' lang='lat' dir='ltr'>movet</span> <span class='ocrx_word' id='word_1_359' title='bbox 754 1876 841 1921; x_wconf 89' lang='lat' dir='ltr'>quod</span> <span class='ocrx_word' id='word_1_360' title='bbox 858 1877 891 1908; x_wconf 88' lang='lat' dir='ltr'>in</span> <span class='ocrx_word' id='word_1_361' title='bbox 907 1876 972 1908; x_wconf 87' lang='lat' dir='ltr'>fine</span> <span class='ocrx_word' id='word_1_362' title='bbox 987 1876 1121 1919; x_wconf 85' lang='lat' dir='ltr'>capituli</span> <span class='ocrx_word' id='word_1_363' title='bbox 1137 1876 1258 1907; x_wconf 87' lang='lat' dir='ltr'>dicitur</span> <span class='ocrx_word' id='word_1_364' title='bbox 1277 1888 1282 1907; x_wconf 92' lang='lat'>:</span> <span class='ocrx_word' id='word_1_365' title='bbox 1307 1888 1322 1905; x_wconf 83' lang='lat'>«</span> <span class='ocrx_word' id='word_1_366' title='bbox 1340 1875 1412 1907; x_wconf 84' lang='lat' dir='ltr'>Non</span> <span class='ocrx_word' id='word_1_367' title='bbox 1434 1875 1586 1918; x_wconf 83' lang='lat' dir='ltr'>quaejam</span> <span class='ocrx_word' id='word_1_368' title='bbox 1601 1885 1685 1907; x_wconf 80' lang='lat' dir='ltr'>uxor</span> <span class='ocrx_word' id='word_1_369' title='bbox 1700 1878 1782 1916; x_wconf 86' lang='lat' dir='ltr'>crat,</span> 
     </span>
     <span class='ocr_line' id='line_1_31' title="bbox 190 1932 1782 1978; baseline -0.002 -11"><span class='ocrx_word' id='word_1_370' title='bbox 190 1935 244 1967; x_wconf 85' lang='lat' dir='ltr'>sed</span> <span class='ocrx_word' id='word_1_371' title='bbox 263 1945 338 1978; x_wconf 84' lang='lat' dir='ltr'>quae</span> <span class='ocrx_word' id='word_1_372' title='bbox 355 1945 438 1967; x_wconf 79' lang='lat' dir='ltr'>uxor</span> <span class='ocrx_word' id='word_1_373' title='bbox 453 1934 524 1967; x_wconf 85' lang='lat' dir='ltr'>fieri</span> <span class='ocrx_word' id='word_1_374' title='bbox 540 1934 687 1966; x_wconf 82' lang='lat' dir='ltr'>debebat.</span> <span class='ocrx_word' id='word_1_375' title='bbox 708 1948 722 1964; x_wconf 84' lang='lat'>»</span> <span class='ocrx_word' id='word_1_376' title='bbox 742 1934 837 1973; x_wconf 85' lang='lat' dir='ltr'>Quod</span> <span class='ocrx_word' id='word_1_377' title='bbox 854 1945 918 1966; x_wconf 87' lang='lat' dir='ltr'>nou</span> <span class='ocrx_word' id='word_1_378' title='bbox 933 1934 978 1966; x_wconf 81' lang='lat' dir='ltr'>ita</span> <span class='ocrx_word' id='word_1_379' title='bbox 994 1934 1135 1975; x_wconf 77' lang='lat' dir='ltr'>intelligi</span> <span class='ocrx_word' id='word_1_380' title='bbox 1151 1933 1265 1974; x_wconf 86' lang='lat' dir='ltr'>debet,</span> <span class='ocrx_word' id='word_1_381' title='bbox 1283 1933 1377 1977; x_wconf 85' lang='lat' dir='ltr'>quasi</span> <span class='ocrx_word' id='word_1_382' title='bbox 1393 1944 1476 1965; x_wconf 75' lang='lat' dir='ltr'>uxor</span> <span class='ocrx_word' id='word_1_383' title='bbox 1491 1944 1566 1965; x_wconf 90' lang='lat' dir='ltr'>vere</span> <span class='ocrx_word' id='word_1_384' title='bbox 1581 1944 1648 1965; x_wconf 92' lang='lat' dir='ltr'>non</span> <span class='ocrx_word' id='word_1_385' title='bbox 1663 1932 1763 1965; x_wconf 86' lang='lat' dir='ltr'>fuerit</span> <span class='ocrx_word' id='word_1_386' title='bbox 1774 1958 1782 1973; x_wconf 91' lang='lat'>‚</span> 
     </span>
     <span class='ocr_line' id='line_1_32' title="bbox 190 1989 1785 2036; baseline -0.001 -12"><span class='ocrx_word' id='word_1_387' title='bbox 190 2004 230 2024; x_wconf 76' lang='lat' dir='ltr'>cx</span> <span class='ocrx_word' id='word_1_388' title='bbox 244 2003 309 2036; x_wconf 84' lang='lat' dir='ltr'>quo</span> <span class='ocrx_word' id='word_1_389' title='bbox 330 1992 432 2035; x_wconf 84' lang='lat' dir='ltr'>pactio</span> <span class='ocrx_word' id='word_1_390' title='bbox 447 1992 630 2035; x_wconf 81' lang='lat' dir='ltr'>conjugalis</span> <span class='ocrx_word' id='word_1_391' title='bbox 646 1991 825 2024; x_wconf 85' lang='lat' dir='ltr'>intercessit</span> <span class='ocrx_word' id='word_1_392' title='bbox 840 2005 847 2032; x_wconf 91' lang='lat'>;</span> <span class='ocrx_word' id='word_1_393' title='bbox 866 1991 920 2023; x_wconf 87' lang='lat' dir='ltr'>sed</span> <span class='ocrx_word' id='word_1_394' title='bbox 945 1991 1023 2035; x_wconf 85' lang='lat' dir='ltr'>quia</span> <span class='ocrx_word' id='word_1_395' title='bbox 1039 1991 1186 2023; x_wconf 82' lang='lat' dir='ltr'>nonduin</span> <span class='ocrx_word' id='word_1_396' title='bbox 1213 1991 1361 2023; x_wconf 85' lang='lat' dir='ltr'>traducta</span> <span class='ocrx_word' id='word_1_397' title='bbox 1384 1990 1489 2022; x_wconf 81' lang='lat' dir='ltr'>fuerat</span> <span class='ocrx_word' id='word_1_398' title='bbox 1503 2016 1510 2031; x_wconf 95' lang='lat'>,</span> <span class='ocrx_word' id='word_1_399' title='bbox 1527 2001 1585 2022; x_wconf 88' lang='lat' dir='ltr'>nec</span> <span class='ocrx_word' id='word_1_400' title='bbox 1604 2000 1654 2022; x_wconf 88' lang='lat' dir='ltr'>res</span> <span class='ocrx_word' id='word_1_401' title='bbox 1669 1989 1785 2022; x_wconf 77' lang='lat' dir='ltr'>uxoria</span> 
     </span>
     <span class='ocr_line' id='line_1_33' title="bbox 193 2048 989 2092; baseline -0.001 -11"><span class='ocrx_word' id='word_1_402' title='bbox 193 2049 415 2081; x_wconf 86' lang='lat' dir='ltr'>intercesserat</span> <span class='ocrx_word' id='word_1_403' title='bbox 428 2075 436 2090; x_wconf 92' lang='lat'><em>‚</em></span> <span class='ocrx_word' id='word_1_404' title='bbox 453 2049 573 2081; x_wconf 85' lang='lat' dir='ltr'>scilicet</span> <span class='ocrx_word' id='word_1_405' title='bbox 589 2048 781 2081; x_wconf 86' lang='lat' dir='ltr'>concubitus</span> <span class='ocrx_word' id='word_1_406' title='bbox 795 2048 989 2092; x_wconf 77' lang='lat' dir='ltr'>conjugalis.</span> 
     </span>
     <span class='ocr_line' id='line_1_34' title="bbox 69 2100 1781 2150; baseline -0.003 -10"><span class='ocrx_word' id='word_1_407' title='bbox 69 2121 129 2145; x_wconf 67' lang='lat' dir='ltr'>Quod</span> <span class='ocrx_word' id='word_1_408' title='bbox 139 2121 175 2140; x_wconf 68' lang='lat' dir='ltr'>an.</span> <span class='ocrx_word' id='word_1_409' title='bbox 235 2106 310 2139; x_wconf 80' lang='lat' dir='ltr'>Haee</span> <span class='ocrx_word' id='word_1_410' title='bbox 332 2105 428 2138; x_wconf 82' lang='lat' dir='ltr'>etiam</span> <span class='ocrx_word' id='word_1_411' title='bbox 444 2117 561 2150; x_wconf 79' lang='lat' dir='ltr'>sponsa</span> <span class='ocrx_word' id='word_1_412' title='bbox 582 2109 650 2147; x_wconf 84' lang='lat' dir='ltr'>est,</span> <span class='ocrx_word' id='word_1_413' title='bbox 667 2116 738 2150; x_wconf 78' lang='lat' dir='ltr'>quae</span> <span class='ocrx_word' id='word_1_414' title='bbox 761 2106 806 2137; x_wconf 86' lang='lat' dir='ltr'>sic</span> <span class='ocrx_word' id='word_1_415' title='bbox 827 2105 898 2138; x_wconf 89' lang='lat' dir='ltr'>viro</span> <span class='ocrx_word' id='word_1_416' title='bbox 918 2105 1110 2149; x_wconf 82' lang='lat' dir='ltr'>desponsata</span> <span class='ocrx_word' id='word_1_417' title='bbox 1130 2109 1198 2145; x_wconf 90' lang='lat' dir='ltr'>est,</span> <span class='ocrx_word' id='word_1_418' title='bbox 1223 2108 1259 2137; x_wconf 87' lang='lat' dir='ltr'>ut</span> <span class='ocrx_word' id='word_1_419' title='bbox 1280 2115 1346 2137; x_wconf 91' lang='lat' dir='ltr'>non</span> <span class='ocrx_word' id='word_1_420' title='bbox 1365 2100 1582 2136; x_wconf 77' lang='lat' dir='ltr'>intercesserit</span> <span class='ocrx_word' id='word_1_421' title='bbox 1605 2114 1781 2136; x_wconf 86' lang='lat' dir='ltr'>consensus</span> 
     </span>
     <span class='ocr_line' id='line_1_35' title="bbox 69 2153 1779 2208; baseline -0.008 -3"><span class='ocrx_word' id='word_1_422' title='bbox 69 2153 175 2208; x_wconf 50' lang='lat' dir='ltr'>iiiuraecjss</span> <span class='ocrx_word' id='word_1_423' title='bbox 191 2164 230 2196; x_wconf 84' lang='lat' dir='ltr'>de</span> <span class='ocrx_word' id='word_1_424' title='bbox 245 2163 415 2208; x_wconf 74' lang='lat' dir='ltr'>praesenti,</span> <span class='ocrx_word' id='word_1_425' title='bbox 432 2163 486 2195; x_wconf 86' lang='lat' dir='ltr'>sed</span> <span class='ocrx_word' id='word_1_426' title='bbox 503 2163 632 2208; x_wconf 90' lang='lat' dir='ltr'>sponsio</span> <span class='ocrx_word' id='word_1_427' title='bbox 649 2163 764 2196; x_wconf 86' lang='lat' dir='ltr'>futuri.</span> <span class='ocrx_word' id='word_1_428' title='bbox 784 2162 973 2195; x_wconf 81' lang='lat' dir='ltr'>Secundum</span> <span class='ocrx_word' id='word_1_429' title='bbox 987 2174 1084 2206; x_wconf 84' lang='lat' dir='ltr'>quem</span> <span class='ocrx_word' id='word_1_430' title='bbox 1100 2162 1234 2195; x_wconf 85' lang='lat' dir='ltr'>modum</span> <span class='ocrx_word' id='word_1_431' title='bbox 1249 2162 1333 2194; x_wconf 87' lang='lat' dir='ltr'>illud</span> <span class='ocrx_word' id='word_1_432' title='bbox 1349 2162 1515 2194; x_wconf 87' lang='lat' dir='ltr'>decretum</span> <span class='ocrx_word' id='word_1_433' title='bbox 1530 2161 1730 2204; x_wconf 86' lang='lat' dir='ltr'>intelligitur</span> <span class='ocrx_word' id='word_1_434' title='bbox 1745 2167 1756 2182; x_wconf 82' lang='lat'><strong>⁶</strong></span> <span class='ocrx_word' id='word_1_435' title='bbox 1772 2172 1779 2192; x_wconf 93' lang='lat'><strong>:</strong></span> 
     </span>
     <span class='ocr_line' id='line_1_36' title="bbox 68 2213 1784 2270; baseline -0.001 -18"><span class='ocrx_word' id='word_1_436' title='bbox 68 2213 176 2270; x_wconf 52' lang='lat' dir='ltr'>ffiffli&#39;j</span> <span class='ocrx_word' id='word_1_437' title='bbox 197 2220 353 2264; x_wconf 82' lang='lat' dir='ltr'>«Siquis</span> <span class='ocrx_word' id='word_1_438' title='bbox 367 2231 519 2264; x_wconf 89' lang='lat' dir='ltr'>sponsam</span> <span class='ocrx_word' id='word_1_439' title='bbox 542 2221 604 2253; x_wconf 89' lang='lat' dir='ltr'>filii</span> <span class='ocrx_word' id='word_1_440' title='bbox 619 2220 834 2264; x_wconf 85' lang='lat' dir='ltr'>oppresserit,</span> <span class='ocrx_word' id='word_1_441' title='bbox 851 2225 882 2252; x_wconf 88' lang='lat' dir='ltr'>et</span> <span class='ocrx_word' id='word_1_442' title='bbox 906 2224 976 2264; x_wconf 83' lang='lat' dir='ltr'>post</span> <span class='ocrx_word' id='word_1_443' title='bbox 999 2219 1090 2252; x_wconf 89' lang='lat' dir='ltr'>filius</span> <span class='ocrx_word' id='word_1_444' title='bbox 1114 2220 1184 2263; x_wconf 87' lang='lat' dir='ltr'>ejus</span> <span class='ocrx_word' id='word_1_445' title='bbox 1208 2231 1279 2252; x_wconf 84' lang='lat' dir='ltr'>eain</span> <span class='ocrx_word' id='word_1_446' title='bbox 1303 2219 1457 2260; x_wconf 77' lang='lat' dir='ltr'>duxerit,</span> <span class='ocrx_word' id='word_1_447' title='bbox 1478 2223 1570 2262; x_wconf 83' lang='lat' dir='ltr'>pater</span> <span class='ocrx_word' id='word_1_448' title='bbox 1592 2222 1702 2262; x_wconf 89' lang='lat' dir='ltr'>postea</span> <span class='ocrx_word' id='word_1_449' title='bbox 1717 2229 1784 2250; x_wconf 92' lang='lat' dir='ltr'>non</span> 
     </span>
     <span class='ocr_line' id='line_1_37' title="bbox 67 2275 1778 2321; baseline -0.002 -10"><span class='ocrx_word' id='word_1_450' title='bbox 67 2280 152 2300; x_wconf 65' lang='lat'>⁵⁹⁰¹¹’³·</span> <span class='ocrx_word' id='word_1_451' title='bbox 192 2278 309 2311; x_wconf 87' lang='lat' dir='ltr'>habeat</span> <span class='ocrx_word' id='word_1_452' title='bbox 325 2290 460 2311; x_wconf 82' lang='lat' dir='ltr'>uxorem</span> <span class='ocrx_word' id='word_1_453' title='bbox 476 2304 484 2317; x_wconf 90' lang='lat'><em>‚</em></span> <span class='ocrx_word' id='word_1_454' title='bbox 503 2289 560 2310; x_wconf 86' lang='lat' dir='ltr'>nec</span> <span class='ocrx_word' id='word_1_455' title='bbox 576 2279 695 2311; x_wconf 86' lang='lat' dir='ltr'>mulier</span> <span class='ocrx_word' id='word_1_456' title='bbox 710 2278 820 2311; x_wconf 82' lang='lat' dir='ltr'>virum</span> <span class='ocrx_word' id='word_1_457' title='bbox 842 2290 848 2309; x_wconf 76' lang='grc' dir='ltr'>ε</span> <span class='ocrx_word' id='word_1_458' title='bbox 868 2277 958 2310; x_wconf 89' lang='lat' dir='ltr'>filius</span> <span class='ocrx_word' id='word_1_459' title='bbox 979 2278 1036 2321; x_wconf 87' lang='lat' dir='ltr'>qui</span> <span class='ocrx_word' id='word_1_460' title='bbox 1052 2278 1150 2321; x_wconf 85' lang='lat' dir='ltr'>patris</span> <span class='ocrx_word' id='word_1_461' title='bbox 1165 2277 1302 2309; x_wconf 81' lang='lat' dir='ltr'>facimus</span> <span class='ocrx_word' id='word_1_462' title='bbox 1318 2276 1503 2319; x_wconf 77' lang='lat' dir='ltr'>ignoravit,</span> <span class='ocrx_word' id='word_1_463' title='bbox 1519 2275 1618 2308; x_wconf 81' lang='lat' dir='ltr'>aliam</span> <span class='ocrx_word' id='word_1_464' title='bbox 1633 2275 1741 2308; x_wconf 87' lang='lat' dir='ltr'>ducat.</span> <span class='ocrx_word' id='word_1_465' title='bbox 1761 2288 1778 2307; x_wconf 69' lang='lat'>³)</span> 
     </span>
     <span class='ocr_line' id='line_1_38' title="bbox 191 2332 1783 2380; baseline -0.003 -12"><span class='ocrx_word' id='word_1_466' title='bbox 191 2337 226 2368; x_wconf 74' lang='lat' dir='ltr'>Si</span> <span class='ocrx_word' id='word_1_467' title='bbox 246 2336 366 2380; x_wconf 75' lang='lat' dir='ltr'>conjux</span> <span class='ocrx_word' id='word_1_468' title='bbox 382 2336 440 2368; x_wconf 78' lang='lat' dir='ltr'>illa</span> <span class='ocrx_word' id='word_1_469' title='bbox 455 2336 566 2368; x_wconf 86' lang='lat' dir='ltr'>suisset</span> <span class='ocrx_word' id='word_1_470' title='bbox 585 2336 689 2380; x_wconf 81' lang='lat' dir='ltr'>(quod</span> <span class='ocrx_word' id='word_1_471' title='bbox 708 2336 822 2379; x_wconf 83' lang='lat' dir='ltr'>utique</span> <span class='ocrx_word' id='word_1_472' title='bbox 842 2335 935 2377; x_wconf 71' lang='lat' dir='ltr'>soret,</span> <span class='ocrx_word' id='word_1_473' title='bbox 953 2335 979 2367; x_wconf 86' lang='lat' dir='ltr'>si</span> <span class='ocrx_word' id='word_1_474' title='bbox 994 2346 1068 2378; x_wconf 83' lang='lat' dir='ltr'>quae</span> <span class='ocrx_word' id='word_1_475' title='bbox 1087 2335 1292 2378; x_wconf 77' lang='lat' dir='ltr'>sponsalibus</span> <span class='ocrx_word' id='word_1_476' title='bbox 1307 2334 1412 2378; x_wconf 82' lang='lat' dir='ltr'>pactio</span> <span class='ocrx_word' id='word_1_477' title='bbox 1433 2332 1612 2377; x_wconf 82' lang='lat' dir='ltr'>conjugalis</span> <span class='ocrx_word' id='word_1_478' title='bbox 1631 2332 1783 2365; x_wconf 82' lang='lat' dir='ltr'>interces-</span> 
     </span>
     <span class='ocr_line' id='line_1_39' title="bbox 188 2389 1782 2436; baseline -0.002 -11"><span class='ocrx_word' id='word_1_479' title='bbox 188 2393 317 2436; x_wconf 87' lang='lat' dir='ltr'>sisset),</span> <span class='ocrx_word' id='word_1_480' title='bbox 336 2404 401 2425; x_wconf 90' lang='lat' dir='ltr'>non</span> <span class='ocrx_word' id='word_1_481' title='bbox 417 2393 658 2436; x_wconf 85' lang='lat' dir='ltr'>permitteretur</span> <span class='ocrx_word' id='word_1_482' title='bbox 672 2404 789 2436; x_wconf 83' lang='lat' dir='ltr'>sponso</span> <span class='ocrx_word' id='word_1_483' title='bbox 805 2392 904 2425; x_wconf 84' lang='lat' dir='ltr'>aliam</span> <span class='ocrx_word' id='word_1_484' title='bbox 926 2393 1055 2424; x_wconf 84' lang='lat' dir='ltr'>ducere.</span> <span class='ocrx_word' id='word_1_485' title='bbox 1074 2391 1210 2424; x_wconf 79' lang='lat' dir='ltr'>Moechis</span> <span class='ocrx_word' id='word_1_486' title='bbox 1233 2397 1342 2424; x_wconf 75' lang='lat' dir='ltr'>autem</span> <span class='ocrx_word' id='word_1_487' title='bbox 1366 2402 1463 2435; x_wconf 82' lang='lat' dir='ltr'>poena</span> <span class='ocrx_word' id='word_1_488' title='bbox 1487 2402 1553 2422; x_wconf 90' lang='lat' dir='ltr'>non</span> <span class='ocrx_word' id='word_1_489' title='bbox 1578 2389 1725 2422; x_wconf 84' lang='lat' dir='ltr'>nubendi</span> <span class='ocrx_word' id='word_1_490' title='bbox 1741 2401 1782 2422; x_wconf 78' lang='lat' dir='ltr'>ex</span> 
     </span>
    </p>
   </div>
   <div class='ocr_carea' id='block_1_5' title="bbox 186 2487 1785 2698">
    <p class='ocr_par' dir='ltr' id='par_1_9' title="bbox 186 2487 1785 2698">
     <span class='ocr_line' id='line_1_40' title="bbox 222 2487 1782 2522; baseline -0.002 -8"><span class='ocrx_word' id='word_1_491' title='bbox 222 2492 225 2504; x_wconf 90' lang='lat'>¹</span> <span class='ocrx_word' id='word_1_492' title='bbox 243 2490 365 2519; x_wconf 72' lang='lat' dir='ltr'>nabetur,</span> <span class='ocrx_word' id='word_1_493' title='bbox 384 2498 450 2514; x_wconf 81' lang='lat' dir='ltr'>caus.</span> <span class='ocrx_word' id='word_1_494' title='bbox 475 2497 556 2519; x_wconf 61' lang='lat' dir='ltr'>utu,</span> <span class='ocrx_word' id='word_1_495' title='bbox 572 2500 596 2522; x_wconf 60' lang='grc' dir='ltr'>«Ι.</span> <span class='ocrx_word' id='word_1_496' title='bbox 618 2498 688 2515; x_wconf 77' lang='lat' dir='ltr'>11.e.</span> <span class='ocrx_word' id='word_1_497' title='bbox 705 2494 739 2515; x_wconf 67' lang='lat'>111.</span> <span class='ocrx_word' id='word_1_498' title='bbox 758 2504 787 2508; x_wconf 97' lang='lat'><strong>—</strong></span> <span class='ocrx_word' id='word_1_499' title='bbox 802 2494 810 2506; x_wconf 70' lang='lat'><strong>²</strong></span> <span class='ocrx_word' id='word_1_500' title='bbox 829 2491 900 2520; x_wconf 57' lang='lat' dir='ltr'>thiu„</span> <span class='ocrx_word' id='word_1_501' title='bbox 917 2498 929 2513; x_wconf 89' lang='lat' dir='ltr'>e</span> <span class='ocrx_word' id='word_1_502' title='bbox 953 2492 1031 2513; x_wconf 48' lang='lat'>152—</span> <span class='ocrx_word' id='word_1_503' title='bbox 1046 2490 1055 2506; x_wconf 77' lang='lat'><strong>³</strong></span> <span class='ocrx_word' id='word_1_504' title='bbox 1072 2489 1144 2518; x_wconf 70' lang='lat' dir='ltr'>Ibid,</span> <span class='ocrx_word' id='word_1_505' title='bbox 1159 2498 1179 2512; x_wconf 73' lang='lat' dir='ltr'>c.</span> <span class='ocrx_word' id='word_1_506' title='bbox 1199 2492 1233 2513; x_wconf 68' lang='lat'>12.</span> <span class='ocrx_word' id='word_1_507' title='bbox 1248 2503 1275 2506; x_wconf 80' lang='lat'><em>—</em></span> <span class='ocrx_word' id='word_1_508' title='bbox 1299 2496 1302 2503; x_wconf 89' lang='grc'><strong><em>·</em></strong></span> <span class='ocrx_word' id='word_1_509' title='bbox 1324 2490 1424 2519; x_wconf 54' lang='grc' dir='ltr'>ΜαίιΙι,</span> <span class='ocrx_word' id='word_1_510' title='bbox 1450 2495 1467 2518; x_wconf 91' lang='lat'>1,</span> <span class='ocrx_word' id='word_1_511' title='bbox 1488 2490 1525 2512; x_wconf 79' lang='lat'>20.</span> <span class='ocrx_word' id='word_1_512' title='bbox 1545 2501 1575 2505; x_wconf 98' lang='lat'><strong>—</strong></span> <span class='ocrx_word' id='word_1_513' title='bbox 1590 2487 1598 2503; x_wconf 79' lang='lat'>⁵</span> <span class='ocrx_word' id='word_1_514' title='bbox 1616 2488 1698 2517; x_wconf 63' lang='lat' dir='ltr'>Dent„</span> <span class='ocrx_word' id='word_1_515' title='bbox 1717 2493 1782 2518; x_wconf 81' lang='lat' dir='ltr'>xxn,</span> 
     </span>
     <span class='ocr_line' id='line_1_41' title="bbox 188 2523 1785 2557; baseline -0.002 -9"><span class='ocrx_word' id='word_1_516' title='bbox 188 2527 226 2549; x_wconf 77' lang='lat'>25.</span> <span class='ocrx_word' id='word_1_517' title='bbox 248 2539 274 2543; x_wconf 91' lang='lat'>—</span> <span class='ocrx_word' id='word_1_518' title='bbox 295 2526 304 2541; x_wconf 78' lang='lat'><strong><em>⁶</em></strong></span> <span class='ocrx_word' id='word_1_519' title='bbox 319 2527 390 2549; x_wconf 71' lang='lat' dir='ltr'>Cone.</span> <span class='ocrx_word' id='word_1_520' title='bbox 411 2525 506 2548; x_wconf 53' lang='lat' dir='ltr'>tribur.</span> <span class='ocrx_word' id='word_1_521' title='bbox 518 2545 523 2554; x_wconf 84' lang='lat'>‚</span> <span class='ocrx_word' id='word_1_522' title='bbox 540 2533 579 2549; x_wconf 83' lang='lat' dir='ltr'>an.</span> <span class='ocrx_word' id='word_1_523' title='bbox 604 2528 657 2554; x_wconf 54' lang='lat'>891„</span> <span class='ocrx_word' id='word_1_524' title='bbox 672 2535 694 2550; x_wconf 84' lang='lat' dir='ltr'>e.</span> <span class='ocrx_word' id='word_1_525' title='bbox 714 2528 750 2553; x_wconf 63' lang='lat'>43,</span> <span class='ocrx_word' id='word_1_526' title='bbox 767 2529 791 2549; x_wconf 77' lang='lat' dir='ltr'>ct</span> <span class='ocrx_word' id='word_1_527' title='bbox 806 2526 921 2557; x_wconf 70' lang='lat' dir='ltr'>hahetur,</span> <span class='ocrx_word' id='word_1_528' title='bbox 947 2532 1014 2549; x_wconf 86' lang='lat' dir='ltr'>caus.</span> <span class='ocrx_word' id='word_1_529' title='bbox 1035 2531 1123 2555; x_wconf 63' lang='lat' dir='ltr'>xxx-u,</span> <span class='ocrx_word' id='word_1_530' title='bbox 1142 2533 1166 2555; x_wconf 75' lang='lat' dir='ltr'>q.</span> <span class='ocrx_word' id='word_1_531' title='bbox 1188 2531 1221 2552; x_wconf 77' lang='lat' dir='ltr'>ii,</span> <span class='ocrx_word' id='word_1_532' title='bbox 1240 2533 1261 2547; x_wconf 73' lang='lat' dir='ltr'>c.</span> <span class='ocrx_word' id='word_1_533' title='bbox 1279 2526 1307 2549; x_wconf 71' lang='lat' dir='ltr'>st</span> <span class='ocrx_word' id='word_1_534' title='bbox 1324 2526 1379 2555; x_wconf 69' lang='grc' dir='ltr'>ιμιιὶς</span> <span class='ocrx_word' id='word_1_535' title='bbox 1399 2532 1480 2554; x_wconf 68' lang='lat' dir='ltr'>spons.</span> <span class='ocrx_word' id='word_1_536' title='bbox 1499 2523 1572 2546; x_wconf 76' lang='lat' dir='ltr'>Aliter</span> <span class='ocrx_word' id='word_1_537' title='bbox 1592 2526 1675 2546; x_wconf 74' lang='lat' dir='ltr'>tamen</span> <span class='ocrx_word' id='word_1_538' title='bbox 1693 2523 1785 2553; x_wconf 80' lang='lat' dir='ltr'>legitur</span> 
     </span>
     <span class='ocr_line' id='line_1_42' title="bbox 187 2558 1784 2591; baseline -0.002 -7"><span class='ocrx_word' id='word_1_539' title='bbox 187 2561 276 2584; x_wconf 78' lang='lat' dir='ltr'>citatus</span> <span class='ocrx_word' id='word_1_540' title='bbox 293 2567 375 2584; x_wconf 79' lang='lat' dir='ltr'>cnuon</span> <span class='ocrx_word' id='word_1_541' title='bbox 394 2561 419 2584; x_wconf 91' lang='lat' dir='ltr'>iu</span> <span class='ocrx_word' id='word_1_542' title='bbox 438 2561 499 2584; x_wconf 79' lang='lat' dir='ltr'>actis</span> <span class='ocrx_word' id='word_1_543' title='bbox 518 2561 630 2589; x_wconf 71' lang='lat' dir='ltr'>concilii,</span> <span class='ocrx_word' id='word_1_544' title='bbox 652 2562 686 2585; x_wconf 81' lang='lat' dir='ltr'>ita</span> <span class='ocrx_word' id='word_1_545' title='bbox 704 2562 800 2584; x_wconf 83' lang='lat' dir='ltr'>scilicet</span> <span class='ocrx_word' id='word_1_546' title='bbox 820 2569 824 2584; x_wconf 92' lang='lat'>:</span> <span class='ocrx_word' id='word_1_547' title='bbox 848 2569 860 2582; x_wconf 72' lang='grc' dir='ltr'>(ι</span> <span class='ocrx_word' id='word_1_548' title='bbox 879 2561 904 2585; x_wconf 81' lang='lat' dir='ltr'>si</span> <span class='ocrx_word' id='word_1_549' title='bbox 925 2561 980 2591; x_wconf 82' lang='lat' dir='ltr'>quis</span> <span class='ocrx_word' id='word_1_550' title='bbox 1004 2566 1062 2583; x_wconf 78' lang='lat' dir='ltr'>euni</span> <span class='ocrx_word' id='word_1_551' title='bbox 1085 2561 1197 2590; x_wconf 66' lang='lat' dir='ltr'>qualibet</span> <span class='ocrx_word' id='word_1_552' title='bbox 1218 2560 1355 2583; x_wconf 69' lang='lat' dir='ltr'>fornicatus</span> <span class='ocrx_word' id='word_1_553' title='bbox 1377 2560 1464 2587; x_wconf 68' lang='lat' dir='ltr'>ruerit,</span> <span class='ocrx_word' id='word_1_554' title='bbox 1485 2560 1550 2581; x_wconf 66' lang='lat' dir='ltr'>etro</span> <span class='ocrx_word' id='word_1_555' title='bbox 1573 2558 1701 2581; x_wconf 80' lang='lat' dir='ltr'>nesciente</span> <span class='ocrx_word' id='word_1_556' title='bbox 1718 2558 1784 2581; x_wconf 80' lang='lat' dir='ltr'>tilius</span> 
     </span>
     <span class='ocr_line' id='line_1_43' title="bbox 187 2593 1785 2627; baseline -0.002 -8"><span class='ocrx_word' id='word_1_557' title='bbox 187 2596 240 2626; x_wconf 86' lang='lat' dir='ltr'>ejus</span> <span class='ocrx_word' id='word_1_558' title='bbox 258 2596 297 2619; x_wconf 85' lang='lat' dir='ltr'>vel</span> <span class='ocrx_word' id='word_1_559' title='bbox 315 2597 392 2619; x_wconf 76' lang='lat' dir='ltr'>frater</span> <span class='ocrx_word' id='word_1_560' title='bbox 410 2596 523 2627; x_wconf 85' lang='lat' dir='ltr'>ejusdem</span> <span class='ocrx_word' id='word_1_561' title='bbox 540 2597 576 2619; x_wconf 83' lang='lat' dir='ltr'>rei</span> <span class='ocrx_word' id='word_1_562' title='bbox 588 2597 695 2627; x_wconf 73' lang='lat' dir='ltr'>inscius,</span> <span class='ocrx_word' id='word_1_563' title='bbox 712 2604 769 2620; x_wconf 83' lang='lat' dir='ltr'>cuin</span> <span class='ocrx_word' id='word_1_564' title='bbox 789 2596 878 2619; x_wconf 76' lang='lat' dir='ltr'>eadem</span> <span class='ocrx_word' id='word_1_565' title='bbox 899 2603 926 2619; x_wconf 83' lang='lat' dir='ltr'>se</span> <span class='ocrx_word' id='word_1_566' title='bbox 944 2595 1075 2626; x_wconf 78' lang='lat' dir='ltr'>polluerit,</span> <span class='ocrx_word' id='word_1_567' title='bbox 1093 2598 1117 2618; x_wconf 82' lang='lat' dir='ltr'>et</span> <span class='ocrx_word' id='word_1_568' title='bbox 1135 2598 1268 2626; x_wconf 65' lang='lat' dir='ltr'>post-plani</span> <span class='ocrx_word' id='word_1_569' title='bbox 1293 2602 1318 2617; x_wconf 70' lang='lat' dir='ltr'>se</span> <span class='ocrx_word' id='word_1_570' title='bbox 1340 2594 1462 2624; x_wconf 82' lang='lat' dir='ltr'>pollutum</span> <span class='ocrx_word' id='word_1_571' title='bbox 1483 2600 1538 2616; x_wconf 77' lang='lat' dir='ltr'>esse</span> <span class='ocrx_word' id='word_1_572' title='bbox 1554 2593 1712 2623; x_wconf 71' lang='lat' dir='ltr'>cognoverit,</span> <span class='ocrx_word' id='word_1_573' title='bbox 1726 2599 1785 2617; x_wconf 89' lang='lat' dir='ltr'>con-</span> 
     </span>
     <span class='ocr_line' id='line_1_44' title="bbox 187 2628 1784 2662; baseline -0.001 -9"><span class='ocrx_word' id='word_1_574' title='bbox 187 2630 267 2654; x_wconf 82' lang='lat' dir='ltr'>fessus</span> <span class='ocrx_word' id='word_1_575' title='bbox 282 2631 368 2661; x_wconf 81' lang='lat' dir='ltr'>fuerit,</span> <span class='ocrx_word' id='word_1_576' title='bbox 386 2633 411 2655; x_wconf 88' lang='lat' dir='ltr'>et</span> <span class='ocrx_word' id='word_1_577' title='bbox 426 2633 474 2655; x_wconf 85' lang='lat' dir='ltr'>hoc</span> <span class='ocrx_word' id='word_1_578' title='bbox 491 2638 517 2655; x_wconf 89' lang='lat' dir='ltr'>se</span> <span class='ocrx_word' id='word_1_579' title='bbox 532 2632 628 2655; x_wconf 81' lang='lat' dir='ltr'>nescire</span> <span class='ocrx_word' id='word_1_580' title='bbox 644 2639 701 2655; x_wconf 80' lang='lat' dir='ltr'>cuin</span> <span class='ocrx_word' id='word_1_581' title='bbox 715 2633 859 2662; x_wconf 66' lang='lat' dir='ltr'>juramento</span> <span class='ocrx_word' id='word_1_582' title='bbox 878 2630 1066 2655; x_wconf 73' lang='lat' dir='ltr'>confirmaverit</span> <span class='ocrx_word' id='word_1_583' title='bbox 1081 2637 1086 2652; x_wconf 74' lang='grc' dir='ltr'><em>ι</em></span> <span class='ocrx_word' id='word_1_584' title='bbox 1103 2630 1160 2660; x_wconf 75' lang='lat' dir='ltr'>quia</span> <span class='ocrx_word' id='word_1_585' title='bbox 1179 2630 1226 2653; x_wconf 82' lang='lat' dir='ltr'>hoc</span> <span class='ocrx_word' id='word_1_586' title='bbox 1244 2630 1358 2659; x_wconf 79' lang='lat' dir='ltr'>poenituit</span> <span class='ocrx_word' id='word_1_587' title='bbox 1377 2631 1402 2652; x_wconf 80' lang='lat' dir='ltr'>et</span> <span class='ocrx_word' id='word_1_588' title='bbox 1414 2628 1543 2652; x_wconf 78' lang='lat' dir='ltr'>coufessus</span> <span class='ocrx_word' id='word_1_589' title='bbox 1557 2628 1610 2658; x_wconf 57' lang='lat' dir='ltr'>t‘uit,</span> <span class='ocrx_word' id='word_1_590' title='bbox 1626 2630 1684 2658; x_wconf 85' lang='lat' dir='ltr'>post</span> <span class='ocrx_word' id='word_1_591' title='bbox 1698 2634 1784 2658; x_wconf 78' lang='lat' dir='ltr'>perac-</span> 
     </span>
     <span class='ocr_line' id='line_1_45' title="bbox 186 2664 1552 2698; baseline -0.002 -9"><span class='ocrx_word' id='word_1_592' title='bbox 186 2667 238 2689; x_wconf 76' lang='lat' dir='ltr'>tum</span> <span class='ocrx_word' id='word_1_593' title='bbox 255 2672 394 2696; x_wconf 76' lang='lat' dir='ltr'>congruam</span> <span class='ocrx_word' id='word_1_594' title='bbox 407 2666 592 2698; x_wconf 80' lang='lat' dir='ltr'>poenitentiam,</span> <span class='ocrx_word' id='word_1_595' title='bbox 605 2667 717 2698; x_wconf 80' lang='lat' dir='ltr'>legitimo</span> <span class='ocrx_word' id='word_1_596' title='bbox 734 2669 818 2691; x_wconf 77' lang='lat' dir='ltr'>utatur</span> <span class='ocrx_word' id='word_1_597' title='bbox 831 2666 1003 2696; x_wconf 76' lang='lat' dir='ltr'>matrimonio,</span> <span class='ocrx_word' id='word_1_598' title='bbox 1016 2675 1029 2688; x_wconf 88' lang='lat'>»</span> <span class='ocrx_word' id='word_1_599' title='bbox 1045 2667 1092 2690; x_wconf 81' lang='lat' dir='ltr'>etc.</span> <span class='ocrx_word' id='word_1_600' title='bbox 1110 2666 1181 2689; x_wconf 84' lang='lat' dir='ltr'>Cone.</span> <span class='ocrx_word' id='word_1_601' title='bbox 1197 2665 1286 2695; x_wconf 70' lang='lat' dir='ltr'>Labb„</span> <span class='ocrx_word' id='word_1_602' title='bbox 1299 2668 1359 2688; x_wconf 77' lang='lat' dir='ltr'>toul.</span> <span class='ocrx_word' id='word_1_603' title='bbox 1378 2664 1418 2693; x_wconf 78' lang='lat' dir='ltr'>lX,</span> <span class='ocrx_word' id='word_1_604' title='bbox 1435 2664 1482 2688; x_wconf 85' lang='lat' dir='ltr'>col.</span> <span class='ocrx_word' id='word_1_605' title='bbox 1500 2664 1552 2687; x_wconf 64' lang='lat'>462.</span> 
     </span>
    </p>
   </div>
   <div class='ocr_carea' id='block_1_6' title="bbox 1983 1684 1991 2151">
    <p class='ocr_par' dir='ltr' id='par_1_10' title="bbox 1983 1684 1991 2151">
     <span class='ocr_line' id='line_1_46' title="bbox 1983 1684 1991 2151; textangle 90"><span class='ocrx_word' id='word_1_606' title='bbox 1983 1962 1991 2151; x_wconf 46' lang='grc' dir='ltr'>μ*-</span> <span class='ocrx_word' id='word_1_607' title='bbox 1986 1895 1991 1956; x_wconf 52' lang='grc' dir='ltr'>μ-</span> <span class='ocrx_word' id='word_1_608' title='bbox 1984 1706 1991 1890; x_wconf 32' lang='grc' dir='ltr'>-ᾳ-Α--</span> <span class='ocrx_word' id='word_1_609' title='bbox 1988 1684 1991 1686; x_wconf 91' lang='grc'><em>,</em></span> 
     </span>
    </p>
   </div>
  </div>
 </body>
</html>
