1991 3006
171 169 228 198 168

483 276 552 298 ΗΠΒ.
574 276 606 298 V.

185 335 302 358 Canones
317 335 381 357 duos
395 335 491 357 tantum
506 340 592 358 sacros
606 335 707 358 ordines·
723 335 857 365 apponat-i,
873 338 920 359 etv.

207 396 336 427 Videtur
365 396 479 426 salsum
509 406 592 434 csse,
622 397 697 436 quia
725 397 938 427 subdiaconus

168 450 272 488 tangit
287 459 362 479 vasa
376 459 464 479 sacra
478 458 485 479 :
502 458 579 488 ergo
597 450 732 482 videtur,
751 452 808 479 etc.

210 502 298 542 Hesp.
323 502 512 540 Dicendum,
535 503 617 542 qnod
638 503 763 533 ordines
785 503 864 532 sacri
887 503 937 532 di-

167 558 284 586 cuntur
298 556 400 586 tribus
415 556 516 587 modis
531 567 536 586 :
557 557 658 595 primo
674 556 780 594 large,
798 557 872 594 quia
886 566 936 586 sa-

167 618 256 639 crum
271 609 406 648 exigunt
419 610 613 647 ministrum,
630 609 804 639 secundum
818 609 912 640 illud¹
928 621 934 640 z

167 661 392 700 Mundamini,
409 663 466 702 qui
482 663 570 700 sertis
585 670 664 693 vasa
678 662 818 693 Domini.
838 662 934 701 Unde,

167 717 241 755 qnia
263 716 452 755 contingunt
471 726 521 746 res
541 718 677 745 sacratas
690 739 697 751 ,
721 715 801 745 sacri
822 716 937 747 delient

167 778 233 799 esse
245 780 250 799 :
272 771 302 799 et
313 769 487 799 secundum
501 769 558 799 hoc
570 778 679 799 omnes
692 769 740 798 isti
755 771 818 798 tres
832 769 937 799 dicun-

168 826 219 853 tur
234 823 324 853 sacri.
340 822 484 853 Secundo
500 822 591 852 modo
605 822 710 851 stricte
723 822 837 852 dicitur
850 832 937 853 sacer

167 876 258 910 ordo,
276 876 352 915 quia
364 875 468 914 ipsum
484 884 609 905 sacrum
624 875 800 914 dispensat,
817 878 845 904 et
863 885 938 914 quo-

167 929 240 959 dam
255 929 346 959 modo
361 930 491 965 tractat,
509 927 694 964 deferendo,
711 931 741 957 et
757 928 825 958 aliis
841 929 938 959 admi-

168 983 352 1014 nistrando:
375 985 405 1013 et
427 983 468 1012 sic
488 982 638 1012 diaconus
659 985 689 1012 et
712 983 935 1014 subdiaconus.

167 1035 271 1067 Tertio
296 1036 389 1067 modo
416 1045 540 1066 sacrum
564 1035 678 1066 dicitnr
701 1036 935 1075 propriissime,

167 1089 241 1128 quia
262 1098 382 1119 sacrani
403 1098 470 1119 rem
492 1089 638 1119 conticit:
661 1092 689 1119 et
711 1090 769 1119 lioc
789 1091 935 1129 competit

167 1142 269 1173 ordini
301 1152 448 1182 supremo
464 1154 469 1173 :
502 1145 531 1172 et
561 1142 628 1173 ideo
657 1143 801 1173 sacerdos
831 1144 937 1183 appel-

167 1196 261 1227 latur.

487 1245 554 1266 nun.
579 1245 622 1265 vx.

384 1297 408 1321 Si
425 1300 509 1321 autem
527 1297 655 1328 quoeritnr,
675 1300 721 1322 ctc.

209 1356 313 1386 innuit
336 1355 495 1394 Magister,
522 1357 607 1396 quod
628 1357 705 1387 ordo
725 1360 771 1387 est
788 1358 936 1397 signacu-

166 1410 234 1440 lum
249 1418 386 1440 sacrum.
412 1409 544 1440 Contra:
562 1409 693 1440 Videtur
713 1411 794 1441 male
814 1412 938 1451 dicere3

168 1464 243 1503 quia
257 1465 489 1493 sacramentum
505 1465 551 1493 cst
565 1464 757 1494 clementum
773 1475 779 1495 :
796 1466 849 1496 sed
862 1467 939 1497 ordo

168 1519 214 1547 est
226 1518 457 1546 sacramentum
471 1527 477 1546 :
491 1525 570 1555 ergo
582 1517 658 1547 ordo
671 1520 717 1547 est
729 1518 936 1557 elementum;

168 1579 232 1600 non
247 1579 326 1608 ergo
341 1569 506 1609 spirituale
523 1570 737 1608 signaculum.
754 1571 850 1607 Item,
866 1582 938 1604 cum

168 1625 201 1654 in
222 1623 292 1653 aliis
313 1623 519 1654 sacramentis
541 1624 742 1663 imprimatur
763 1625 936 1664 character,

169 1679 297 1716 propter
311 1677 387 1716 quid
403 1676 478 1707 ordo
499 1677 602 1715 magis
622 1677 776 1708 diffinitur
795 1688 851 1718 per
871 1681 936 1718 sig-

171 1729 343 1760 naculum‘?
367 1729 443 1759 ltem
466 1729 632 1768 quaeritur,
653 1731 730 1769 quid
755 1731 794 1761 sit
819 1740 882 1769 res,
910 1736 939 1763 et

167 1782 245 1821 quid
259 1783 388 1822 signum
402 1782 434 1812 in
449 1786 646 1813 sacramento
660 1783 788 1814 ordinis.

209 1835 299 1875 Resp.
317 1835 487 1865 Dicendum
499 1859 507 1872 ,
529 1835 614 1874 quod
629 1836 660 1866 in
675 1836 838 1868 collatione
854 1839 939 1868 ordi-

168 1889 217 1918 nis
233 1892 280 1919 est
296 1889 419 1920 collatio
440 1889 618 1928 potestatis,
645 1899 701 1929 per
723 1900 821 1929 quam
842 1892 939 1922 homo

167 1942 295 1981 ponitur
309 1942 342 1972 in
360 1943 444 1972 statu
463 1942 596 1972 diffinito
611 1945 639 1972 et
657 1943 762 1981 gradu
777 1955 783 1973 z
805 1946 835 1974 et
856 1954 937 1983 quo-

167 1995 253 2024 niam
269 1995 434 2025 diversitas
451 1995 542 2024 estin
558 1996 782 2034 potestatibus,
805 1997 936 2027 diversi-

167 2050 214 2077 tas
228 2050 273 2077 est
293 2048 325 2077 in
345 2047 536 2086 signaculis;
557 2050 588 2077 et
607 2057 662 2087 per
681 2058 877 2089 consequens
891 2051 939 2080 di-

167 2100 300 2130 versitas
321 2102 384 2137 est,
405 2103 436 2130 et
454 2100 545 2130 debet
566 2110 652 2135 esse,
677 2101 708 2131 in
728 2103 938 2134 exterioribus

167 2153 276 2192 signis,
289 2153 379 2183 aliter
391 2155 496 2183 tamen
510 2156 540 2183 et
552 2153 653 2191 aliter,
672 2155 747 2194 qnia
760 2156 854 2194 signa
865 2161 938 2188 sunt

166 2205 347 2245 simpliciter
370 2206 494 2237 diversa
516 2218 522 2237 ε
550 2207 604 2237 sed
628 2210 796 2246 potestates
820 2218 935 2240 convc-

165 2258 258 2288 niuut
274 2259 306 2288 in
321 2259 430 2289 eadem
450 2260 557 2290 anima
568 2285 575 2298 ,
592 2261 624 2290 in
640 2261 699 2291 hoc
714 2263 798 2301 qnod
813 2263 937 2294 unifor-

165 2311 226 2341 mis
241 2311 319 2341 ratio
336 2312 551 2351 distinguendi
572 2314 727 2353 reperitur
742 2316 774 2345 in
788 2317 937 2347 omnihus

157 2359 397 2394 'characteribus
410 2389 417 2402 ‚
440 2368 469 2395 et
490 2365 527 2395 ad
543 2375 644 2396 unum
665 2368 826 2399 ordinatis.
851 2369 933 2406 Quo-

164 2416 250 2447 niam
271 2426 351 2456 ergo
370 2417 446 2447 ordo
464 2418 553 2448 dehet
573 2419 701 2449 diffiniri
725 2430 780 2460 per
799 2422 830 2452 id
850 2424 932 2462 qnod

165 2479 334 2501 commune
344 2473 400 2507 θεῖ,
416 2473 445 2501 et
456 2473 667 2503 communitas
680 2483 744 2504 non
757 2478 803 2505 est
817 2486 835 2506 a
847 2480 935 2516 parte

165 2523 312 2554 clementi
326 2524 491 2554 exterioris
502 2548 510 2561 ,
528 2525 580 2555 sed
596 2526 753 2564 signaculi
768 2528 912 2568 impressi
924 2542 931 2568 ;

197 2606 201 2616 ¹
221 2604 279 2631 Im„
300 2610 346 2633 Ltl,
364 2606 398 2628 it.
418 2617 447 2621 -·
468 2613 474 2617 ·
493 2605 531 2634 (Ἰ.
550 2605 732 2636 s.‘l'1101n.‚iu
749 2607 835 2638 Sami!⁴
852 2617 874 2639 1¹·
893 2610 935 2640 lit,

165 2646 190 2669 q.
205 2645 284 2670 xxxv,
298 2641 345 2664 art.
360 2640 389 2670 23
403 2639 550 2670 aichardus,
564 2641 595 2665 tV
607 2642 684 2672 Seut.‚
697 2642 754 2667 dist.
765 2649 837 2675 xxiv,
848 2646 894 2669 art.
911 2646 933 2676 3,

724 154 1028 200 SENTssNt‘tARUM
1053 170 1126 201 Ltn.
1152 171 1201 202 lV.

994 237 1064 268 ideo
1083 238 1188 277 magis
1202 238 1357 269 diffinitur
1372 247 1428 278 per
1448 239 1479 269 id
1489 263 1498 276 ,
1519 248 1616 279 quam
1630 250 1685 280 per
1698 241 1761 272 ele-

993 293 1135 320 mentum
1155 291 1305 321 exterius.
1328 291 1364 322 Et
1385 292 1500 322 iterum
1520 293 1623 331 magis
1637 293 1697 324 hoc
1712 303 1762 324 sa-

993 346 1192 373 cramentum
1202 367 1211 381 ,
1233 352 1331 383 qnam
1346 344 1429 374 aliud
1442 355 1449 381 ;
1467 345 1619 384 quoniam
1634 346 1762 376 charac-

993 398 1040 425 ter
1056 396 1124 435 plns·
1140 396 1233 427 habet
1250 396 1300 426 hic
1316 398 1470 428 rationem
1483 407 1585 435 suam,
1604 398 1634 428 id
1646 401 1704 436 est,
1719 408 1766 429 ra-

993 450 1112 480 tionem
1135 450 1371 489 distinguendi,
1395 460 1491 490 quam
1514 451 1547 482 in
1567 451 1635 481 aliis
1659 461 1763 482 sacra-

993 503 1107 533 mentis
1118 527 1127 540 ,
1144 506 1202 533 etc.

1233 615 1473 648 ARTICULUS
1497 616 1522 648 1.

1033 720 1080 750 Ad
1103 721 1344 760 intelligentiam
1368 721 1465 760 hujus
1488 722 1584 761 partis
1608 722 1764 761 quaeritur

993 774 1030 804 dc
1045 774 1209 804 ordinibus
1224 774 1256 804 in
1273 774 1398 813 speciali
1411 798 1419 811 ,
1443 775 1525 804 circa
1537 784 1616 814 quos
1630 775 1764 814 duplici-

994 829 1041 857 ter
1065 827 1209 857 dubitare
1234 827 1391 866 contingit
1412 827 1451 857 ad
1469 827 1690 858 enodationem
1708 837 1764 858 θο-

993 889 1081 917 rum,
1098 889 1170 919 quie
1190 879 1337 918 Magister
1352 880 1384 910 in
1399 879 1505 910 littera
1519 880 1623 919 tangit
1639 890 1646 910 :
1665 880 1766 920 primo

993 935 1149 973 qnantum
1168 933 1206 963 ad
1226 933 1416 963 charas-teris
1431 933 1694 973 impressionem;
1717 943 1767 963 se-

962 1030 966 1032 v
993 989 1113 1026 cundo,
1129 991 1286 1028 quantum
1300 988 1339 1018 ad
1356 997 1528 1018 numerum
1545 990 1575 1018 ct
1591 988 1766 1019 distinctio-

993 1052 1078 1072 nem.
1091 1042 1251 1079 Quantnm
1262 1042 1300 1071 ad
1312 1042 1451 1081 primum
1462 1065 1469 1079 ‚
1484 1043 1676 1080 quaeruntur
1689 1050 1766 1081 qua-

993 1098 1066 1125 tuor
1081 1106 1087 1125 :
1105 1096 1208 1135 primo
1221 1095 1379 1134 qureritur
1392 1097 1500 1124 utrum
1511 1094 1544 1124 in
1556 1094 1706 1124 omnibus
1718 1103 1766 1124 or-

993 1148 1119 1178 dinibus
1154 1148 1355 1188 imprimatur
1390 1148 1552 1178 character
1565 1158 1572 1184 ;
1605 1148 1743 1178 secundo
1755 1172 1762 1185 ‚

993 1204 1103 1231 utrum
1124 1212 1209 1232 unus
1227 1202 1277 1232 vel
1300 1202 1424 1241 plures;
1446 1201 1557 1239 tertio,
1578 1204 1687 1232 utrum
1707 1201 1766 1232 ha-

995 1255 1089 1285 beant
1101 1255 1242 1285 ordinem
1257 1255 1295 1285 ad
1310 1255 1468 1291 invicem;
1487 1256 1597 1293 quarto
1611 1254 1765 1294 quaeritur

994 1310 1153 1347 quantum
1168 1308 1207 1338 ad
1223 1308 1354 1347 signum
1373 1307 1514 1338 exterius
1526 1331 1534 1344 ‚
1555 1306 1640 1347 quod
1654 1307 1683 1338 ei
1697 1315 1764 1338 res-

994 1362 1120 1402 pondet.

1268 1453 1444 1491 QUAESTlO
1468 1454 1492 1484 1.

1008 1543 1051 1569 An
1064 1544 1094 1568 in
1109 1542 1231 1569 omnibus
1247 1542 1385 1568 ordinibus
1399 1542 1575 1576 imprimatur
1589 1541 1756 1569 character-².

1036 1629 1122 1659 Circa
1141 1637 1237 1668 quam
1260 1628 1303 1658 sic
1326 1627 1516 1667 proceditur,
1541 1630 1571 1658 et
1593 1629 1768 1660 ostenditur

995 1683 1098 1722 primo
1113 1681 1197 1721 quod
1212 1681 1244 1711 in
1260 1681 1407 1711 omnibus
1423 1681 1624 1720 imprimatur
1639 1681 1768 1713 charac-

995 1738 1054 1773 ter,
1071 1744 1127 1775 per
1143 1734 1365 1765 diffinitionem
1380 1734 1500 1764 ordinis
1516 1746 1522 1764 :
1545 1734 1627 1765 Ordo
1641 1737 1688 1766 est
1701 1734 1770 1774 sig-

995 1788 1146 1819 naculum
1158 1812 1165 1825 ,
1189 1787 1221 1817 in
1241 1796 1305 1826 quo
1323 1786 1496 1826 spiritualis
1517 1789 1654 1826 potestas
1672 1787 1768 1818 tradi-

996 1844 1047 1872 tur
1069 1841 1212 1872 ordinato
1229 1851 1235 1870 :
1262 1840 1286 1870 si
1311 1848 1391 1879 ergo
1413 1840 1483 1870 haec
1503 1842 1550 1870 est
1568 1842 1651 1870 recta
1669 1840 1768 1878 ratio,

996 1895 1146 1934 competit
1165 1893 1314 1924 omnibus
1333 1893 1413 1923 ratio
1435 1893 1612 1932 signaculi:
1633 1894 1687 1924 sed
1706 1902 1771 1924 non

994 1951 1040 1978 est
1063 1947 1264 1987 signaculum
1288 1946 1469 1984 materiale,
1495 1947 1550 1977 sed
1573 1946 1735 1987 spirituale
1761 1957 1768 1977 :

995 2001 1054 2031 hoc
1069 2002 1175 2030 autem
1191 2001 1237 2030 est
1253 1999 1415 2029 character
1429 2010 1435 2029 2
1454 2008 1552 2038 ergO,
1569 2002 1628 2030 etc.

1036 2053 1112 2083 Item
1136 2061 1231 2083 omne
1255 2053 1489 2082 sacramentum
1515 2052 1622 2082 iterari
1648 2054 1767 2091 potest,

995 2106 1078 2146 quod
1094 2114 1158 2135 non
1174 2104 1328 2143 imprimit
1342 2104 1556 2134 characterem
1571 2113 1579 2134 :
1594 2104 1648 2134 sed
1661 2104 1769 2135 nullus

994 2159 1069 2190 ordo
1084 2160 1186 2198 potest
1206 2157 1333 2195 iterari,
1355 2157 1435 2187 sicut
1456 2157 1530 2188 dicit
1544 2157 1745 2196 Augustinus
1756 2181 1766 2195 ,

994 2215 1024 2242 et
1039 2211 1173 2242 habetur
1188 2211 1220 2240 in
1236 2210 1434 2240 distinctione
1449 2210 1592 2250 sequenti
1609 2221 1615 2240 :
1642 2219 1721 2250 ergo
1735 2210 1767 2241 in

993 2265 1129 2304 singulis
1144 2263 1339 2303 imprimitur
1354 2263 1526 2294 character.

1035 2318 1112 2348 Item
1144 2317 1305 2347 character
1327 2318 1374 2346 est
1399 2315 1602 2355 signaculum
1628 2316 1765 2355 impres-

993 2381 1077 2407 sum,
1093 2371 1298 2409 configurans
1313 2378 1370 2399 nos
1383 2369 1516 2400 Domino
1530 2369 1605 2400 Jesu
1620 2369 1762 2400 Christo:

993 2425 1046 2455 sed
1062 2424 1213 2454 Dominus
1228 2431 1338 2453 omnes
1349 2422 1475 2452 ordines
1486 2422 1520 2452 in
1534 2423 1702 2462 semetipso
1713 2432 1766 2454 ex-

991 2478 1111 2513 hibuit,
1133 2476 1212 2506 sicut
1233 2475 1384 2514 Magister
1403 2475 1580 2506 inducendo
1604 2476 1717 2515 prohat
1732 2476 1764 2506 in

990 2532 1114 2562 littera:
1138 2531 1162 2560 si
1182 2539 1260 2568 ergo
1275 2530 1309 2560 in
1323 2529 1470 2560 omnibus
1491 2530 1593 2560 eidem
1611 2531 1760 2570 configu-

991 2620 1016 2642 ⁴1·
1043 2615 1069 2640 μη
1093 2611 1180 2641 steph.
1206 2609 1308 2638 nrulef„
1332 2609 1362 2632 tV
1385 2609 1464 2639 Seni„
1486 2609 1544 2633 dist-
1572 2616 1646 2639 xxm,
1668 2617 1691 2640 q.
1718 2616 1759 2639 ix,-

992 2647 1080 2670 I’ctrus
1095 2646 1126 2670 de
1138 2647 1249 2675 Tai·ani.‚
1268 2645 1298 2669 Ν
1314 2644 1394 2674 sent„
1406 2643 1462 2668 dist.
1479 2650 1553 2675 xxrv,
1565 2651 1590 2676 q.
1604 2652 1620 2669 1.

1784 1641 1887 1662 Fundam.
