1991 3006
248 206 306 235 506
801 201 1109 233 SENTENTIARUM
1132 202 1205 233 LIB.
1229 202 1277 234 lV.

125 278 230 305 bomani
246 271 390 304 fectionis
406 270 537 310 merita,
556 280 630 313 quae
645 269 696 301 his
718 269 884 311 suffragiis
906 280 971 301 uon
993 273 1136 311 egerent.
1163 269 1332 314 Numquid
1358 282 1435 314 ergo
1455 272 1660 305 salvabitur?
1676 273 1833 308 Existimo

124 310 231 361 filiiflii.
245 340 320 360 eum
336 328 429 372 quasi
447 338 503 371 per
519 327 629 369 ignem
647 330 654 346 ¹
672 331 894 359 transeuntem
909 353 916 367 ,
933 326 1051 359 salvari
1072 327 1196 360 meritis
1217 332 1248 360 et
1267 328 1551 362 intercessionibus
1571 330 1710 363 coelestis
1728 331 1834 364 Eccle—

157 375 197 393 mr.
244 385 319 426 siae,
337 396 411 429 qum
425 396 483 427 pro
499 383 651 417 fidelibus
666 396 793 428 semper
808 384 979 416 intercedit
996 389 1069 417 voto
1085 389 1115 416 et
1137 385 1252 418 merito
1268 411 1275 426 ‚
1294 386 1396 419 donec
1412 387 1589 430 impleatur
1605 387 1764 420 Christus.

131 453 220 477 Quomo-
289 443 299 458 ⁹
315 442 377 475 Sed
394 442 475 474 forte
491 442 612 486 quaeris
630 454 636 474 z
654 442 823 486 Numquid
849 453 956 485 preces
981 442 1237 486 supplicantium
1263 444 1365 476 saneti
1390 444 1529 477 audiunt
1545 472 1552 486 ,
1577 450 1609 478 et
1630 450 1703 479 vota
1725 450 1835 490 postu-

124 485 150 504 do
161 485 228 504 sanrti

124 515 230 550 15¹¹'‘⁶¹'¹⁶³·
245 500 385 532 lantium
401 500 435 532 in
452 511 566 532 eorum
582 500 730 532 notitiam
748 500 970 544 perveniunt?
987 499 1059 532 Non
1082 505 1128 532 est
1147 500 1337 534 incredibile
1352 502 1478 535 animas
1492 507 1678 535 sanctorum
1689 529 1697 544 ‚
1712 514 1785 548 quae
1800 503 1833 536 in

125 546 230 603 Πιῗιζῖἰρῗη
246 557 433 590 abscondito
450 557 542 589 faciei
557 557 615 589 Dei
638 557 707 590 veri
731 557 869 590 luminis
891 557 1108 590 illustratione
1132 559 1286 591 laetantur
1300 585 1307 599 ‚
1325 559 1358 591 in
1378 560 1480 602 ipsius
1505 560 1779 604 contemplatione
1794 572 1835 594 ea

122 609 229 661 ⁰2:2¹2ss
245 626 317 659 quae
332 615 410 647 foris
425 619 589 657 aguntur,
608 615 791 657 intelligere
805 641 812 654 ,
830 618 992 659 quantum
1010 615 1059 648 vel
1076 615 1141 647 illis
1163 616 1202 648 ad
1227 616 1386 657 gaudium
1401 643 1408 658 ‚
1428 617 1478 649 vel
1505 617 1598 650 nobis
1616 617 1656 650 ad
1671 618 1834 651 auxilium

123 675 230 724 mffdffuffi
246 673 398 716 pertinet.
417 672 510 705 Sient
532 673 619 705 enim
637 673 761 715 angelis
777 699 783 712 ,
802 672 846 704 ita
861 677 890 704 et
906 673 1043 714 sanetis,
1062 673 1120 717 qui
1133 673 1200 705 Deo
1221 674 1396 715 assistunt,
1414 674 1585 718 petitiones
1607 678 1726 708 nostrae
1741 676 1835 708 inno-

123 735 231 755 tercedaut
245 734 371 763 tescunt
387 730 421 762 in
436 730 545 763 Verbo
566 730 642 768 Dei,
660 730 747 774 quod
771 730 1046 774 contemplantur.
1068 730 1158 762 Unde
1174 735 1204 762 et
1219 730 1374 763 dicuntur
1399 732 1507 773 angeli
1528 733 1690 765 orationes
1710 738 1741 766 et
1759 737 1835 766 vota

123 766 231 817 prssdnffie
245 792 357 820 nostra
371 788 487 821 offerre
503 788 569 820 Deo
585 788 594 803 ³
609 814 616 829 ‚
634 799 700 820 non
716 788 794 832 quia
809 799 884 820 eum
905 788 1060 828 doceant,
1077 788 1132 820 sed
1148 788 1227 832 quia
1242 788 1316 832 ejus
1329 788 1532 821 voluntatem
1549 801 1646 834 super
1660 790 1705 823 eis
1719 801 1835 824 oonsu-

132 834 220 848 mmum'
243 846 328 878 lunt.
352 845 446 878 Unde
470 846 701 888 Augustinus·
720 857 727 877 :
749 845 916 887 «Angelis
936 871 943 886 ‚
968 845 1025 889 qui
1050 849 1128 878 sunt
1155 845 1240 889 ¹apud
1268 845 1372 878 Deum
1392 871 1400 886 ,
1426 846 1634 879 innotescunt
1664 847 1836 891 petitiones

244 906 361 936 nostrae
376 930 384 945 ‚
402 908 438 935 ut
458 903 601 947 quodam
626 904 722 935 modo
745 913 798 935 eas
822 902 961 935 offerant
985 902 1070 943 Deo,
1088 907 1119 935 et
1140 903 1178 935 de
1193 902 1244 935 his
1259 903 1453 944 consulant,
1471 908 1502 935 et
1517 904 1605 947 quod
1620 904 1687 937 Deo
1699 903 1835 948 jubente

243 961 449 1004 implendum
465 972 531 993 esse
547 961 782 1003 cognoverint,
805 960 866 993 hoc
890 960 983 992 nobis
1005 959 1172 992 evidenter
1186 960 1237 992 vel
1257 960 1394 993 latenter
1416 965 1592 1005 reportent.
1616 961 1710 994 Unde
1728 965 1760 994 et
1778 973 1835 994 an-

242 1018 334 1061 gelus
358 1018 548 1051 homiuibus
571 1018 615 1050 ait
631 1020 663 1050 ³:
689 1019 772 1051 Cum
798 1018 958 1060 oraretis,
983 1018 1167 1050 orationem
1193 1024 1337 1050 vestram
1360 1018 1463 1051 obtuli
1484 1020 1550 1051 Deo
1566 1019 1622 1062 (a).
1641 1019 1711 1052 ⁵Ad
1726 1019 1836 1052 omnia

243 1076 376 1121 quidem
392 1076 521 1108 scienda
542 1076 664 1108 sufficit
685 1076 751 1108 Deo
776 1088 835 1108 sua
859 1075 1012 1120 perfectio
1034 1088 1040 1107 :
1058 1075 1155 1108 habet
1176 1080 1283 1107 tamen
1309 1076 1462 1117 nuntios,
1480 1076 1509 1108 id
1531 1081 1578 1108 est
1597 1076 1730 1120 angelos
1743 1102 1752 1118 ‚
1769 1088 1834 1109 non

244 1134 301 1178 qui
318 1134 358 1175 ei,
377 1145 448 1178 quae
465 1134 588 1175 nescit,
606 1134 813 1173 annuntient,
832 1144 897 1165 non
914 1133 1000 1165 enim
1016 1139 1092 1166 sunt
1107 1133 1176 1165 ulla
1191 1144 1263 1177 quae
1279 1133 1417 1174 11esciat3
1435 1133 1489 1166 sed
1510 1133 1632 1166 bonum
1654 1145 1769 1167 eorum
1789 1138 1836 1167 est

244 1191 283 1224 de
299 1191 452 1236 operibus
467 1192 534 1223 suis
555 1193 627 1235 ejus
642 1191 811 1223 consulere
827 1191 996 1224 veritatem
1017 1203 1023 1222 :
1042 1194 1073 1222 et
1087 1190 1146 1222 hoc
1171 1195 1217 1222 ost
1238 1191 1325 1234 quod
1352 1191 1381 1223 ei
1401 1191 1560 1223 dicuntur
1575 1191 1735 1224 nonnulla
1750 1202 1836 1224 nun-

244 1250 323 1282 tiare
337 1275 344 1290 ,
364 1260 428 1282 non
451 1254 485 1282 ut
501 1249 568 1293 ipse
584 1250 623 1281 ab
639 1249 685 1281 eis
700 1249 819 1289 discat,
836 1249 891 1280 sed
908 1253 943 1280 ut
957 1248 998 1280 ab
1019 1259 1055 1280 eo
1072 1248 1133 1291 ipsi
1150 1259 1205 1291 per
1224 1248 1370 1280 Verbum
1394 1250 1466 1291 ejus
1481 1249 1550 1281 sine
1565 1248 1726 1293 corporali
1742 1260 1834 1290 sono,

244 1306 397 1339 nuntient
418 1307 515 1339 etiam
531 1332 538 1347 ‚
555 1306 642 1350 quod
661 1306 821 1347 voluerit,
839 1306 880 1338 ab
895 1317 932 1339 eo
957 1306 1045 1338 missi
1061 1331 1069 1347 ‚
1087 1306 1126 1338 ad
1149 1317 1231 1350 quos
1247 1306 1408 1347 voluerit,
1426 1311 1531 1339 totum
1546 1306 1586 1338 ab
1606 1306 1664 1339 illo
1679 1317 1737 1350 per
1750 1306 1834 1339 illud

244 1365 391 1397 Verbum
409 1365 480 1408 ejus
495 1364 666 1397 audientes
680 1390 687 1405 ,
704 1364 736 1396 id
751 1368 815 1405 est,
831 1364 865 1396 in
881 1364 951 1408 ejus
964 1363 1100 1396 veritate
1116 1363 1320 1396 invenientes
1336 1364 1417 1407 quid
1432 1364 1494 1396 sibi
1511 1363 1696 1396 faciendum
1713 1389 1721 1404 ‚
1739 1364 1832 1408 quid,

244 1422 365 1466 quibus
379 1448 386 1463 ‚
403 1426 433 1454 et
448 1422 580 1466 quando
596 1421 819 1454 nuntiandum
834 1422 886 1453 sit.
908 1421 990 1453 Nam
1006 1425 1037 1453 et
1052 1432 1111 1453 nos
1127 1425 1255 1454 orantes
1271 1432 1346 1453 eum
1361 1447 1368 1461 ‚
1387 1432 1451 1453 nou
1468 1432 1542 1454 eum
1566 1421 1719 1454 docemus
1730 1447 1739 1462 ,
1755 1421 1835 1466 quia

244 1480 356 1521 novit,
373 1483 410 1512 ut
425 1480 469 1512 ait
484 1479 630 1513 Verbum
656 1479 726 1523 ejus
741 1481 750 1496 '³
764 1505 772 1520 ,
789 1480 890 1511 Pater
908 1485 1011 1511 vestet*
1035 1478 1115 1522 qaid
1140 1478 1227 1511 vobis
1253 1478 1471 1511 necessarium
1493 1478 1556 1517 sit,
1569 1478 1768 1522 priusquam
1777 1490 1837 1523 pe-

247 1538 326 1570 tatis
345 1538 385 1570 ab
405 1549 439 1570 eo
459 1538 511 1581 (b).
529 1537 595 1570 Nec
609 1537 670 1569 ista
685 1548 725 1569 ex
740 1541 829 1581 parte
849 1537 1022 1579 cognovit;
1039 1536 1092 1569 sed
1114 1536 1226 1568 futura
1242 1536 1354 1568 omnia
1377 1536 1567 1579 temporalia
1580 1562 1588 1577 ,
1613 1540 1710 1580 atque
1735 1536 1770 1568 in
1792 1536 1838 1568 eis

245 1595 342 1628 etiam
359 1595 439 1639 quid
454 1599 485 1627 et
500 1595 633 1639 quando
649 1594 689 1626 ab
704 1594 762 1626 illo
782 1594 915 1638 petituri
938 1594 1107 1626 fueramus
1121 1620 1129 1634 ‚
1148 1597 1177 1626 et
1193 1605 1293 1637 quos,
1310 1597 1340 1625 et
1364 1593 1403 1625 de
1419 1593 1540 1637 quibus
1556 1593 1654 1625 rebus
1672 1593 1724 1626 vel
1739 1604 1837 1626 exau-

244 1652 374 1685 diturus
387 1679 394 1691 ,
412 1653 463 1685 vel
480 1664 545 1685 non
561 1652 777 1684 exauditurus
793 1656 894 1693 esset,
912 1651 981 1683 sine
996 1651 1092 1683 initio
1107 1655 1180 1683 ante
1198 1650 1369 1694 praeseivit.
1390 1649 1398 1665 ⁷
1412 1650 1485 1683 Non
1505 1660 1582 1692 ergo
1603 1650 1724 1683 dicitur
1738 1662 1837 1694 ange-

244 1710 296 1742 lus
311 1710 473 1742 orationes
488 1714 612 1742 nostras
628 1710 746 1742 offerre
762 1710 827 1742 Deo
841 1735 849 1749 ‚
866 1709 962 1753 quasi
984 1709 1072 1742 Deus
1095 1713 1173 1741 tune
1197 1708 1326 1741 noverit
1350 1708 1431 1752 quid
1446 1708 1606 1748 velimus,
1625 1712 1657 1741 et
1671 1719 1737 1753 quo
1751 1709 1838 1742 indi-

243 1778 396 1810 geamus,
413 1767 471 1811 qui
494 1767 604 1800 omnia
625 1771 801 1811 antequam
826 1766 926 1808 fiant,
952 1767 1035 1799 sieut
1058 1770 1088 1799 et
1115 1770 1287 1810 postquam
1316 1765 1398 1798 facta
1421 1769 1520 1807 sunt,
1547 1766 1660 1807 novit;
1682 1766 1736 1799 sed
1759 1767 1837 1811 quia

244 1836 370 1857 necesse
386 1825 483 1857 habet
504 1825 671 1857 rationalis
694 1828 843 1857 ereatura
858 1825 1051 1868 temporales
1067 1835 1179 1856 causas
1195 1823 1233 1855 ad
1250 1827 1406 1856 aeternam
1423 1823 1592 1855 veritatem
1607 1823 1728 1856 referre
1742 1849 1750 1865 ‚
1767 1824 1835 1857 sive

243 1882 380 1926 petendo
397 1882 476 1926 quid
492 1894 568 1925 erga
581 1894 613 1915 se
626 1883 704 1923 fiat,
723 1883 790 1915 sive
805 1882 1005 1915 consulendo
1020 1881 1104 1926 quid
1121 1881 1228 1914 faciat.
1250 1894 1267 1912 ))

142 1956 201 1981 Quod
288 1939 323 1972 Si
337 1944 447 1972 autem
463 1940 571 1983 angeli
586 1952 605 1972 a
619 1940 685 1973 Deo
701 1951 757 1984 per
777 1940 925 1973 Verbum
951 1940 1021 1983 ejus
1045 1939 1175 1972 diseunt
1198 1939 1369 1983 petitiones
1391 1943 1538 1980 nostras,
1561 1943 1591 1971 et
1615 1939 1695 1983 quid
1721 1939 1760 1972 de
1785 1940 1835 1973 his

137 1987 216 2039 ἶζῖᾟῒ
244 1997 449 2040 implendum
474 1998 536 2038 sit,
554 2003 583 2030 et
605 1998 685 2042 quid
710 2009 794 2038 non,
817 2008 876 2030 eur
900 2009 966 2030 non
991 1997 1180 2036 credamus,
1199 2000 1230 2028 et
1252 1997 1377 2028 animas
1401 2007 1611 2037 sancrorum,
1634 1996 1694 2029 Dei
1718 1997 1833 2030 faciem

129 2050 218 2076 angen&
243 2055 535 2099 contemplantium
552 2082 559 2097 ‚
583 2055 616 2087 in
632 2055 702 2099 ejus
721 2055 856 2087 veritate
877 2054 1060 2097 intelligere
1077 2044 1185 2098 preces
1203 2053 1396 2094 hominum,
1416 2057 1447 2086 et
1470 2064 1544 2097 quae
1561 2053 1732 2097 implendae
1755 2055 1832 2097 sint,

123 2080 219 2099 attribuit

137 2114 215 2133 ”mis
244 2113 295 2145 vel
310 2115 397 2145 non?
412 2112 491 2145 Inde
505 2113 652 2156 estquod
668 2113 753 2145 Deus
770 2112 891 2145 dicitur
912 2112 1068 2144 exaudire
1091 2122 1200 2155 preces
1221 2110 1441 2154 quorumdam
1456 2137 1464 2151 ‚
1484 2121 1549 2143 non
1571 2111 1679 2143 solum
1700 2112 1833 2156 quando

136 2150 213 2196 mliii?
243 2170 371 2202 effectui
388 2170 568 2214 mancipat,
586 2170 640 2202 sed
656 2170 753 2202 etiam
770 2170 901 2214 quando
917 2169 1089 2202 innotescit
1109 2168 1209 2201 curiae
1231 2167 1423 2210 angelorum
1449 2171 1480 2200 et
1501 2172 1687 2201 sanctarum
1709 2170 1833 2202 anima-

244 2239 337 2268 rum3
358 2227 436 2271 quid
456 2227 529 2260 inde
543 2227 694 2260 futurum
710 2227 762 2268 sit,
781 2227 831 2260 vel
848 2238 925 2268 non,
944 2231 974 2259 et
995 2226 1083 2270 quod
1099 2229 1299 2268 cognoscunt
1317 2225 1351 2257 in
1365 2224 1424 2257 Dei
1439 2225 1606 2258 voluntate
1622 2237 1700 2267 esse,
1717 2226 1834 2260 volunt

244 2288 275 2317 et
299 2284 371 2328 ipsi.
393 2285 483 2317 Adeo
498 2285 586 2317 enim
607 2296 756 2329 supernae
771 2285 933 2318 voluntati
959 2283 1080 2317 addicti
1106 2287 1182 2316 sunt
1198 2309 1205 2323 ‚
1229 2287 1266 2315 ut
1292 2282 1373 2315 nihil
1398 2286 1516 2326 praeter
1536 2282 1606 2326 ejus
1630 2283 1832 2317 voluntatem

243 2345 365 2386 queant
379 2342 473 2375 velle.
492 2342 699 2375 Intercedunt
713 2354 790 2385 ergo
810 2342 850 2375 ad
871 2342 976 2375 Deum
994 2352 1051 2386 pro
1071 2340 1166 2373 nobis
1180 2340 1282 2372 saneti
1297 2365 1305 2380 ,
1321 2343 1353 2371 et
1370 2339 1484 2371 merito
1496 2365 1504 2380 ,
1521 2339 1601 2372 dum
1616 2340 1751 2374 illorum
1768 2353 1834 2375 me-

243 2398 305 2430 rita
321 2398 544 2441 suffragantur
559 2400 663 2441 nobis,
681 2404 711 2432 et
726 2400 841 2433 affeetu
856 2426 864 2441 ‚
881 2399 961 2432 dum
976 2402 1051 2432 vota
1067 2401 1177 2431 nostra
1192 2397 1329 2441 cupiunt
1351 2396 1483 2440 impleri
1498 2409 1505 2436 ;
1523 2396 1611 2440 quod
1636 2401 1743 2430 tamen
1767 2409 1833 2432 non

243 2455 380 2495 faciunt,
399 2456 462 2488 nisi
480 2457 646 2489 voluntate
661 2458 717 2490 Dei
740 2458 906 2502 implenda
921 2456 1106 2489 didicerint.
1123 2455 1263 2488 Oramus
1279 2466 1356 2498 ergo
1372 2458 1409 2487 ut
1424 2454 1624 2487 intercedant
1637 2466 1695 2499 pro
1716 2456 1810 2490 nobis
1824 2483 1832 2499 ,

278 2532 282 2543 ¹
298 2531 304 2553 t
318 2531 386 2559 Corn,
402 2536 440 2560 ιιι,
458 2532 493 2554 15.
507 2544 533 2547 -
546 2532 553 2544 ’-’
565 2532 640 2562 ttug.‚
653 2532 683 2554 tle
693 2534 815 2563 Sacram„
828 2533 871 2556 tili.
887 2533 916 2562 lt,
933 2540 957 2562 p.
974 2532 1041 2561 XVI,
1057 2538 1080 2555 c.
1095 2531 1140 2554 ult.
1153 2543 1183 2547 —
1197 2531 1205 2544 ³
1220 2530 1285 2559 Tou,
1299 2536 1345 2557 xn,
1362 2531 1397 2553 12.
1409 2543 1434 2546 -
1449 2530 1458 2546 ⁸
1471 2531 1541 2559 Aug„
1558 2529 1586 2552 tle
1600 2530 1692 2553 orando
1705 2531 1739 2554 ad
1747 2532 1833 2556 Deum.

244 2577 271 2583 -
281 2566 291 2580 ⁵
303 2565 388 2593 1d.,‹{e
401 2566 477 2596 Tren„
490 2566 533 2589 lib.
547 2567 599 2595 xv,
613 2575 634 2589 ⁴:-
649 2573 706 2596 xm,
719 2574 744 2590 n.
759 2570 795 2591 23.
809 2580 836 2584 -—
847 2569 855 2581 ¹⁵
868 2567 970 2596 Mami„
983 2566 1112 2595 v1,8.—⁷
1128 2567 1202 2595 Aug„
1215 2564 1244 2588 tle
1256 2568 1322 2595 qrat.
1335 2572 1388 2589 nor.
1402 2567 1425 2588 et
1436 2566 1482 2588 vet.
1496 2564 1608 2592 Testem„
1621 2565 1674 2589 sive
1687 2566 1761 2597 epi=t.
1775 2573 1834 2598 cxv,

244 2607 266 2623 c.
283 2606 352 2628 xxm,
369 2603 393 2623 et
408 2608 483 2631 super
501 2601 559 2625 illud
575 2601 680 2631 Philipq
697 2607 730 2631 lv,
751 2604 772 2626 [ι.

277 2640 307 2669 (α)
328 2640 401 2671 Vulg.
423 2640 524 2669 Quando
540 2641 638 2671 orabas,
653 2648 696 2671 eya
711 2640 791 2665 obtuli
805 2643 942 2666 orationem
963 2644 1029 2665 tuam
1049 2641 1161 2664 Domino.
1185 2653 1208 2656 -
1231 2639 1265 2670 (b)
1281 2640 1354 2670 Vulg.
1371 2640 1422 2663 Scit
1440 2640 1535 2664 enim...
1551 2640 1613 2670 quid
1629 2647 1689 2671 epm
1702 2642 1737 2665 sit
1757 2641 1833 2673 vobis,

245 2676 378 2706 antequam
391 2676 481 2707 petatis
495 2682 560 2700 eum.
