1991 3006
63 466 167 486 Fundam.

77 785 155 809 Quaest.

63 815 166 839 lat.i,2‚3,

78 1423 156 1450 Opinio

64 1455 162 1475 aliorum.

78 1790 156 1816 Opinio

69 1822 166 1848 probabi-

643 172 737 203 DIST.
764 171 893 203 XXXVI.
919 171 1007 202 ΛΒΤ.
1032 171 1069 201 Π.
1094 171 1242 208 QUAEST.
1267 171 1319 201 lll.

184 250 271 278 nem,
289 241 377 280 prius
391 240 517 271 deberet
532 240 717 270 contrahere
734 251 740 270 :
764 250 777 267 n
795 239 855 270 Sed
870 239 895 268 si
911 238 949 268 li-

183 296 263 324 ceret
279 294 371 324 alicui
383 293 583 333 pertransire,
600 293 706 323 liceret
721 292 859 322 maxime
870 291 923 322 tali
940 302 946 321 :

183 355 261 386 ergo
286 347 311 377 si
338 347 411 377 huic
430 355 494 376 non
517 346 607 383 licet,
631 345 732 375 multo
758 345 862 375 minus
893 353 951 374 nee

183 400 290 431 alicui.

223 453 335 483 Contra
353 461 359 482 :
377 451 409 482 Si
426 452 575 491 promitto
589 451 645 482 tibi
665 452 739 481 dare
760 452 906 487 centum,
925 450 949 479 si

182 506 326 536 absolvas
346 514 411 540 me,
427 514 497 535 sum
513 505 674 535 absolutus
685 528 694 542 ,
710 513 768 534 nec
784 506 911 543 perjuro
925 503 951 533 si

183 568 247 589 non
262 559 301 589 do
319 570 325 588 :
342 567 421 597 ergo
436 558 503 597 pari
519 558 637 588 ratione
652 558 684 587 in
699 558 868 598 proposito.

224 612 299 642 Item
311 636 318 649 ‚
336 612 361 641 si
376 612 439 642 duo
452 613 560 651 Jurent
582 611 677 642 simul
692 612 737 641 ire
752 611 884 641 Romam
895 634 902 647 ,
920 612 950 640 et

183 667 251 705 post
272 665 454 704 poeniteant,
475 667 505 695 et
519 667 631 695 mutuo
649 674 681 694 se
701 665 878 701 absolvant,
896 663 950 693 ab·

183 718 277 748 soluti
292 720 366 748 sunt
385 728 390 747 :
410 727 499 757 ergO,
516 720 574 748 etc.
589 717 747 754 Quaeritur
762 718 862 756 igitur
876 726 950 757 qua-

182 770 252 801 liter
265 771 422 810 sponsalia
436 771 682 809 contrahantur,
698 773 730 801 et
748 771 866 810 quibus
881 779 949 800 mo-

182 824 229 854 d1s
244 824 417 861 solvantur,
430 827 460 855 et
472 825 564 855 tertio
576 825 647 864 quis
662 825 701 854 sit
712 824 841 855 effectus
854 833 950 863 spon-

183 876 310 907 salium.

456 968 678 1000 CONCLUSIO.

184 1066 329 1100 Sponsalia
343 1068 403 1100 post
421 1067 585 1100 septennium
606 1067 740 1092 contracta
756 1066 848 1092 multis
869 1065 955 1092 modis

218 1110 287 1137 solvi
297 1111 409 1144 possunt
429 1117 463 1136 em
487 1116 567 1135 causa
580 1109 752 1142 rationabili,
769 1111 791 1136 et
807 1109 852 1135 hoc
866 1111 955 1135 mutuo

218 1162 244 1181 se
258 1154 428 1181 absolvendo.

224 1249 316 1288 Resp.
341 1249 379 1279 ad
400 1258 470 1288 arg.
497 1248 669 1279 Dicendum
694 1249 777 1288 quod
798 1248 955 1288 sponsalia

184 1302 292 1333 multis
306 1302 408 1332 modis
421 1302 500 1331 solvi
515 1304 657 1341 possunt,
674 1302 753 1332 sicut
772 1303 841 1341 jam
866 1305 952 1341 pate-

184 1355 229 1385 bit
247 1366 252 1385 :
278 1357 307 1385 et
327 1364 411 1385 unus
430 1355 511 1385 inter
531 1355 599 1385 illos
618 1355 727 1385 modos
748 1357 810 1392 est,
828 1355 954 1395 quando

185 1410 296 1439 mutuo
318 1418 351 1438 se
379 1408 559 1438 absolvunt.
585 1408 626 1438 De
649 1408 708 1438 isto
730 1411 837 1438 autem
862 1409 955 1439 modo

184 1462 292 1492 dicunt
307 1461 422 1500 aliqui,
440 1463 474 1491 ut
490 1461 647 1500 Hugufio,
665 1462 749 1500 quod
764 1462 878 1491 modus
898 1461 955 1492 iste

184 1524 248 1545 non
263 1517 309 1545 est
334 1514 454 1551 licitus,
480 1514 555 1553 quia
585 1523 648 1544 non
674 1514 709 1544 fit.
732 1514 799 1544 sine
816 1517 954 1553 peccato,

184 1569 311 1607 propter
325 1567 420 1597 tidem
435 1567 604 1606 iuramenti
618 1578 624 1604 ;
638 1566 691 1596 sesl
707 1566 810 1597 solum
827 1569 873 1597 est
890 1577 956 1606 per-

185 1621 318 1657 missus,
335 1620 409 1660 quia
426 1622 532 1650 coacta
552 1621 703 1659 conjugia
718 1620 817 1651 malos
839 1621 956 1651 habent

184 1674 309 1704 exitus:
326 1675 357 1703 et
370 1673 430 1703 hoc
445 1673 517 1704 dicit
534 1676 662 1713 propter
679 1673 767 1712 illud,
782 1675 867 1713 quod
883 1674 956 1705 dicit

187 1726 362 1764 Deereiaiis,
379 1727 462 1766 quod
484 1729 584 1766 potest
599 1727 631 1756 in
646 1727 799 1766 patientia
812 1728 950 1758 tolerari.

186 1780 247 1810 Alii
261 1780 385 1818 dicunt,
402 1780 484 1819 quod
501 1789 574 1810 euin
590 1781 812 1819 juramentum
828 1781 953 1820 obliga-

186 1833 302 1864 torium
318 1842 484 1873 nunquam
496 1833 615 1872 obliget
629 1833 689 1863 nisi
706 1834 745 1864 ad
757 1834 954 1865 voluntatem

186 1887 255 1926 ejus
269 1886 321 1916 cui
336 1886 381 1923 fit,
396 1886 520 1916 videtur
531 1886 615 1925 quod
631 1886 730 1916 instar
742 1886 885 1924 illorum,
900 1887 956 1926 qui

183 1939 397 1978 jurantsiinul
409 1939 452 1968 ire
468 1938 505 1968 ad
518 1938 655 1978 aliquem
670 1938 785 1975 locum,
799 1939 879 1970 sicut
890 1940 956 1979 ipsa

189 1992 353 2022 liceretalis
367 1992 451 2029 (licit,
467 1992 552 2031 quod
574 1994 686 2022 mutuo
701 2002 733 2023 se
752 1997 883 2032 possunt
897 1994 955 2024 ab—

188 2043 310 2075 solvere
328 2056 334 2075 ;
351 2047 381 2075 et
394 2045 418 2075 si
436 2045 541 2075 veniat
562 2054 602 2075 ex
626 2055 720 2076 causa
736 2046 840 2085 aliquo
863 2047 957 2077 modo

187 2097 383 2135 rationabili,
398 2098 505 2128 dieunt
519 2107 585 2128 esse
600 2098 737 2137 licitum,
755 2099 826 2130 licet
841 2101 880 2130 sit
896 2100 956 2130 mi-

187 2151 273 2182 noris
287 2151 496 2191 perfectioniS‚
514 2152 595 2182 sicut
616 2154 706 2182 sonat
721 2153 887 2184 Decretalis
904 2165 910 2184 :
927 2156 957 2184 et

186 2205 255 2236 haec
269 2205 381 2244 positio
400 2205 524 2235 videtur
541 2206 646 2244 magis
660 2206 842 2246 probabiliS,
860 2208 953 2247 quid-

187 2258 261 2298 quid
277 2257 358 2288 dicat
372 2258 563 2298 Apparatus.

228 2314 255 2342 1.
273 2311 321 2342 Ad
335 2311 412 2342 illud
426 2312 511 2351 quod
526 2312 674 2351 objicitur
685 2313 722 2344 de
737 2314 954 2351 matrimonio,

187 2365 354 2396 dicendum
368 2365 451 2405 quod
464 2374 528 2396 non
539 2367 586 2396 est
601 2366 702 2396 simile
718 2369 845 2407 propter
855 2368 955 2407 signi-

188 2418 376 2449 ficationem.

1721 172 1776 200 357

1046 241 1075 269 ⁶2.
1096 238 1143 268 Ad
1158 238 1234 267 illud
1251 238 1335 277 quod
1354 237 1501 276 objicitur
1521 237 1559 267 de
1578 237 1774 277 juramento,

1007 291 1174 321 dicendum
1193 290 1276 330 quod
1294 299 1355 319 non
1371 291 1491 329 obligat
1511 289 1570 320 nisi
1590 290 1648 320 sub
1668 289 1775 320 conrii-

1007 344 1101 374 tione.

1048 400 1076 427 3.
1094 397 1141 427 Ad
1157 396 1232 426 illud
1244 396 1328 436 quod
1342 397 1508 435 quaeritur,
1522 404 1585 435 quo
1597 395 1690 425 modo
1705 404 1777 425 con·
1794 409 1896 436 Admin-

1008 451 1170 487 trahatur,
1192 449 1361 479 dicendum
1379 449 1463 488 quod
1485 452 1621 488 quatuor
1640 448 1743 479 modis
1767 459 1774 478 ε

1008 504 1141 543 simplici
1159 503 1378 542 promissione,
1398 502 1470 532 filei
1486 502 1621 540 datione,
1639 503 1706 533 sive
1718 503 1774 541 Ju-

1008 557 1143 587 ramenti
1160 556 1395 596 interpositione
1406 580 1413 593 ,
1430 556 1511 586 datis
1526 556 1629 586 arrhis
1643 565 1773 596 sponsa-

1008 610 1093 647 litiis,
1110 610 1219 640 annuli
1234 609 1488 639 subarrhilione.

1049 664 1096 693 Ad
1111 663 1185 693 illud
1198 662 1282 702 quod
1293 662 1459 702 quaeritur,
1476 661 1590 701 quibus
1605 662 1705 693 modis
1720 662 1776 692 sol·
1798 684 1847 709 ΑΜ
1863 684 1897 703 18,-

1009 720 1144 754 vantur,
1170 717 1337 747 (licendum
1362 716 1446 755 quod
1471 716 1505 745 in
1529 717 1598 745 octo
1620 716 1743 747 casibus
1770 728 1776 747 ;

1010 772 1132 811 primus
1143 773 1199 807 est,
1209 772 1282 800 voto
1293 769 1425 800 solemni
1437 769 1691 808 superveniente,
1705 771 1780 808 puta

1010 825 1035 854 si
1051 824 1128 855 alter
1148 832 1337 863 sponsorum
1363 822 1491 852 intravit
1506 822 1712 861 religionem3
1731 831 1781 853 se-

1011 877 1145 915 cundm,
1161 876 1406 916 superveniente
1426 874 1643 912 matrimonio,
1662 876 1739 913 puta
1755 875 1779 905 si

1011 930 1175 961 contrahat
1197 939 1269 959 cum
1293 928 1354 958 alia
1377 937 1432 967 per
1452 928 1549 959 verba
1573 927 1611 957 de
1634 929 1780 967 praesenti

1011 985 1080 1022 post
1093 982 1248 1022 sponsalia
1255 994 1263 1020 3
1279 983 1402 1019 tertius,
1419 981 1661 1020 superveniente
1677 981 1782 1011 attini-

1011 1039 1072 1066 tate
1088 1060 1096 1072 ,
1136 1038 1212 1075 puta
1256 1036 1281 1065 si
1319 1035 1470 1073 cognovit
1506 1035 1781 1073 consanguineam

1011 1098 1145 1128 sponsae,
1162 1092 1192 1119 et
1203 1088 1262 1118 hoc
1272 1088 1352 1118 facto
1366 1087 1416 1118 vel
1430 1088 1512 1117 fama
1525 1087 1652 1127 probari
1663 1089 1778 1126 potest;

1011 1144 1164 1181 quartus,
1189 1142 1432 1181 superveniente
1456 1140 1622 1171 incurabili
1644 1141 1779 1170 infirmi-

1011 1197 1086 1232 tate,
1102 1195 1285 1236 putalepra,
1298 1195 1350 1225 vel
1364 1194 1562 1225 mutilatione
1581 1193 1715 1224 membri
1731 1193 1784 1224 ali-

1011 1249 1118 1288 eujus3
1142 1248 1288 1287 quintus,
1312 1248 1409 1278 altero
1431 1256 1463 1277 se
1489 1248 1681 1285 absentante,
1708 1248 1783 1286 puta

1011 1311 1083 1331 cum
1100 1301 1186 1331 vadit
1200 1301 1233 1331 in
1249 1301 1415 1340 regionem
1430 1300 1640 1339 longinquam
1657 1300 1724 1330 sine
1741 1300 1783 1330 ]i‹

1011 1356 1127 1392 centia3
1150 1357 1270 1392 sextus,
1292 1355 1389 1384 altero
1411 1354 1593 1389 fornicante,
1612 1355 1689 1393 puta
1709 1362 1782 1383 cum

1011 1408 1089 1438 alter
1119 1408 1280 1447 cognoscit
1311 1407 1442 1437 alteram
1456 1430 1465 1444 ,
1501 1415 1598 1446 quam
1634 1415 1781 1446 sponsam

1011 1470 1102 1491 suam
1116 1472 1123 1498 3
1143 1461 1306 1500 septimus⁷
1319 1462 1455 1499 utroque
1470 1459 1606 1495 volente,
1623 1462 1700 1498 puta
1710 1468 1782 1490 cum

1011 1514 1106 1544 ambo
1123 1514 1338 1550 consentiunt;
1356 1515 1487 1543 octavus
1503 1515 1567 1550 est,
1584 1513 1707 1543 minore
1727 1522 1781 1552 pe-

1011 1569 1094 1597 tente
1107 1592 1114 1604 ,
1132 1570 1209 1606 puta
1222 1568 1248 1597 si
1264 1569 1425 1598 contracta
1441 1568 1515 1597 sunt
1530 1566 1687 1606 sponsalia
1703 1567 1784 1597 inter

1011 1621 1133 1661 aliquos
1151 1621 1246 1658 duos,
1263 1631 1400 1661 quorum
1419 1621 1497 1651 alter
1512 1623 1558 1650 est
1573 1620 1605 1650 in
1620 1622 1712 1650 aetate
1734 1620 1784 1651 de-

1011 1675 1086 1709 bita,
1103 1674 1181 1704 alter
1202 1677 1248 1704 est
1269 1674 1381 1704 minor.
1399 1674 1514 1704 Primis
1533 1674 1658 1704 (luobus
1680 1673 1783 1704 modis

1011 1728 1180 1758 solvuntur
1194 1728 1351 1767 sponsalia
1365 1728 1433 1768 ipso
1447 1728 1546 1765 facto3
1563 1727 1642 1764 aliiss
1662 1728 1781 1766 perjii-

1011 1782 1131 1813 dicium
1148 1781 1303 1812 Ecclesiae.

1051 1834 1098 1864 Ad
1114 1834 1190 1864 illud
1211 1835 1295 1874 quod
1314 1834 1479 1874 quaeritur,
1497 1835 1569 1873 quis
1590 1834 1630 1863 sit
1651 1842 1779 1874 sponsa-

1011 1887 1090 1918 lium
1106 1888 1247 1924 effectus,
1258 1887 1427 1918 dicendum
1438 1888 1523 1927 quod
1537 1887 1653 1926 duplex
1673 1897 1679 1917 z
1697 1896 1781 1917 unus

1011 1941 1212 1980 obligationis
1235 1941 1273 1971 ad
1290 1941 1548 1978 matrimonium,
1565 1941 1602 1970 ad
1627 1940 1710 1980 quod
1735 1949 1782 1970 as-

1012 1994 1200 2033 tringuntur
1222 2003 1277 2034 per
1300 1994 1563 2034 promissionem,
1586 2002 1659 2033 quae
1681 1996 1727 2023 est
1750 1993 1782 2024 in

1011 2049 1211 2088 sponsalibus
1224 2060 1230 2080 t
1243 2049 1324 2080 unde
1334 2050 1483 2079 dicuntur
1493 2058 1511 2079 a
1521 2048 1682 2088 Spondeo,
1691 2056 1782 2088 spon-

1011 2102 1092 2133 des:
1117 2103 1201 2133 unde
1224 2102 1432 2142 compellendi
1455 2105 1528 2133 sunt
1552 2102 1591 2132 ad
1616 2103 1782 2133 matrimo-

1011 2156 1101 2186 nium
1112 2156 1374 2193 contrahendum,
1390 2156 1449 2187 nisi
1460 2157 1610 2187 timeatur
1622 2157 1659 2186 de
1675 2156 1782 2186 uxori-

1011 2210 1104 2246 cidio,
1122 2209 1171 2240 vel
1186 2209 1300 2248 aliquis
1315 2210 1472 2240 dictorum
1488 2219 1619 2240 casuum
1640 2210 1781 2241 interve-

1012 2263 1088 2293 niet.
1120 2263 1207 2293 Alius
1230 2263 1360 2294 effecius
1385 2265 1432 2293 est
1453 2263 1586 2303 publicae
1610 2263 1782 2294 honestatis

1008 2316 1141 2355 justitia,
1156 2325 1228 2355 quae
1244 2318 1290 2346 est
1307 2317 1392 2356 quod
1406 2317 1513 2347 nullus
1527 2317 1781 2356 consanguineo-

1012 2378 1084 2399 rum
1101 2369 1353 2409 propinquorum
1363 2370 1469 2409 sponsi
1485 2372 1586 2410 potest
1595 2369 1781 2401 contrahere

1014 2431 1086 2452 cum
1102 2431 1225 2462 sponsa,
1241 2432 1299 2453 nee
1310 2432 1327 2452 e
1343 2432 1505 2454 converso.

1800 1846 1902 1872 ,idq-1⁸0,
