1991 3006
233 206 270 233 3⁶2
787 199 1094 232 SENTENTIARUM
1115 200 1188 230 LlB.
1211 199 1259 230 lv.

231 269 352 300 amicus
367 269 468 300 amico
488 268 579 306 dicit,
605 270 709 308 peccet
729 268 914 305 mortaliter,
940 268 997 297 du-

231 332 305 353 rum
325 322 450 353 videtur
467 333 473 352 :
491 324 522 352 et
545 321 614 352 ideo
633 321 819 358 dicendum,
845 321 900 360 qui
920 329 1002 350 com-

232 375 372 405 municat
396 375 429 404 in
456 376 527 404 actu
556 374 705 404 exteriori
728 374 761 403 in
785 375 1000 412 contemptum

231 428 394 458 sententiae
410 427 492 464 latae,
508 427 593 466 quod
602 430 678 457 tunc
691 429 795 466 peccat
812 426 999 462 mortalit·›r;

231 483 287 511 aut
303 481 328 510 si
344 490 407 511 non
423 480 637 511 communicat
653 481 686 510 in
703 482 930 519 contemptum,
948 479 1001 509 sed

232 536 338 564 tamen
353 534 579 565 rationabiliter
595 535 692 565 videri
712 536 813 574 potest
828 533 911 573 quod
930 542 1001 563 Sen-

232 586 328 617 tentia
344 587 449 617 veniat
466 587 499 617 iu
512 589 727 626 contemptum
738 611 746 624 ,
763 586 866 617 adhuc
878 586 1004 616 creden-

233 639 309 669 dum
333 642 380 670 est
400 649 476 671 eum
492 640 667 670 mortaliter
687 648 825 679 peccare.
851 639 915 669 Aut
934 648 1004 677 pro-

235 693 376 724 babiliter
398 693 555 731 creditur,
580 693 662 732 quod
688 702 727 722 cx
752 692 812 722 hoc
834 700 1003 730 nunquam

232 747 386 777 sententia
406 749 636 784 contemnetur,
659 748 689 776 et
710 746 775 784 ipse
797 755 870 775 cum
891 745 1004 775 timore

233 799 292 829 hoc
307 799 394 837 facit,
410 802 440 830 et
455 809 495 830 ex
509 799 647 839 quadam
667 798 864 835 affabilitate,
882 798 931 828 vel
952 807 1006 828 so-

233 852 342 882 cietate
357 853 463 892 aliqua
478 852 575 883 verba
592 854 706 891 praeter
722 851 938 881 necessitatem
955 851 1004 880 di-

233 905 289 942 cit',
315 906 363 936 vel
383 906 444 936 alio
465 906 557 935 niodo
576 905 608 934 in
629 904 752 934 casibus
780 912 843 933 non
867 903 1004 942 exceptis

233 959 446 988 communicat
459 969 464 988 z
478 961 553 988 tunc
565 958 757 988 credendum
769 959 814 987 est
830 957 912 987 cirea
926 956 1002 987 tales

233 1012 421 1042 senteutiam
436 1011 616 1050 temperari.
640 1010 728 1041 Unde
753 1011 779 1039 si
798 1010 870 1049 quis
885 1011 1007 1049 quaerat

235 1067 343 1094 utrum
359 1065 455 1095 homo
470 1064 580 1095 debeat
600 1064 704 1102 magis
724 1063 881 1093 dimittere
906 1072 938 1092 se
962 1063 1008 1092 in-

233 1118 386 1153 terficere,
403 1126 500 1156 quam
511 1116 637 1156 aliquod
651 1116 788 1146 verbum
803 1115 921 1152 dicere;
938 1115 1007 1145 dico

234 1171 317 1210 quod
333 1170 357 1200 si
373 1180 413 1200 ex
429 1171 488 1200 hoc
509 1170 541 1199 in
559 1171 776 1208 contemptum
796 1169 919 1199 veniret
935 1178 1008 1198 sen-

235 1223 343 1259 tentia,
364 1223 490 1253 deberet
504 1223 624 1262 utique.
641 1222 699 1252 Sed
715 1222 787 1261 quis
798 1222 953 1260 Judicaret
968 1222 1009 1251 is-

236 1278 305 1306 tum
320 1276 402 1306 male
417 1276 528 1313 facere,
545 1284 619 1306 cum
630 1275 735 1314 potius
749 1275 860 1304 debeat
874 1274 912 1304 de
925 1275 1010 1303 furto

236 1329 399 1359 comedere
412 1353 419 1365 ,
439 1338 536 1368 quam
556 1329 638 1358 fame
663 1328 790 1366 perire?
809 1327 841 1357 Si
857 1328 910 1366 qui
931 1335 1010 1365 ergo

236 1382 362 1418 dicunt,
388 1382 473 1420 quod
494 1384 599 1420 peccat
625 1380 809 1417 mortaliter,
831 1380 1011 1418 intelligen-

236 1434 312 1464 dum
328 1436 376 1464 est
387 1458 394 1471 ,
411 1433 538 1474 quando
559 1434 759 1472 contemptus
775 1431 952 1462 intervenit.
974 1431 1012 1461 Et

237 1488 313 1527 quia
327 1487 382 1517 vix
399 1489 499 1526 potest
513 1485 705 1525 frequentari
728 1485 794 1515 sine
810 1486 1010 1524 contemptu,

238 1541 307 1571 ideo
322 1549 436 1570 sanum
452 1539 620 1569 consilium
635 1541 681 1569 est
697 1538 880 1577 unicuique,
897 1540 931 1568 ut
946 1546 979 1567 se
994 1547 1013 1568 a

1099 268 1128 296 2.
1142 266 1219 297 ltem
1234 266 1365 305 pronior
1376 266 1467 297 debet
1479 274 1547 296 esse
1560 265 1600 296 ad
1613 264 1828 296 miserendum

1058 328 1155 359 quam
1165 320 1203 349 ad
1215 319 1488 349 condemnandum
1499 329 1506 349 τ
1520 318 1573 349 sed
1585 318 1700 358 aliquis
1709 317 1747 348 de
1755 318 1830 357 jure

1059 374 1159 411 potest
1173 373 1449 403 excommunicare
1466 372 1620 403 invitum:
1637 378 1716 409 ergo
1730 369 1830 400 multo

1059 425 1163 464 magis
1176 425 1349 455 absolvere.

1100 480 1128 508 3.
1147 478 1224 508 Item
1241 478 1526 509 excommunicatio
1545 479 1592 508 est
1606 484 1699 517 poena
1714 474 1832 505 inflicta

1060 531 1200 561 exterius
1228 534 1357 571 propter
1384 531 1637 562 emendationem
1664 540 1670 560 :
1700 537 1780 568 ergo
1806 527 1832 557 επὶ

1061 586 1204 624 peccator
1219 594 1283 614 non
1299 584 1498 622 emendatur,
1514 583 1567 614 sed
1581 582 1718 613 deterior
1732 580 1832 611 effici-

1062 639 1129 674 tur,
1147 647 1232 674 cum,
1252 640 1392 668 cessante
1405 646 1500 667 eausa
1512 660 1520 674 ,
1537 636 1637 667 cesset
1649 637 1677 665 et
1691 634 1830 670 effeetus,

1062 691 1187 721 videtur
1202 691 1287 730 quod
1303 690 1400 730 possit
1414 692 1444 720 et
1459 690 1569 720 debeat
1583 688 1655 719 talis
1668 687 1763 718 etiam
1779 696 1834 717 no-

1062 743 1129 773 lens
1147 743 1279 774 absolvi.

1102 795 1163 826 Sed
1179 798 1289 826 contra
1306 807 1312 826 :
1333 795 1444 825 Nullus
1460 797 1575 835 potest,
1593 802 1650 824 nee
1671 792 1763 824 dehet
1783 792 1834 822 ab·
1849 803 1953 825 Fundam.

1063 849 1184 879 solvere
1211 848 1349 888 aliquem
1372 848 1509 878 invitum
1535 848 1568 877 in
1588 847 1655 877 foro
1678 845 1834 886 poeniten-

1063 901 1149 932 tiali:
1169 911 1248 940 vrgo
1263 901 1331 941 pari
1346 901 1468 931 ratione
1485 908 1543 930 nec
1558 899 1591 929 in
1603 900 1671 929 foro
1681 898 1834 938 Judiciali,

1107 955 1182 985 item
1198 954 1317 984 dictum
1336 956 1382 983 est
1402 953 1494 983 Petro
1508 957 1517 972 ²
1534 964 1540 983 z
1561 952 1780 990 Quodcumque
1795 951 1838 983 li-

1063 1009 1190 1047 qavere's
1217 1015 1313 1046 super
1341 1010 1474 1043 terram,
1503 1007 1564 1037 erit
1591 1006 1727 1046 liqazum
1748 1008 1777 1037 et
1800 1006 1836 1037 in

1064 1061 1151 1092 ecelis
1164 1071 1174 1091 .·
1189 1069 1268 1099 ergo
1283 1059 1472 1089 conformari
1488 1059 1579 1089 debet
1590 1059 1700 1098 ligatio
1715 1067 1788 1099 quae
1803 1059 1838 1088 fit

1065 1114 1098 1144 in
1113 1114 1219 1150 terris,
1239 1113 1267 1143 ei
1284 1112 1427 1151 ligationi
1451 1121 1524 1152 quae
1541 1113 1578 1142 fit
1590 1112 1625 1142 in
1640 1111 1746 1149 coelis,
1769 1113 1801 1142 et
1821 1120 1838 1142 e

1066 1175 1234 1203 converso,
1252 1166 1393 1204 alioquin
1408 1174 1471 1195 non
1486 1165 1521 1195 fit
1542 1167 1578 1195 ut
1593 1164 1683 1195 debet
1699 1175 1706 1195 ε
1727 1164 1780 1195 sed
1805 1164 1839 1194 in

1066 1220 1153 1250 coelis
1180 1219 1288 1249 nullus
1316 1218 1491 1248 absolvitur
1514 1218 1656 1254 invitus;
1678 1226 1758 1256 ergo
1781 1225 1839 1248 nec

1066 1273 1100 1302 in
1115 1273 1206 1302 terris
1221 1272 1322 1302 debet.

1109 1325 1205 1360 item,
1235 1327 1382 1354 manente
1406 1333 1517 1360 causa,
1544 1331 1672 1353 manere
1694 1322 1786 1353 debet
1810 1323 1841 1352 et

1068 1378 1196 1408 effectus
1215 1388 1222 1407 2
1239 1377 1289 1407 sed
1310 1385 1406 1407 causa
1421 1378 1549 1415 propter
1564 1384 1660 1414 quam
1681 1374 1841 1414 infligitur

1068 1439 1177 1461 excom
1184 1429 1366 1467 municatio,
1379 1431 1426 1459 est
1436 1428 1565 1459 rebellio
1576 1430 1607 1458 et
1621 1427 1819 1458 contumacia
1832 1437 1839 1457 z

1069 1484 1124 1514 sed
1140 1483 1279 1522 quandiu
1296 1491 1359 1512 non
1374 1481 1442 1512 vult
1456 1481 1595 1518 absolvi,
1612 1482 1658 1510 est
1672 1479 1798 1510 rebellis
1811 1481 1843 1510 et

1070 1538 1244 1568 contumax
1262 1547 1268 1566 ς
1287 1544 1362 1573 ergo
1382 1534 1501 1564 invitus
1514 1542 1579 1563 non
1598 1532 1689 1563 dehet
1710 1531 1839 1563 absolvi.

242 1593 357 1624 talibus
368 1593 496 1631 elonget
506 1594 632 1631 propter
647 1591 811 1621 vitandum
822 1590 1011 1630 perieulum,

240 1647 321 1677 sicut
335 1647 409 1677 dicit
431 1646 650 1685 Augustinus,
671 1645 757 1684 quod
776 1645 953 1675 faciendum
969 1647 1015 1675 est

241 1701 279 1730 de
295 1701 486 1738 iuramento.
503 1699 549 1729 Ad
566 1698 643 1729 illud
657 1698 741 1737 quod
756 1698 914 1736 objicitur,
929 1697 1014 1737 quod

1109 1589 1205 1620 Juxta
1219 1589 1279 1618 hoc
1293 1587 1459 1627 quaeritur,
1476 1586 1548 1625 quis
1569 1585 1608 1615 sit
1633 1585 1746 1616 modus
1759 1609 1766 1623 ,
1791 1594 1840 1615 se-
1857 1596 1948 1620 own„

1069 1642 1208 1673 cundum
1229 1650 1325 1681 quem
1343 1640 1435 1671 debet
1449 1639 1580 1669 absolvi.
1858 1626 1949 1647 ¹³¹ffl¹i⁵

1858 1660 1877 1677 ¹.
1902 1660 1961 1678 uaest.

1110 1694 1270 1731 Quaeritur
1286 1693 1381 1724 etiam
1394 1717 1402 1730 ,
1419 1702 1437 1722 a
1452 1701 1515 1731 quo
1531 1692 1629 1731 possit
1643 1690 1774 1722 absolvi.
1870 1657 1946 1722 ¹3⁰¹*

1875 1718 1900 1738 l=s
1915 1720 1934 1739 2.

124 2197 159 2219 Aa
178 2203 228 2224 opp.

241 1763 305 1784 non
316 1753 482 1793 privantur
492 1752 697 1783 sacramentis
712 1751 771 1781 nisi
788 1752 826 1790 (a)
842 1750 1015 1781 mortaliter

242 1810 417 1847 peccanteS,
448 1806 616 1837 dicendum
638 1805 722 1844 quod
744 1804 804 1834 hoc
825 1805 942 1834 factum
969 1806 1016 1834 est

243 1862 369 1900 propter
383 1862 548 1897 terrorem,
564 1868 604 1889 ne
618 1859 697 1888 forte
712 1866 768 1896 per
779 1856 1014 1887 assuetudinem

242 1913 275 1943 in
291 1913 467 1952 periculum
484 1913 684 1951 contemptus
698 1910 858 1940 incideret.

501 2016 680 2054 QUAESTIO
702 2015 753 2046 VI.

244 2101 285 2126 An
300 2099 402 2133 aliquis
419 2098 658 2125 eme-ommunicatus
668 2096 753 2130 possit
767 2095 870 2122 absolvi
883 2095 983 2121 invitus
997 2098 1014 2122 ¹.

286 2179 327 2208 De
342 2177 550 2214 absolutione,
567 2178 598 2206 et
612 2176 765 2215 quaeritur
780 2177 889 2205 utrum
904 2175 1017 2214 aliquis

244 2232 341 2272 possit
355 2231 475 2261 absolvi
490 2230 622 2260 invitus.
641 2228 677 2259 Et
692 2229 776 2268 quod
793 2229 854 2265 sic,
872 2228 1015 2259 videtur:

244 2285 318 2325 quia
332 2287 420 2324 pater
433 2283 567 2313 carnalis
587 2282 688 2312 multa
702 2282 785 2312 bona
805 2283 933 2322 praestat
952 2281 1017 2312 filio

246 2337 346 2368 invito
359 2348 365 2367 :
376 2346 455 2375 ergo
466 2336 533 2376 pari
545 2335 665 2365 ratione
673 2358 680 2371 ‚
694 2336 758 2365 imo
773 2334 873 2365 multo
883 2335 1015 2372 fortiori,

246 2400 318 2420 cum
330 2390 434 2429 magis
445 2389 516 2428 plus
526 2388 637 2418 debeat
649 2388 736 2426 pater
752 2387 924 2426 spiritualis
937 2396 1016 2424 esse,

247 2445 371 2474 videtur
386 2443 469 2483 quod
486 2441 584 2482 possit
598 2440 761 2471 absolvere
777 2440 939 2471 subditum
951 2441 1018 2480 ipso

246 2497 356 2528 invito.

281 2583 285 2595 ¹
302 2581 340 2611 Cf.
362 2580 431 2605 Alex.
454 2580 547 2604 Alens..
564 2587 579 2611 p
607 2579 647 2606 tv,
664 2586 689 2609 q.
709 2584 752 2607 xx,
767 2578 877 2601 membr.
893 2580 915 2607 1,
931 2581 976 2601 art.
996 2579 1018 2607 Ἰ,

249 2618 263 2647 ς’
281 2619 304 2647 13
321 2618 346 2641 S.
362 2616 461 2646 Thom„
484 2616 508 2638 in
522 2615 608 2645 Suppl.
632 2622 656 2644 p.
673 2614 714 2642 lll,
735 2620 759 2643 q.
782 2618 853 2641 xxiv,
873 2615 918 2636 art.
939 2617 966 2642 :33
983 2614 1020 2637 ui-

282 2660 316 2691 (a)
333 2660 402 2684 Edit.
422 2660 479 2683 Veu.
495 2659 538 2683 sic.

1348 1806 1570 1838 CONCLUSIO.

1075 1897 1327 1924 Eaecommunicatus
1347 1905 1399 1924 non
1418 1899 1505 1932 potest
1524 1896 1556 1923 de
1569 1896 1630 1930 jure
1651 1895 1769 1928 absolvi,
1787 1896 1844 1922 m'si

1106 1941 1212 1972 volem,
1239 1944 1263 1968 et
1292 1943 1369 1969 cesset
1395 1949 1413 1968 α
1436 1941 1620 1974 contumacia,-
1645 1939 1690 1966 sed
1711 1938 1743 1966 de
1770 1940 1844 1972 facto

1108 1987 1194 2019 potest
1209 1985 1313 2012 absolvi
1331 1989 1354 2012 et
1375 1986 1486 2016 invitus,
1503 1985 1539 2012 ad
1550 1985 1691 2019 proprium
1710 1983 1844 2017 co‘m'qen-

1108 2029 1172 2055 dum
1189 2037 1310 2056 errorem.

1113 2117 1206 2157 Resp.
1218 2116 1257 2147 ad
1272 2125 1344 2155 arg.
1359 2115 1533 2146 Dicendum
1547 2115 1632 2155 quod
1646 2117 1692 2146 est
1706 2114 1794 2154 loqui
1806 2114 1844 2146 de

1072 2170 1210 2210 potentia
1238 2169 1419 2200 absolvendi
1459 2171 1489 2198 et
1526 2167 1843 2205 excommunicandi,

1073 2224 1167 2262 prout
1182 2223 1282 2261 potest
1296 2221 1330 2251 in
1343 2221 1402 2251 hos
1416 2223 1514 2259 actus,
1530 2221 1580 2252 vel
1594 2221 1632 2251 de
1645 2222 1730 2260 Jure,
1744 2219 1795 2251 vel
1807 2219 1845 2250 de

1072 2276 1152 2306 facto
1170 2285 1177 2306 ;
1194 2274 1299 2305 differt
1322 2274 1409 2304 enim
1429 2274 1530 2305 facere
1543 2297 1551 2312 ‚
1579 2276 1610 2304 et
1629 2274 1716 2313 juste
1731 2273 1843 2303 facere.

1073 2329 1105 2360 Si
1121 2328 1294 2368 loquamur
1309 2326 1346 2357 de
1362 2327 1460 2364 facto,
1481 2327 1508 2356 si
1531 2326 1698 2366 episcopus
1721 2333 1845 2356 excom-

1074 2381 1213 2412 municet
1226 2389 1291 2410 non
1303 2381 1522 2410 contumacem
1535 2378 1749 2419 praetermisso
1761 2377 1845 2417 juris

1073 2434 1200 2471 ordine,
1223 2433 1254 2463 in
1279 2432 1356 2463 facie
1382 2432 1527 2463 Ecclesiae
1551 2430 1845 2462 excommunicatus

1074 2490 1143 2526 est,
1159 2485 1309 2527 quamvis
1324 2486 1441 2525 inJuste
1466 2485 1528 2515 lata
1553 2485 1593 2515 sit
1618 2483 1790 2520 sententia,
1815 2485 1846 2513 et

1075 2542 1199 2571 tenetur
1232 2548 1302 2570 eam
1332 2538 1510 2575 sustinere3
1544 2537 1686 2577 ahoquin
1715 2545 1755 2567 ex
1787 2536 1846 2567 hoc

1075 2620 1191 2650 chal-dus,
1205 2618 1316 2646 tvs211t.,
1328 2618 1386 2642 dist.
1399 2623 1474 2647 xvul,
1484 2619 1529 2641 art.
1541 2622 1628 2648 x,q.1;
1641 2616 1727 2647 steph.
1742 2615 1845 2646 Brulet,

1078 2656 1107 2680 lV
1124 2655 1204 2683 Sent„
1219 2654 1275 2678 dist.
1291 2658 1366 2682 xvui,
1382 2660 1406 2683 q.
1422 2658 1458 2676 xi.
1473 2664 1498 2669 —
1519 2653 1528 2667 ²
1542 2652 1643 2681 Mami„
1659 2657 1712 2681 xv1‚
1730 2653 1767 2676 ¹9.
