1991 3006
246 205 285 233 94
804 203 1114 235 SENTENTIARUM
1137 203 1209 235 ΗΒ.
1235 203 1286 235 tv.

245 270 283 300 sle
299 271 430 310 peccatis
450 270 515 301 suis
536 271 712 309 cogitante,
728 271 781 301 sed
805 273 927 301 tantum
948 280 1019 310 pas-

245 323 366 354 sionem
383 324 494 353 Christi
513 324 667 354 recolente
687 325 719 354 in
741 326 939 354 sacramento
956 324 1016 354 Eu—

246 376 418 414 charistiae,
444 377 655 415 recogitante,
680 378 825 417 inquam,
848 378 1015 414 ferventer,

245 430 329 469 quoti
345 429 482 459 venialia
497 432 641 469 peccata,
656 430 706 460 vel
723 431 842 467 omnia,
860 430 910 460 vel
928 439 1018 469 (111113-

243 482 316 512 dam
331 483 568 514 remittanturei
582 492 638 523 per
649 484 788 521 gratiam
803 484 846 513 sic
861 484 1014 523 adjutam.

244 535 281 565 lit
296 537 403 566 omnia
418 536 470 567 illa
482 539 503 574 ¹,
521 537 586 566 sive
602 539 810 574 sacramenta,
830 537 895 566 sive
911 545 1015 566 sacra-

243 589 402 626 mentalia,
420 591 456 619 ut
480 589 689 626 Eucharistia,
705 592 736 619 et
752 589 875 626 unctio,
893 591 923 619 et
938 589 1016 628 bap-

243 641 371 679 tismus,
387 645 415 672 et
432 651 524 682 aquae
540 643 697 682 aspersio,
716 645 747 672 et
761 641 945 681 episcopalis
962 642 1016 672 he-

243 694 390 732 nedictio,
407 698 437 725 et
456 695 612 728 contritio,
634 697 664 725 ct
685 695 908 725 misericordiae
922 695 1015 724 exiii-

243 747 328 785 bitio,
343 750 374 778 et
384 748 542 779 Orationis
552 748 623 778 dom
631 748 720 777 inicae
735 748 849 778 devota
860 748 1014 785 exoratio,

242 801 360 832 faciunt
383 802 421 833 ad
445 802 619 832 venialium
643 803 849 840 deletionem,
874 811 938 832 non
961 811 1016 841 per

242 855 402 894 propriam
426 858 593 891 naturam,
620 856 672 886 sed
697 864 751 895 per
774 864 844 885 eam
868 858 1015 885 naturam

241 918 301 947 qua
318 909 455 947 gratiam
471 912 600 947 gratum
621 909 788 939 facientem
804 908 840 938 tul
859 908 947 938 hunc
962 918 1013 938 ac-

241 963 310 991 tum
332 962 495 1000 adjuvant,
520 964 550 992 et
565 962 723 1001 vigorant.
741 961 771 991 Si
793 970 918 1001 quaeras
934 970 1013 1001 quo-

242 1014 335 1043 modo
349 1015 512 1054 adiuvant,
526 1015 692 1045 dicendum
707 1014 791 1053 quod
804 1015 837 1044 in
852 1014 968 1045 talibus
980 1016 1016 1044 ut

241 1066 415 1105 piurimum
427 1070 473 1098 est
484 1068 673 1104 humiliatio,
688 1071 718 1098 et
728 1067 865 1104 devotio,
879 1076 951 1106 quae
968 1069 1015 1097 est

241 1122 329 1150 actus
344 1121 449 1159 gratia
463 1121 662 1158 informatus,
683 1129 869 1160 repugnans
881 1120 941 1159 ipsi
957 1129 1012 1150 ve-

241 1172 316 1202 niali
338 1176 475 1212 peccato,
497 1173 581 1212 quod
602 1173 758 1203 fervorem
781 1173 960 1210 charitatis,
984 1174 1015 1202 et

241 1226 457 1264 devotionem,
477 1231 632 1267 quantum
655 1229 702 1257 est
723 1236 762 1257 ex
783 1236 827 1264 se,
844 1227 1011 1263 diminuit3

241 1280 291 1309 vel
306 1289 343 1310 ea
357 1281 480 1311 ratione
496 1290 558 1320 qna
573 1283 619 1310 est
634 1280 666 1310 in
682 1281 727 1310 eis
746 1280 924 1320 poenalitas,
941 1288 1013 1319 quae

241 1335 400 1372 repugnat
420 1333 608 1363 inordinatae
631 1332 844 1370 delectationi,
870 1335 901 1363 et
920 1334 1014 1372 prout

241 1386 293 1416 illa
307 1395 400 1425 poena
415 1388 528 1425 jvncta
542 1388 588 1415 est
602 1386 760 1415 ordinanti
777 1387 901 1424 gratiae.
918 1386 955 1416 Et
971 1386 1014 1416 sic

240 1442 341 1478 potest
366 1439 563 1479 responderi,
591 1439 674 1478 quod
701 1440 851 1479 quamvis
877 1440 1014 1471 venialia

240 1492 331 1523 valde
356 1502 497 1531 congrue
519 1502 573 1532 per
596 1492 815 1532 poenitentiam
835 1493 1010 1531 deleantur,

240 1548 369 1585 possunt
397 1549 499 1576 tamen
522 1555 576 1584 per
597 1545 732 1584 gratiam
759 1546 848 1576 aliter
871 1547 1013 1586 adJutam

240 1598 349 1629 deleri.
372 1599 408 1629 Et
423 1598 630 1629 concedendae
648 1603 722 1629 sunt
738 1599 880 1637 tationes
900 1600 938 1629 ad
954 1600 1014 1631 hoc

241 1651 388 1683 inductae.

284 1709 310 1736 1.
323 1706 371 1736 Ad
387 1705 463 1735 illud
477 1714 553 1743 ergo
569 1705 652 1745 quod
664 1705 823 1745 ol›Jicitur,
838 1706 920 1745 quod
936 1715 1014 1746 prae-

197 1766 201 1769 ⁷
241 1759 350 1789 cedere
361 1759 452 1789 debet
464 1759 661 1798 aliquantula
674 1759 830 1797 contritio,
844 1760 1012 1790 (licendum

241 1813 325 1852 quod
341 1812 487 1851 Magister
506 1822 570 1843 non
589 1813 777 1843 determinat
797 1813 928 1852 praecise
943 1823 1011 1844 mo·

240 1865 316 1895 dum
332 1866 453 1896 delendi
475 1865 597 1895 veniale
616 1867 794 1904 peccatum,
812 1866 864 1895 sed
881 1867 1012 1896 modum

239 1919 374 1958 perfecte
398 1918 618 1948 satisfaciendi.
645 1918 743 1948 Nemo
767 1918 853 1948 enim
879 1920 1012 1958 perfecte

240 1973 388 2002 satisfacit
410 1982 466 2011 pro
493 1972 600 2011 culpa,
628 1972 687 2001 nisi
711 1972 806 2002 etiam
828 1973 959 2002 interius
978 1973 1011 2003 in

240 2025 332 2055 corde
355 2025 472 2061 doleat,
495 2026 793 2063 quantumcumque
817 2034 850 2054 se
871 2026 1012 2055 exterius

240 2078 351 2117 puniat
367 2089 372 2107 :
391 2077 451 2107 hoc
465 2077 533 2107 dico
548 2076 598 2107 vel
612 2076 646 2106 in
661 2077 813 2114 generali,
831 2077 882 2107 vel
896 2078 929 2107 iu
944 2087 1012 2117 spe-

240 2131 321 2161 ciali.
347 2129 488 2160 Venialia
516 2131 623 2159 aulem
649 2138 713 2158 non
740 2129 842 2159 solum
865 2139 921 2169 per
944 2130 1010 2161 vim

241 2184 444 2223 poenitentiae,
457 2182 511 2213 sed
526 2182 621 2212 etiam
633 2182 702 2212 aliis
716 2183 817 2212 modis
830 2183 926 2213 deleri
942 2193 1010 2223 pos-

240 2240 324 2275 sunt,
342 2240 376 2267 ut
392 2239 509 2267 tactum
526 2238 582 2265 cst.

280 2293 309 2320 2.
332 2290 379 2320 Ad
399 2290 476 2320 i‘slud
497 2289 580 2328 qaod
602 2289 760 2328 objicitur,
785 2289 869 2328 quod
890 2290 1011 2321 veniale

241 2346 287 2374 est
303 2344 432 2382 maJoris
443 2342 658 2380 adhaerentiae,
672 2342 839 2372 dicendum
857 2343 940 2382 (111011
956 2344 1009 2374 du-

242 2397 362 2436 pliciter
376 2398 421 2426 est
435 2396 520 2435 loqui
536 2396 574 2425 de
590 2395 784 2425 adhaercntia
798 2396 940 2434 venialis,
955 2399 1012 2427 aut

241 2453 398 2490 quantum
413 2449 450 2479 ad
464 2448 632 2486 maculam,
649 2449 704 2478 aut
718 2451 873 2487 quantum
887 2450 925 2479 ad
943 2459 1012 2489 pro-

242 2504 386 2540 nitatem,
404 2510 476 2541 11οω
491 2504 537 2531 est
554 2502 606 2531 via
621 2502 657 2531 ad
674 2501 760 2531 illam
774 2512 780 2532 :
798 2502 825 2531 si
839 2502 1011 2542 loquamur

241 2559 397 2597 quantum
412 2556 449 2585 ad
468 2557 575 2585 notam
590 2554 804 2593 ‹tisplieentiae,
822 2555 893 2594 plus
908 2556 1011 2587 adhae-

241 2614 286 2641 ret
306 2609 449 2645 mortale,
469 2616 567 2647 quam
588 2607 708 2637 veniale
715 2619 722 2645 ;
746 2608 771 2637 si
789 2611 895 2639 autem
910 2618 1011 2648 quan-

275 2672 519 2702 ¹vm.Thom.,n1,
534 2677 559 2701 q.
576 2675 692 2700 Lxxxvn,
707 2672 753 2694 art.
770 2672 793 2700 1,
808 2671 822 2694 2
837 2672 862 2694 et
874 2672 896 2694 ³.

1075 273 1144 301 tum
1159 271 1196 301 ad
1212 271 1418 310 pronitatem,
1434 281 1450 300 e
1464 272 1624 302 contrario
1639 274 1686 303 est
1701 284 1707 303 :
1735 273 1848 304 deletio

1074 327 1182 354 autem
1195 333 1259 354 non
1274 327 1319 354 est
1331 327 1473 364 respectu
1489 325 1667 365 pronitatis‚
1679 326 1733 357 sed
1742 326 1848 366 potius

1074 379 1216 417 respectu
1235 377 1368 407 maculae
1383 378 1513 417 peccati.

1114 433 1142 460 3.
1159 430 1207 460 Ad
1230 430 1307 460 illud
1331 430 1415 470 quod
1438 431 1596 470 objicitur,
1619 431 1703 470 quod
1725 431 1846 462 veniale

1072 493 1105 513 se
1125 483 1315 522 compatitur
1336 492 1408 513 cum
1435 484 1550 523 gratia,
1575 486 1652 520 etc.,
1677 484 1846 515 dicendum

1073 536 1156 576 quod
1177 545 1289 567 verum
1311 538 1357 567 est
1377 537 1462 576 quod
1484 546 1516 567 se
1537 537 1727 577 compatitur
1742 547 1844 578 quan-

1072 592 1141 620 tum
1167 590 1205 619 ad
1231 589 1473 620 inhaerentiam:
1509 592 1539 620 et
1563 590 1632 621 ideo
1653 591 1757 630 gratia
1780 600 1845 622 non

1071 642 1152 673 delet
1175 652 1230 683 per
1245 643 1293 673 sui
1318 644 1504 681 essentiam,
1529 643 1579 674 vel
1598 643 1842 676 inhaerentiam:

1071 698 1101 726 et
1116 700 1242 736 propter
1262 697 1321 727 hoc
1340 699 1463 737 oportet
1477 697 1503 727 ei
1527 697 1599 727 addi
1613 697 1740 737 aliquod
1755 698 1843 738 311311-

1071 750 1200 788 torIum,
1218 751 1265 781 vel
1286 750 1420 781 liberum
1437 750 1622 788 arbitrium,
1638 750 1689 781 vel
1703 750 1843 791 ,alicujus

1070 803 1198 833 alterins
1218 803 1419 842 poenalitatis,
1441 803 1490 833 vel
1507 803 1704 841 sacramenti,
1721 803 1842 834 ratione

1070 858 1161 896 cnjus
1184 856 1332 894 cti'ectus,
1359 857 1407 886 vel
1430 858 1518 886 actus
1543 857 1656 895 gratiae
1684 859 1842 896 repugnat

1071 909 1201 939 veniali:
1219 909 1367 949 quamvis
1385 909 1471 939 enim
1486 910 1591 948 gratia
1603 909 1777 940 secundum
1792 918 1843 940 es-

1071 963 1205 992 sentiam
1223 964 1282 992 stet
1297 972 1370 992 cum
1387 962 1513 1000 veniali,
1530 964 1637 993 tamen
1651 962 1790 993 charitas
1803 963 1841 993 ad

1070 1016 1228 1046 fervorem
1258 1016 1393 1046 excitata
1416 1015 1574 1046 consumit
1597 1015 1739 1055 culpam,
1761 1015 1842 1047 sicut

1070 1070 1182 1099 fornax
1198 1069 1283 1108 ignis
1299 1069 1454 1100 modicam
1468 1078 1559 1109 aquae
1578 1071 1714 1108 guttam.

1109 1125 1138 1153 4.
1160 1123 1208 1153 Ad
1222 1122 1300 1153 illud
1323 1123 1405 1162 quod
1429 1122 1588 1162 objicitur,
1611 1122 1696 1162 quod
1717 1122 1842 1153 veniale

1069 1178 1115 1206 est
1139 1175 1376 1213 voluntarium,
1403 1175 1570 1206 dicendum
1596 1175 1682 1215 quod
1708 1184 1772 1206 non
1795 1175 1841 1206 sic

1070 1229 1150 1259 sicut
1166 1228 1298 1258 mortale
1311 1239 1318 1259 ι
1335 1230 1440 1259 tamen
1454 1229 1530 1268 quia
1545 1228 1653 1268 aliquo
1671 1228 1766 1259 modo
1781 1237 1840 1259 vo-

1069 1281 1244 1312 luntarium
1255 1283 1313 1319 est,
1327 1290 1494 1321 nunquam
1505 1281 1637 1319 deletur,
1655 1281 1717 1311 nisi
1731 1281 1842 1311 volun-

1069 1336 1116 1364 tas
1138 1334 1317 1364 detestetur.
1339 1334 1428 1364 Unde
1442 1334 1499 1364 vix
1519 1334 1693 1373 contingit,
1710 1333 1796 1374 quod
1812 1334 1840 1364 ei

1069 1387 1124 1426 qui
1141 1388 1287 1427 proponit
1306 1397 1434 1418 manere
1451 1387 1484 1417 in
1500 1387 1615 1417 veniali
1636 1388 1773 1426 peccato,
1789 1389 1842 1417 ut-

1070 1443 1141 1480 pote
1158 1441 1191 1470 in
1211 1441 1317 1471 verbis
1339 1441 1462 1479 otiosis,
1483 1441 1583 1481 quod,
1602 1440 1727 1471 etiamsi
1741 1440 1839 1470 confi-

1069 1495 1185 1532 teatur,
1210 1494 1389 1524 remittatur
1411 1494 1439 1524 ei
1465 1494 1569 1534 culpa,
1596 1493 1657 1523 nisi
1683 1493 1761 1524 forte
1784 1502 1841 1533 pro

1069 1557 1164 1587 opere
1179 1547 1232 1577 illo
1247 1549 1356 1577 contra
1380 1547 1520 1587 seipsum
1535 1546 1695 1584 insurgat,
1718 1548 1749 1576 et
1764 1546 1841 1576 adeo

1070 1600 1200 1639 rugitus
1215 1600 1345 1630 rationis
1364 1600 1489 1636 fremat,
1510 1599 1595 1639 quod
1609 1598 1754 1629 bestiales
1768 1607 1837 1629 mo-

1070 1657 1120 1684 tus
1140 1654 1352 1684 sensualitatis
1366 1663 1512 1692 gressum
1528 1654 1630 1692 figant
1649 1652 1688 1683 ad
1709 1652 1839 1683 modum

1070 1706 1178 1744 leonis,
1196 1717 1260 1746 quo
1279 1707 1426 1746 rugiente
1450 1709 1564 1737 caetera
1586 1706 1736 1737 animalia
1749 1714 1838 1745 gres-

1069 1769 1140 1790 sum
1155 1760 1271 1799 figunt.

1111 1815 1140 1843 5.
1157 1813 1204 1843 Ad
1228 1813 1304 1843 illud
1321 1813 1405 1852 (111011
1427 1812 1586 1852 oincitur,
1610 1811 1695 1851 quod
1716 1811 1840 1842 veniale

1071 1875 1172 1896 unum
1190 1866 1313 1896 deletur
1327 1866 1394 1895 sine
1410 1865 1482 1903 alio,
1499 1865 1666 1895 dicendum
1681 1864 1766 1904 quod
1780 1863 1840 1894 hoc

1069 1919 1215 1959 possibile
1230 1921 1278 1949 est
1293 1919 1407 1958 duplici
1423 1918 1530 1949 modo:
1547 1918 1599 1948 vel
1609 1918 1684 1957 quia
1693 1917 1840 1948 voluntas

1069 1972 1272 2002 habitu-aliter
1284 1971 1425 2002 adhaeret
1438 1966 1505 2008 uni,
1518 1973 1549 2001 et
1561 1980 1625 2001 non
1640 1970 1704 2008 alii,
1720 1972 1751 2000 et
1765 1972 1840 2008 111110

1069 2025 1162 2065 culpa
1178 2024 1363 2061 remittitur,
1380 2024 1433 2053 cui
1447 2032 1510 2053 non
1526 2023 1673 2061 inhaeret,
1688 2025 1720 2054 et
1733 2031 1837 2053 rema—

1067 2081 1121 2109 net
1134 2077 1243 2117 culpa,
1261 2077 1311 2107 cui
1327 2076 1474 2107 voluntas
1486 2076 1673 2113 adhaerebit;
1689 2075 1740 2106 vel
1755 2075 1837 2112 ideo,

1068 2132 1143 2171 quia
1158 2131 1304 2161 voluntas
1321 2139 1422 2160 unum
1437 2131 1601 2169 peccatum
1616 2129 1721 2168 magis
1734 2129 1838 2160 detes-

1067 2187 1171 2221 tatur,
1199 2192 1297 2223 quam
1322 2183 1469 2213 alterum.
1494 2182 1582 2212 Unde
1608 2182 1712 2221 gratia
1736 2182 1839 2221 magis

1068 2238 1149 2268 delet
1174 2238 1299 2276 culpam
1322 2235 1494 2273 venialem,
1514 2235 1548 2265 in
1571 2236 1664 2274 cujus
1685 2235 1838 2266 deletione

1069 2290 1173 2329 magis
1188 2289 1336 2320 voluntas
1350 2292 1511 2326 consonat,
1528 2288 1580 2318 vel
1594 2288 1736 2328 adJuvat.

1296 2408 1537 2443 ABTICULUS
1561 2408 1603 2441 11.

1107 2504 1351 2543 consequenter,
1368 2504 1525 2541 quantum
1540 2501 1579 2531 ad
1593 2501 1769 2531 secundum
1783 2509 1838 2531 ar—

1067 2556 1210 2594 ticulum,
1223 2555 1377 2595 quaeritur
1393 2555 1430 2584 de
1440 2554 1631 2594 purgatione
1646 2563 1718 2594 quae
1732 2554 1768 2584 fit
1782 2562 1839 2594 per

1067 2609 1303 2650 purgatorium.
1312 2608 1354 2638 De
1371 2617 1434 2648 qua
1443 2607 1506 2638 duo
1516 2610 1722 2647 quaeruntur:
1734 2607 1838 2647 primo

1068 2662 1221 2702 quaeritur
1234 2663 1343 2692 utrum
1360 2661 1391 2691 in
1407 2661 1593 2700 purgatorio
1609 2663 1679 2700 post
1695 2660 1778 2691 hanc
1793 2659 1838 2691 vi-
