1991 3006
702 191 887 222 DlSTlNCT.
913 190 1016 221 XXIV.
1042 191 1142 222 PARS
1169 193 1187 221 t⁴

147 260 296 301 prolixis,
309 259 407 299 aliqui
430 259 600 290 voluerunt
623 258 725 288 dicere
746 257 829 297 quod
844 260 914 297 post

148 322 268 344 annum
286 312 392 343 iterari
406 313 515 352 potest,
533 319 590 350 pro
605 319 642 340 eo
661 310 745 350 quod
761 310 914 349 completa

153 368 200 396 est
215 365 369 395 revolutio
382 372 549 403 corporum
557 363 768 403 superiorum.
789 362 849 393 Sed
865 363 916 392 al]-

149 419 282 449 surdum
296 418 386 448 valde
401 417 545 452 videtur,
564 418 759 445 sacramenta
775 415 916 454 regulari

150 471 324 502 secundum
339 472 461 500 motum
476 468 549 499 solis
564 471 594 498 et
610 470 778 498 astrorum.
796 468 832 498 Et
847 467 916 497 ideo

151 525 250 563 potest
264 523 353 553 aliter
364 522 440 559 dici,
458 521 542 561 quod
564 521 671 551 nullus
685 521 718 550 in
742 520 848 559 aliqua
864 521 915 550 in-

150 576 297 606 firmitate
315 574 517 613 inungendus
536 576 598 611 est,
615 574 677 603 nisi
699 582 770 603 cum
796 582 915 612 praesu-

152 628 250 659 mitur
265 627 302 658 ad
319 628 440 658 exitum
457 626 714 666 appropinquare
731 637 736 656 :
754 629 784 655 et.
798 626 856 656 hoc
872 628 918 655 est

150 690 190 712 ex
214 681 407 711 infirmitatis
422 680 671 719 aggravatione,
689 688 783 718 quem
800 681 918 709 statum

1684 201 1737 228 147

971 260 1084 287 natura
1108 258 1161 289 diu
1191 260 1346 289 sustinere
1369 269 1433 290 non
1457 264 1572 300 potest,
1598 263 1663 294 imo
1686 268 1742 295 aut

971 310 1078 348 vincit,
1097 312 1152 341 aut
1176 311 1323 342 vincitur.
1347 312 1379 343 Si
1408 322 1485 353 ergo
1510 314 1658 347 infirmus
1676 326 1742 348 non

973 362 1136 399 moriatur,
1153 363 1204 393 sed
1222 363 1339 394 diutius
1358 365 1455 403 vivat,
1477 368 1527 404 et,
1546 367 1571 397 si
1585 377 1649 399 non
1668 378 1743 408 per-

972 414 1048 444 fecte
1060 417 1198 453 curetur,
1209 418 1337 446 curetur
1348 416 1385 456 (α)
1408 420 1513 448 tamen
1522 419 1628 460 aliquo
1650 421 1743 452 modo

973 468 1011 496 ab
1027 468 1202 498 intensione
1228 469 1348 506 moi-1313
1372 470 1441 500 ideo
1458 472 1532 510 quia
1550 473 1585 512 (b)
1607 474 1744 504 venialia

974 520 1089 550 iterum
1107 521 1359 561 redirepossuut,
1370 523 1394 552 si
1406 523 1439 562 (c)
1450 524 1566 555 iterum
1577 526 1744 557 infirmitas

974 573 1143 612 corporalis
1159 577 1355 612 aggravetur
1373 575 1427 614 (st),
1444 576 1514 606 ideo
1529 580 1628 616 potest
1645 581 1675 608 et
1690 579 1744 608 de-

976 626 1027 656 bet
1051 629 1281 657 sacramentum
1302 628 1460 659 unctionis
1484 629 1599 661 iterari.
1636 631 1672 661 Et
1702 632 1745 662 sic

976 682 1059 719 patet
1074 680 1235 719 responsio
1251 681 1287 711 ad
1299 681 1430 720 objecta.

606 825 1054 872 DISTINCTIO
1106 828 1293 873 XXIV

747 940 782 960 DE
807 939 1003 961 SACRAMENTO
1027 940 1155 961 ORDINIS.

865 1051 980 1087 PARS
1014 1053 1036 1087 I.

340 1142 377 1162 DE
404 1140 601 1162 SACRAMENTO
628 1140 762 1167 0RD1NIS‚
791 1141 936 1170 QUANTUM
964 1142 1002 1161 AD
1028 1141 1083 1169 ΕΑ,
1112 1142 1178 1167 QL'AE
1205 1143 1252 1163 AD-
1271 1143 1356 1165 lLLUD
1383 1144 1562 1167 DISPONUNT.

204 1220 299 1253 Nunc
323 1221 361 1253 ad
386 1221 675 1253 considerationem
698 1231 794 1253 sacrae
820 1220 1033 1253 ordinationis
1056 1222 1256 1254 accedamus,
1275 1223 1403 1266 Septem
1430 1228 1506 1257 sunt
1524 1224 1746 1269 spiritualium

161 1277 343 1310 officiorum
360 1278 502 1321 gradus,
519 1278 586 1310 sive
601 1277 750 1318 ordines,
770 1278 851 1309 sicut
867 1289 906 1310 ex
930 1282 1116 1310 sanctorum
1139 1279 1274 1312 Patrum
1300 1280 1391 1313 dictis
1414 1285 1523 1325 aperte
1544 1283 1699 1324 traditur,
1716 1290 1748 1316 et

160 1335 273 1379 capitis
287 1335 388 1367 nostri
403 1361 410 1376 ‚
427 1333 548 1367 scilicet
564 1334 638 1367 Jesu
657 1334 797 1375 Christi,
816 1335 965 1378 exemplo
984 1340 1205 1377 monstratur,
1220 1338 1278 1380 qui
1294 1338 1442 1371 omnium
1459 1339 1567 1372 officia
1581 1340 1615 1372 iu
1637 1345 1748 1373 semet-

160 1392 229 1436 ipso
245 1392 393 1425 exhibuit
406 1419 413 1433 ‚
431 1396 462 1425 et
476 1392 604 1436 corpori
619 1404 677 1424 suo
691 1418 699 1433 ,
716 1393 803 1436 quod
829 1397 875 1424 est
896 1392 1036 1425 Ecclesia
1048 1419 1055 1433 ,
1074 1394 1201 1426 eosdem
1218 1395 1348 1427 ordines
1363 1396 1582 1430 observandos
1603 1399 1744 1443 reliquit.

160 1451 167 1465 ¹
189 1449 343 1493 «Septem
361 1454 469 1482 autem
484 1454 560 1482 sunt
580 1453 711 1493 propter
726 1450 946 1493 septiformem
966 1451 1103 1493 gratiam
1120 1452 1220 1483 sancti
1235 1452 1388 1495 Spiritus,
1408 1453 1500 1496 cujus
1515 1455 1573 1498 qui
1589 1466 1654 1487 non
1671 1460 1748 1488 sunt

160 1507 349 1551 participeS,
368 1507 407 1539 ad
424 1506 544 1549 gradus
569 1506 798 1539 ecclesiasticos
820 1507 955 1550 indigne
979 1507 1145 1540 accedunt.
1170 1509 1223 1540 Illi
1246 1520 1344 1551 vero,
1363 1510 1396 1542 in
1416 1522 1558 1554 quorum
1582 1513 1749 1546 mentibus

161 1564 280 1597 diffusa
294 1569 341 1597 est
355 1564 552 1608 septiformis
566 1564 671 1607 gratia
686 1563 827 1608 Spiritus
849 1565 962 1605 sancti,
979 1576 1053 1597 cum
1069 1565 1108 1597 ad
1124 1566 1352 1599 ecclesiasticos
1373 1567 1503 1600 ordines
1524 1569 1695 1611 accedunt,
1714 1570 1748 1602 in

161 1621 229 1665 ipsa
244 1622 422 1666 spiritualis
436 1622 555 1663 gradus
570 1621 773 1665 promotione
788 1622 979 1665 ampliorem
995 1623 1132 1664 gratiam
1150 1623 1312 1667 percipere
1327 1624 1517 1658 creduntur.
1536 1639 1551 1656 »

208 1679 335 1712 «Tales
359 1683 465 1711 autem
483 1686 493 1700 ‘-‘
508 1679 545 1711 ad
572 1678 791 1711 ministerium
816 1679 985 1722 spirituale
1011 1680 1152 1722 eligendi
1177 1684 1253 1713 suut
1276 1681 1402 1722 clerici,
1425 1683 1483 1726 qui
1508 1684 1605 1726 digne
1627 1686 1749 1729 possint

162 1736 324 1769 dominica
338 1740 536 1769 sacramenta
552 1740 698 1768 tractare.
723 1736 841 1768 Melius
866 1740 912 1768 est
937 1737 1023 1769 enim
1049 1738 1196 1781 episcopo
1211 1749 1329 1781 paucos
1351 1739 1470 1772 habere
1486 1741 1652 1775 ministros
1666 1769 1674 1784 ,
1691 1744 1749 1788 qui

165 1794 286 1838 possint
299 1794 396 1837 digne
411 1805 493 1838 opus
507 1793 566 1825 Dei
582 1804 729 1826 exercere
744 1819 752 1834 ,
769 1805 867 1837 quam
885 1794 1019 1827 inutiles
1032 1820 1040 1834 ‚
1057 1795 1115 1838 qui
1131 1795 1310 1827 ordinatori
1332 1806 1430 1838 grave
1446 1808 1529 1830 onus
1543 1799 1711 1833 inducant.
1730 1815 1745 1833 >³

163 1852 256 1885 Tales
271 1851 355 1885 enim
372 1852 461 1884 decet
476 1862 542 1883 esse
558 1851 724 1884 ministros
738 1851 876 1889 Christi,
893 1852 951 1894 qui
975 1852 1155 1895 septiformi
1181 1853 1292 1895 gratia¹
1316 1852 1458 1896 Spiritus
1485 1856 1586 1888 sancti
1609 1857 1675 1889 sint
1696 1858 1751 1891 do—

163 1910 253 1942 cori:
281 1921 318 1942 ex
344 1920 485 1953 quorum
509 1908 672 1949 doctrina,
691 1913 722 1940 et
745 1909 999 1941 conversationis
1021 1909 1147 1950 forma,
1174 1910 1285 1942 eadem
1308 1911 1412 1952 gratia
1431 1911 1465 1943 in
1489 1913 1561 1945 aliis
1586 1916 1752 1948 transfun-

165 1966 301 2007 dantur,
318 1977 358 1998 ne
381 1966 524 1998 coelestes
548 1965 741 2007 margaritas
761 1967 770 1983 ³
790 1965 1011 2009 spiritualium
1036 1966 1212 1999 verborum
1233 1993 1239 2006 ‚
1267 1967 1516 2013 officiorumque
1540 1970 1749 2015 divinorum,

166 2023 303 2056 sordidae
318 2023 393 2056 vitae
406 2022 542 2067 pedibus
555 2022 755 2055 conculcent.
774 2022 809 2054 In
829 2028 1030 2056 sacramento
1048 2034 1124 2066 ergo
1140 2024 1336 2068 septiformis
1357 2025 1433 2068 spiri
1441 2030 1509 2067 tus,
1534 2032 1655 2072 septem
1676 2035 1753 2062 sunt

166 2081 286 2124 gradus
300 2080 524 2121 ecclesiastici,
541 2079 660 2112 scilicet
683 2079 815 2112 Ostiarii
829 2105 837 2121 ‚
856 2080 1023 2121 Lectores,
1046 2081 1220 2114 Exorcistae
1235 2107 1243 2122 ,
1268 2081 1418 2126 Acolyti,
1443 2083 1659 2126 Subdiaconi,
1677 2086 1753 2119 Dia-

166 2139 260 2180 coni,
277 2138 488 2171 Sacerdotes:
512 2149 623 2170 omnes
647 2141 755 2170 tamen
782 2138 890 2171 clerici
905 2143 1079 2180 vocantur,
1102 2139 1134 2171 id
1158 2143 1225 2180 est,
1248 2139 1364 2171 sortiti.
1390 2139 1516 2173 Corona
1541 2142 1628 2175 enim
1645 2143 1754 2187 signa-

167 2197 278 2229 culum
303 2201 370 2238 est,
395 2208 460 2240 quo
482 2196 689 2239 assignantur
714 2196 747 2227 in
773 2200 896 2239 partem
922 2197 1016 2228 sortis
1040 2196 1213 2229 ministerii
1240 2197 1357 2230 divini.
1383 2198 1511 2232 Corona
1535 2201 1642 2243 regale
1657 2201 1755 2234 decus

169 2254 349 2297 significat,
364 2254 443 2298 quia
458 2253 579 2287 servire
594 2253 660 2285 Deo
678 2264 813 2295 regnare
837 2257 894 2285 est.
913 2252 1007 2285 Unde
1030 2254 1172 2286 ministri
1188 2254 1338 2288 Ecclesiae
1362 2267 1452 2299 reges
1472 2268 1538 2289 esse
1562 2257 1702 2301 debent,
1720 2265 1756 2292 ut

169 2322 213 2354 se,
224 2316 255 2344 et
270 2312 350 2344 alios
363 2315 489 2353 regant,
503 2311 623 2355 quibus
638 2311 755 2343 Petrus
769 2310 814 2343 ait
826 2312 850 2342 '‘:
874 2312 932 2343 Vos
946 2311 1022 2343 estis
1037 2322 1137 2354 qemcs
1154 2312 1308 2352 electum,
1322 2314 1430 2357 reqale
1440 2314 1679 2355 sacerdotium,
1694 2321 1753 2349 etc.

170 2373 179 2388 ⁶
198 2382 214 2401 «
225 2368 404 2402 Summitas
418 2368 530 2412 capitis
546 2368 684 2412 desuper
698 2368 861 2410 nudatur,
883 2371 920 2399 ut
943 2379 1056 2401 eorum
1070 2380 1159 2401 mens
1174 2370 1213 2401 ad
1231 2370 1407 2403 Dominum
1420 2371 1522 2404 libera
1538 2377 1753 2415 monstretur,

170 2437 242 2470 quae
256 2429 266 2445 ὃ
283 2427 428 2460 revelata
448 2426 538 2470 facie
553 2426 692 2469 (florium
718 2426 778 2458 Dei
799 2426 1036 2469 contempletur
1053 2438 1062 2457 :
1079 2427 1248 2458 summitas
1272 2427 1359 2460 enim
1383 2428 1495 2472 capitis
1519 2434 1566 2462 est
1581 2430 1757 2464 eminentia

206 2534 210 2546 ¹
223 2533 298 2563 tlug„
309 2533 351 2557 lib.
368 2534 397 2561 ll,
415 2540 439 2563 p.
458 2534 498 2563 lli,
512 2541 533 2556 e.
546 2539 618 2555 1v.—
630 2533 639 2548 ²
653 2533 732 2562 lilii-vl.
746 2539 775 2562 11,
788 2532 821 2555 ml
833 2532 916 2555 Jacob.
932 2532 1008 2562 fratr.
1026 2533 1107 2561 Dona,
1120 2533 1165 2555 sub
1181 2533 1286 2556 nomine
1298 2534 1435 2558 Clementis
1450 2535 1544 2565 (Labb.
1560 2536 1642 2568 Cone„
1659 2539 1719 2561 tom.
1738 2539 1756 2568 l,

173 2568 225 2619 colb
240 2568 323 2626 ¹1:313:AE
332 2568 489 2627 etnuapfgtur,
504 2568 559 2605 dist.
577 2573 651 2594 xxlu.
667 2574 689 2591 c.
708 2567 784 2590 Tales.
798 2580 827 2585 —
842 2567 852 2582 ³
867 2567 966 2597 Manli„
985 2573 1030 2596 iu,
1047 2568 1070 2590 G.
1084 2580 1112 2584 —
1129 2567 1137 2582 ⁴
1153 2568 1159 2590 Ι
1180 2567 1257 2597 Potin,
1273 2574 1301 2597 11,
1318 2570 1339 2591 9.
1355 2582 1383 2585 —
1398 2570 1407 2585 ⁶
1423 2570 1499 2600 Hug.>
1518 2571 1559 2595 lib.
1578 2572 1606 2601 ΙΙ,
1623 2579 1648 2602 p.
1665 2579 1681 2603 ι,
1701 2580 1723 2596 e.
1741 2580 1758 2596 ι.

173 2616 203 2620 -
327 2620 342 2631 .,
389 2621 397 2634 ,
444 2621 449 2626 .

208 2661 237 2687 (a)
255 2655 314 2680 Coel.
329 2655 388 2680 edil.
402 2658 511 2691 curatus.
525 2669 549 2672 —
564 2654 593 2685 (ὁ,
611 2655 682 2679 Item.
696 2653 757 2684 quia
769 2653 837 2678 ideo.
849 2666 879 2672 ——
895 2655 924 2683 (c)
937 2654 996 2677 Item
1012 2656 1044 2678 et.
1056 2666 1085 2672 —-
1103 2654 1139 2683 (d)
1154 2654 1215 2678 Item
1230 2658 1390 2685 aggravatur.

1768 1704 1846 1728 Quales

1769 1740 1876 1754 assumem-

1769 1765 1790 1785 di
1797 1765 1838 1785 siut
1847 1765 1873 1784 ad

1770 1796 1861 1816 clerum.

1773 2046 1804 2067 lie
1816 2049 1858 2066 ton⁴

1773 2083 1828 2097 ΞΙΙΙῚ.
