1991 3006
783 235 895 266 LtRFR
923 236 1077 267 PRIMUS.

128 301 190 333 Nec
210 303 372 342 praeeunte
391 304 497 333 tamen
520 302 579 333 sibi
602 302 701 339 velle,
727 301 777 333 vel
800 302 895 333 adve-

207 355 324 386 niente.

358 431 578 462 DISTINCTIO
599 430 664 462 VII.

177 502 225 529 Hic
240 504 369 536 quaeritur
383 511 419 529 an
433 504 514 530 Pater·
525 504 660 537 potuerit,
676 503 718 529 vel
732 503 848 530 noluerit

400 548 504 582 pignere
518 547 627 574 Filium.

265 620 311 643 Hic
326 620 404 651 quaeri
417 620 480 644 solet
495 627 510 644 a
525 620 676 650 quibusdam
687 639 693 650 ,
709 622 757 644 etc.

168 676 205 706 Et
215 676 314 707 voluit
328 676 431 714 Pater,
443 679 473 707 et
485 678 586 717 potuit
594 677 709 708 Natum
725 685 895 716 generare;

127 729 189 760 Nec
204 730 319 767 voluit,
336 730 390 760 sed
403 739 460 761 nec
476 731 577 770 potuit
590 733 684 761 natus
699 738 864 768 generare.

128 783 234 814 Altera
255 783 444 823 proprietas,
469 783 521 814 sed
549 784 587 823 (a)
610 786 640 814 et
661 784 753 814 unica
777 792 897 823 parque

208 839 361 876 potestas,

128 889 195 926 Qua
209 899 363 929 generare
378 892 477 931 potest
493 890 595 928 Pater,
613 893 643 921 et.
658 893 751 921 natus
766 899 900 930 genera—

207 945 269 974 tus.

127 995 189 1027 Nec
204 996 295 1027 Pater
309 997 369 1027 hoc
383 998 495 1036 major.
513 999 646 1029 natusve
662 998 766 1028 minor
781 997 898 1028 refera-

208 1052 271 1080 tur.

245 1102 248 1105 ’
351 1111 568 1143 11511Νο110
591 1111 671 1143 vin.

129 1189 165 1215 De
188 1189 310 1219 veritate,
334 1190 356 1214 et
376 1189 550 1222 proprietate,
571 1190 594 1215 et
614 1189 900 1222 incommutabilitate,

275 1234 300 1258 ec
315 1233 492 1267 simplicitate
507 1233 607 1259 divinoe
622 1234 751 1260 essentioe.

228 1311 300 1335 Nunc
315 1311 345 1335 de
358 1311 462 1336 veritate
472 1331 478 1342 ,
493 1312 545 1335 sive
558 1312 726 1343 proprietate,
745 1314 793 1336 etc.

169 1369 196 1400 A
205 1378 262 1408 per
274 1378 304 1401 se
316 1370 448 1407 stando,
465 1369 545 1400 Deus
559 1372 605 1400 est
618 1370 796 1401 substantia
811 1379 900 1407 vere;

130 1422 199 1453 Non
214 1433 232 1454 a
245 1424 431 1462 substando,
447 1434 521 1455 cum
538 1424 626 1454 nullo
642 1425 738 1464 possit
753 1433 857 1464 egere.

130 1475 200 1507 Non
216 1477 421 1516 permiscetur
438 1487 444 1507 t
462 1477 536 1507 hinc
551 1486 676 1508 summe
691 1486 786 1508 verus
801 1478 900 1509 habe-

209 1533 274 1567 tur,

130 1583 208 1613 Cum
222 1593 280 1614 nec
295 1585 447 1622 mutetur,
463 1584 634 1614 immobilis
653 1593 720 1615 esse
740 1585 899 1624 probetur.

130 1636 323 1676 Simplicitas
337 1646 464 1668 summa
482 1637 540 1668 soli
564 1646 690 1668 summo
710 1638 900 1678 proprietur,

131 1689 172 1719 De
187 1698 251 1729 quo
265 1698 331 1720 non
345 1690 472 1729 proprie
487 1690 631 1720 dicentur
647 1691 827 1729 categoriae.

130 1741 338 1782 Temporibus
354 1742 441 1773 verbi
457 1742 580 1772 duratio
599 1742 808 1781 significatur,

131 1796 207 1833 Quae
222 1805 285 1827 non
304 1796 447 1836 incoepit,
464 1798 494 1826 et
509 1805 633 1836 semper
648 1797 862 1828 continuatur.

129 1848 209 1880 Nam
225 1849 359 1889 simplex
369 1852 430 1887 051,
447 1849 491 1879 510
502 1849 585 1879 iden]
601 1849 683 1889 quod
698 1849 808 1887 habet,
820 1851 902 1890 quod

211 1905 242 1933 et
255 1903 316 1933 hoc
330 1905 388 1933 est.

132 1956 195 1987 Nec
209 1956 307 1987 Natus
329 1955 420 1987 Pater
434 1959 479 1987 cst
495 1956 544 1995 (b),
561 1956 600 1987 ad
616 1955 739 1987 Patrem
763 1965 838 1987 vero
854 1966 901 1987 re-

211 2010 320 2041 fertur.

372 2086 586 2118 DlSTlNCTIO
614 2086 663 2117 IX.

221 2157 258 2183 De
273 2156 447 2183 distinctione
464 2157 545 2183 trium
562 2163 752 2191 personarum,
769 2158 815 2182 etc.

225 2227 297 2251 Nunc
313 2227 345 2250 ad
359 2226 546 2250 distinctionem
564 2233 745 2257 personarum,
759 2229 806 2250 etc.

173 2277 227 2308 Est
240 2277 320 2308 atius
335 2277 357 2308 F
360 2277 452 2315 latus,
467 2278 546 2308 atius
562 2277 663 2315 Pater,
676 2280 705 2307 et
722 2277 903 2309 Generatus.

134 2330 194 2362 Sed
209 2330 235 2360 si
249 2330 370 2362 dicetur
385 2330 470 2362 aliud
486 2330 587 2368 Pater,
605 2330 665 2361 hoc
680 2332 877 2371 reprobetur.

137 2384 194 2415 Per
207 2386 357 2416 neutrum
374 2386 487 2416 natura
500 2384 600 2415 tribus
617 2384 796 2415 communis
809 2385 905 2415 habe-

213 2439 266 2468 tur
284 2448 290 2467 :

134 2489 192 2521 Per
212 2492 428 2530 neutrumque
449 2500 567 2530 genus⁷
590 2492 725 2522 essentia
744 2491 903 2531 signitica-

214 2546 277 2574 tur.

135 2598 287 2638 Quodque
303 2600 468 2630 coaeternae
484 2599 546 2629 sint
561 2607 705 2639 personae
720 2600 884 2630 referetur.

134 2651 231 2683 Filius
245 2655 291 2683 est
305 2655 399 2684 natus
413 2662 547 2693 semper,
566 2662 639 2684 cum
653 2653 834 2692 perficiatur
843 2656 864 2683 ¹.

167 2716 174 2731 ¹
188 2715 213 2739 td
227 2717 274 2743 est,
293 2716 420 2746 perfectus
435 2715 476 2739 sit.

1668 248 1725 276 6⁶27

956 302 1101 334 Nascitur
1116 306 1146 334 et
1163 314 1298 345 semper,
1314 307 1465 346 quoniam
1480 308 1596 340 durare
1611 311 1725 350 proba-

1034 359 1096 387 tur.

1205 425 1419 458 nISTlNGTlO
1441 428 1477 459 X.

954 497 1005 523 Hic
1027 497 1056 523 cle
1079 497 1186 532 Spiritu
1208 503 1300 526 sancto
1315 502 1429 534 agitur:
1452 504 1474 528 et
1494 504 1582 537 prius,
1600 504 1671 538 quod
1691 506 1728 531 sit

1120 550 1194 569 amor
1205 544 1296 570 Patris
1314 548 1337 571 et
1351 545 1434 577 Filii,
1451 545 1560 574 dicitur.

1064 619 1134 644 Nune
1149 627 1210 645 vero
1225 624 1282 652 post
1298 622 1351 646 Filii
1373 624 1556 655 aeternitatem,
1570 627 1618 650 etc.

996 677 1033 708 Ut
1044 678 1170 718 proprie
1180 681 1274 710 natus
1286 681 1438 720 sapientia
1450 691 1577 714 summa
1585 686 1726 723 vocatur,

957 731 1102 770 ingenito
1117 732 1212 763 simul
1233 735 1263 763 01
1278 734 1386 772 genito
1401 736 1580 767 communis
1595 737 1730 769 habetur

957 783 1092 824 Spiritus
1107 794 1114 815 :
1133 785 1207 816 111110
1224 787 1336 817 merito
1353 787 1476 819 dilectio
1495 799 1621 821 summa
1635 800 1728 822 voce-

1035 841 1098 869 tur.

1198 902 1413 935 DISTINCTIO
1437 904 1487 935 Xl.

960 964 1176 1009 QuoclSpiritus
1195 978 1302 1003 sanctus
1320 977 1442 1012 procedit
1455 987 1472 1005 α
1487 979 1581 1012 Patre,
1601 983 1625 1007 ec
1647 982 1729 1009 Filio.

1075 1053 1120 1077 Hic
1135 1053 1270 1078 [licendum
1284 1055 1404 1086 Spiritum
1418 1058 1532 1081 sanctum
1542 1076 1550 1088 ‚
1566 1060 1614 1082 etc.

998 1106 1127 1137 Flamen
1142 1107 1181 1137 ab
1198 1107 1341 1147 ingenito
1354 1110 1523 1149 procedere
1537 1121 1601 1143 non
1614 1112 1733 1144 dubite-

1038 1162 1100 1196 tur,

958 1212 995 1243 Et
1011 1213 1105 1243 simul
1120 1222 1139 1243 a
1154 1213 1273 1253 Genito‚
1289 1214 1361 1246 licet
1371 1225 1390 1246 a
1404 1216 1518 1248 Graecis
1533 1219 1730 1258 reprobetur.

1187 1326 1404 1360 DISTINCTIO
1432 1329 1497 1361 XII.

962 1402 1051 1429 Utrum
1067 1403 1186 1438 Spiritus
1202 1407 1309 1431 sanctus
1322 1407 1414 1440 prius,
1430 1408 1472 1434 vel
1484 1408 1593 1442 plenius
1606 1410 1734 1444 procedat

1166 1456 1182 1475 α
1196 1449 1275 1476 Patre
1286 1471 1293 1480 ,.
1310 1458 1390 1484 quam
1405 1459 1422 1478 a
1436 1451 1520 1478 Filio.

984 1528 1045 1551 ltem
1058 1528 1192 1559 quaeritur,
1205 1536 1263 1553 cum
1278 1530 1385 1560 Spiritus
1395 1533 1497 1555 sanctus
1511 1533 1631 1563 procedat
1639 1552 1647 1565 ‚
1664 1536 1712 1559 etc.

999 1590 1042 1621 Ne
1057 1591 1145 1630 prius
1159 1600 1177 1621 a
1193 1591 1284 1622 Patre
1299 1594 1468 1632 procedere
1484 1593 1625 1626 Pncuma
1640 1599 1731 1636 pute-

1040 1646 1103 1681 tur,

959 1696 1061 1733 Quam
1077 1697 1313 1737 Primogenito,
1330 1709 1387 1730 seu
1401 1701 1538 1740 plenius,
1554 1702 1613 1733 1100
1629 1712 1734 1735 remo-

1038 1752 1143 1787 vetur,

960 1802 1124 1842 Tempore,
1141 1803 1191 1834 vel
1208 1813 1313 1842 causa,
1332 1806 1383 1836 vel
1411 1807 1548 1846 origine.
1573 1808 1732 1849 8115011113-

1038 1858 1091 1886 1111
1107 1857 1141 1895 (c)

960 1907 1023 1938 Hac
1046 1909 1078 1938 in
1100 1911 1187 1948 parte
1207 1911 1293 1950 prius
1313 1912 1412 1950 aliter,
1436 1913 1527 1944 Pater
1547 1917 1658 1946 auctor
1676 1916 1734 1946 ha-

1040 1962 1142 1992 betur.

960 2013 1058 2054 AEque
1074 2014 1214 2047 pneuma
1224 2026 1350 2057 quoque
1360 2019 1399 2049 sit
1409 2020 1580 2059 procedens
1593 2021 1632 2052 ab
1649 2023 1735 2054 utro-

1039 2077 1110 2107 que.

1189 2141 1405 2175 DISTINCTIO
1427 2143 1508 2175 Xlll.

962 2215 1048 2247 Quare
1063 2216 1182 2250 Spiritus
1195 2220 1302 2245 sanctus
1311 2239 1319 2252 ‚
1339 2227 1397 2245 cum
1414 2221 1449 2246 sit
1465 2220 1496 2246 dc
1511 2220 1666 2248 substancia
1682 2223 1734 2250 Pa-

997 2261 1060 2292 tris,
1072 2268 1124 2287 non
1139 2261 1249 2288 dicatur
1269 2263 1372 2296 penitus
1382 2283 1390 2297 ,
1410 2264 1450 2290 vel
1464 2264 1552 2298 filius,
1567 2264 1613 2290 sed
1629 2268 1732 2293 tantum

995 2304 1146 2338 procedere.

1026 2384 1082 2408 Post
1098 2384 1152 2408 11100
1169 2385 1381 2411 considerandum
1396 2390 1449 2420 est,
1465 2393 1587 2420 quantum
1600 2409 1606 2421 ,
1622 2395 1668 2418 etc.

1004 2441 1185 2480 ingenitum
1205 2443 1329 2475 Flatum
1349 2454 1413 2477 non
1427 2446 1511 2479 dices
1526 2451 1580 2480 aut
1600 2459 1734 2489 genera-

1042 2497 1120 2526 tum.

964 2547 1042 2578 Nam
1060 2548 1184 2580 Patrem
1200 2552 1365 2590 geminum
1381 2554 1507 2593 faceres,
1527 2558 1638 2587 natum
1653 2567 1733 2598 quo-

1042 2612 1105 2643 que
1118 2604 1240 2636 binum.

994 2687 1027 2711 (a)
1047 2684 1106 2706 Cael.
1120 2684 1179 2707 edit.
1198 2692 1243 2709 sic.
1256 2699 1286 2704 —
1297 2686 1329 2715 (b,
1344 2688 1404 2712 c'aet.
1419 2688 1480 2711 edit.
1502 2689 1553 2713 Nec
1571 2691 1644 2715 Patr-1·
1660 2691 1734 2716 Filius

961 2717 1048 2742 fertur.
1064 2732 1094 2736 —
1111 2723 1138 2749 (c)
1159 2721 1324 2751 suscipietur.
