1991 3006
182 191 239 219 120

181 257 232 295 gis
248 256 395 293 ingratus
405 254 569 293 judicatur
583 262 650 284 esse
665 264 671 284 t
687 255 717 284 et
732 261 788 293 pro
802 254 889 282 tanto
902 251 948 282 di-

180 309 271 346 citur,
284 308 368 348 quod
378 308 470 338 dehet
482 316 538 346 pro
550 307 698 337 omnibus
708 306 827 345 gratias
839 313 948 343 agere,

180 372 244 393 non
255 362 298 392 ita
307 361 391 401 quod
404 370 459 400 pro
469 360 611 400 quolibet
620 360 746 390 divisim
759 368 849 390 suam
861 368 950 398 opor-

180 419 222 447 tet
232 415 411 455 gratiarum
420 414 574 445 actionem
585 414 734 444 exhibere
746 424 752 450 ;
766 413 819 442 sed
831 414 950 452 quanto

179 469 270 509 plura
285 468 419 504 fuerint,
440 467 544 506 magis
562 469 709 497 accusant
729 467 891 505 ingratum
912 465 949 495 de

180 520 424 561 ingratitudine,
449 522 480 551 et
503 521 619 551 faciunt
641 520 780 558 dignum
806 520 950 558 increpa-

180 576 274 606 tione.

501 632 567 653 nen.
592 632 635 652 111.

207 690 270 719 Quia
289 691 393 721 propter
411 689 617 720 ingratitudinem
635 689 668 712 ita
684 695 743 712 reus
763 690 787 711 et
805 689 923 718 peccator

366 725 534 751 constituitur,
553 727 579 748 ut
596 726 653 748 aute
671 724 762 747 fuerat.

220 789 380 825 Quaeritur
398 788 449 818 hie
463 789 571 818 utrum
587 787 647 817 ista
660 785 856 825 ingratitudo
871 784 952 815 dica-

180 844 232 871 tur
248 850 351 880 genus
366 840 498 881 peccati,
517 839 566 871 vel
582 838 818 869 circumstantia
833 847 840 867 ε
858 837 883 867 si
899 846 952 876 ge-

135 888 141 893 *
180 903 250 932 nus,
260 894 466 924 videturtunc
473 892 556 932 quod
566 891 740 922 necessario
749 890 879 930 quilibet
888 900 954 929 pec-

180 950 227 977 cet
248 947 363 987 duplici
385 955 502 985 genere
522 945 640 985 peccati
661 945 694 974 in
714 944 855 984 quolibet
877 952 952 983 pec-

180 1004 269 1038 cato,
295 1000 369 1040 quia
391 1000 520 1039 quilibet
544 999 713 1028 immemor
738 999 783 1027 est
807 996 952 1026 beneficii

179 1054 307 1093 accepti⁷
320 1063 392 1084 cum
407 1053 506 1083 Deum
517 1051 664 1088 offendit3
679 1051 703 1079 si
715 1049 951 1080 circumstantia

181 1106 294 1143 solum,
312 1115 376 1136 non
389 1106 516 1137 videtur
528 1105 571 1135 ita
583 1112 766 1143 aggravare
776 1105 950 1142 peccatum.

182 1159 258 1190 Item
280 1160 406 1190 videtur
426 1159 510 1199 quod
532 1168 595 1189 non
617 1160 741 1188 tantum
762 1156 801 1185 sit
823 1156 954 1186 eircum-

182 1213 315 1250 stantia,
340 1213 415 1252 quia
431 1212 608 1251 gratiarum
630 1211 709 1241 actio
725 1211 771 1239 est
785 1211 873 1239 actus
889 1209 952 1239 vir-

182 1266 275 1301 tutis,
299 1275 371 1305 quae
386 1268 432 1295 est
452 1265 635 1304 gratitudo:
661 1273 738 1302 ergo
758 1262 955 1301 ingratitudo

184 1322 229 1348 est
244 1319 377 1358 speciale
394 1318 518 1348 vitium.

224 1372 313 1412 Resp.
333 1372 506 1403 Dicendum
522 1371 605 1411 quod
619 1370 657 1400 ad
672 1370 732 1400 hoc
744 1369 828 1409 quod
842 1368 955 1408 aliquis

183 1427 222 1456 sit
248 1435 320 1457 vere
346 1429 476 1465 gratus,
508 1426 570 1455 duo
595 1425 814 1464 requiruntur,
840 1423 955 1452 scilicet,

183 1480 266 1520 quod
282 1489 340 1519 pro
354 1480 422 1509 loco
438 1481 467 1509 et
489 1481 631 1518 tempore
646 1477 685 1507 sit
701 1485 822 1507 memor
837 1476 955 1506 benefi-

183 1533 306 1563 ciorum
331 1533 368 1563 ad
395 1532 514 1571 gratias
544 1530 727 1569 agendum,
754 1532 784 1559 et
808 1529 890 1568 quod
916 1529 956 1559 sit

183 1587 348 1625 promptus
371 1585 409 1615 ad
435 1584 673 1624 obsequendum
705 1585 734 1613 et
762 1582 956 1613 reddendum

184 1638 305 1668 bonum
320 1647 375 1678 pro
392 1638 485 1668 bono.
510 1637 663 1668 Similiter
684 1635 878 1675 ingratitudo
896 1635 953 1665 du-

184 1691 304 1730 pliciter
319 1691 453 1721 dicitur:
476 1699 540 1720 uno
560 1690 653 1720 modo
675 1689 792 1719 oblivio
814 1688 957 1719 beneficii

185 1753 257 1774 cum
273 1745 456 1783 contemptu
468 1767 475 1780 ‚
498 1746 610 1783 utputa
625 1742 750 1782 quando
766 1744 811 1771 est
826 1741 912 1772 locus
927 1744 957 1771 et

186 1800 310 1836 tempus
326 1797 441 1836 agendi
455 1797 585 1836 gratias,
603 1798 633 1826 et
647 1795 910 1834 recognoscendi3
928 1797 958 1825 et

186 1851 229 1881 sie
237 1852 281 1881 est
290 1852 452 1890 peceatum
460 1850 593 1890 speciale
601 1852 785 1880 contentum
796 1848 856 1878 sub
865 1848 959 1878 omis-

186 1904 284 1933 sione.
301 1903 371 1933 Alio
386 1904 479 1933 modo
494 1903 608 1933 dieitur
624 1903 788 1941 ingratus,
807 1902 862 1941 qui
879 1901 959 1932 reci-

187 1957 232 1996 pit
246 1957 366 1987 bonum
382 1962 412 1987 et
426 1957 526 1987 reddit
543 1956 682 1993 malum;
707 1957 737 1985 et
752 1955 821 1985 haec
835 1956 882 1985 est
897 1955 957 1984 cir-

188 2010 378 2039 cumstantia
386 2010 515 2049 peccati,
528 2012 558 2039 et
566 2009 611 2039 sic
619 2009 705 2038 estin
717 2008 804 2037 omni
816 2009 956 2046 peccato3

189 2064 219 2092 et
242 2065 328 2092 tanto
353 2063 459 2101 magis
484 2071 671 2102 aggravans
685 2085 692 2097 ‚
722 2062 840 2100 quanto
863 2060 960 2090 homo

189 2114 280 2154 plura
295 2115 377 2146 bona
390 2115 538 2155 percepit.

400 2234 680 2268 ARTICULUS
711 2235 736 2266 l.

231 2329 279 2359 Ad
303 2329 544 2368 intelligentiam
572 2328 733 2369 praesentis
754 2327 962 2358 distinctionis

192 2381 252 2411 tria
266 2382 480 2421 principaliter
494 2385 683 2422 quaeruntur
698 2392 704 2411 2
722 2380 824 2420 primo
840 2380 961 2419 quaeri—

193 2438 256 2473 tur,
272 2437 428 2474 quantum
444 2436 483 2466 ad
497 2436 632 2475 primam
648 2436 769 2474 partem
781 2458 790 2471 ,
807 2434 844 2464 de
858 2434 961 2464 reditu

193 2488 328 2527 peccati3
349 2489 485 2519 secundo
505 2489 660 2528 quaeritur
675 2488 712 2518 de
728 2487 913 2527 poenitentia
928 2487 961 2516 in

225 2549 232 2564 ¹
254 2549 293 2579 Cf.
318 2552 344 2574 S.
368 2550 466 2579 Thom.y
493 2558 518 2580 p.
543 2551 589 2579 lll,
615 2557 638 2580 q.
664 2555 792 2578 Lxxxrui,
818 2550 864 2571 art.
889 2551 913 2578 ¹3
937 2551 961 2573 et

195 2584 225 2607 lV
246 2584 323 2614 Sent.‚
346 2585 402 2609 dist.
426 2592 495 2614 xxm,
519 2593 544 2615 q.
564 2591 584 2612 1,
608 2587 654 2608 art.
680 2587 708 2613 1;
730 2585 810 2612 ficet„
830 2584 860 2606 lv
885 2584 960 2611 elul„

193 2619 249 2642 «list.
270 2626 334 2649 xxu,
353 2628 377 2651 q.
400 2623 425 2650 t;
448 2621 574 2650 menard,
593 2621 622 2643 ιν
643 2622 709 2643 Seni.
728 2619 786 2642 dist.
803 2624 909 2648 xx11‚s[.
928 2625 959 2642 ii:

195 2655 315 2686 Dui·aud.‚
333 2657 362 2679 lV
382 2658 459 2685 seut„
476 2656 531 2680 dist.
547 2662 611 2683 nu,
630 2664 653 2686 q.
669 2661 692 2685 13
711 2656 800 2679 Frauc.
820 2654 849 2677 dc
868 2655 959 2684 Mayr.,

738 182 1012 216 SENTENTlARU
1020 183 1044 213 Μ
1069 181 1141 213 LlB.
1166 181 1215 211 lV.

1004 250 1126 281 ratione
1145 249 1351 286 sacramenti,
1376 251 1406 280 et
1427 249 1487 280 hoc
1500 251 1655 289 quantum
1670 250 1709 280 ad
1724 259 1772 281 se-

1004 304 1140 335 cundam
1166 305 1306 343 parterm
1332 302 1441 340 tertio,
1466 302 1504 332 ad
1530 302 1772 341 intelligentiam

1004 358 1100 388 totius
1114 357 1211 397 partis
1232 356 1454 396 praecedentis,
1481 355 1636 395 quaeritur
1651 355 1689 386 de
1703 364 1774 395 poe-

1005 410 1138 441 nitentia
1153 410 1184 439 in
1200 409 1320 439 ratione
1337 409 1544 439 fundamenti.
1561 408 1722 445 Quantum
1737 409 1774 440 ad

1005 464 1147 503 primum
1171 464 1361 502 quaeruntur
1383 462 1468 493 duo:
1495 462 1598 501 primo
1622 461 1778 501 quaeritur

1005 519 1115 547 utrum
1137 517 1262 555 peccata
1284 515 1413 545 redeant
1432 518 1588 555 quantum
1607 515 1647 546 ad
1665 523 1778 546 macu-

1006 569 1090 606 lam;
1114 568 1268 603 secundo,
1292 570 1402 599 utrum
1419 568 1548 599 redeant
1565 570 1722 608 quantum
1739 568 1778 598 ad

1007 624 1141 652 reatum.

1281 704 1458 741 QUAESTIO
1481 705 1505 735 1.

1008 800 1049 825 An
1061 799 1170 832 peccata
1180 797 1294 824 dimissa
1305 797 1415 824 redeant
1427 799 1557 831 quantum
1567 799 1603 825 ad
1615 799 1749 826 mucidam
1761 801 1777 825 ¹.

1049 888 1138 925 Quod
1154 890 1279 928 peecata
1297 888 1427 918 redeant
1446 890 1603 928 quantum
1618 889 1657 919 ad
1671 897 1779 920 macu-

1008 942 1070 972 lam
1083 964 1091 977 ‚
1107 942 1254 972 videtur²
1273 951 1280 971 :
1300 941 1445 973 Charitas
1464 942 1566 981 operit
1588 941 1780 974 multitudi-

1008 1003 1078 1026 nem
1100 997 1317 1035 peccat0r1mz,·
1338 995 1391 1024 sed
1413 997 1535 1025 remoto
1560 995 1778 1035 operimento,

1008 1050 1152 1078 remanet
1166 1050 1195 1078 et
1210 1050 1341 1088 apparet
1355 1048 1433 1078 illud
1455 1048 1537 1087 quod
1554 1049 1757 1088 operiebatur
1773 1060 1778 1078 :

1009 1101 1034 1131 si
1051 1110 1130 1139 ergo
1144 1104 1307 1141 peccatum
1326 1110 1460 1140 sequens
1482 1103 1624 1133 removet
1644 1102 1779 1132 charita-

1007 1156 1092 1192 tem,
1124 1154 1249 1184 videtur
1271 1154 1355 1194 quod
1379 1156 1504 1193 peccata
1528 1163 1584 1193 per
1608 1155 1710 1194 ipsam
1732 1155 1780 1186 dj-

1010 1208 1106 1237 missa
1129 1207 1202 1237 facit
1225 1208 1255 1236 in
1280 1209 1450 1246 conspeetu
1475 1207 1526 1237 Dei
1552 1216 1723 1247 apparere,
1751 1210 1782 1239 et

1010 1268 1088 1290 esse.

1050 1315 1079 1343 Ξ.
1106 1312 1181 1343 ltem
1195 1336 1203 1349 ‚
1226 1313 1305 1343 sicut
1320 1321 1353 1342 se
1367 1312 1462 1343 habet
1476 1313 1570 1352 culpa
1588 1313 1627 1344 ad
1647 1313 1779 1344 mortifi-

1011 1366 1148 1396 candum
1159 1390 1166 1399 ,
1192 1366 1234 1396 ita
1249 1375 1281 1396 se
1297 1365 1392 1396 habet
1406 1365 1543 1396 charltas
1559 1366 1599 1396 ad
1616 1366 1781 1397 vivifican-

1011 1420 1098 1457 dum,
1113 1422 1143 1450 et
1153 1428 1169 1450 e
1183 1429 1351 1456 converso;
1369 1419 1422 1449 sed
1437 1419 1572 1449 charitas
1586 1419 1784 1460 subsequens

1012 1473 1151 1503 viviticat
1172 1482 1268 1512 opera
1287 1481 1345 1502 sua
1364 1472 1451 1511 prius
1471 1472 1681 1503 mortificata:
1703 1482 1783 1512 ergo

1012 1525 1078 1564 pari
1094 1525 1214 1555 ratione
1230 1524 1322 1564 culpa
1341 1533 1476 1564 sequens
1490 1524 1563 1555 facit
1583 1525 1685 1556 redire
1700 1525 1784 1557 mala

1012 1578 1100 1618 prius
1115 1578 1224 1609 deleta.

1053 1634 1081 1662 3.
1105 1631 1182 1662 Item
1198 1631 1313 1671 peccati
1333 1630 1444 1661 deletio
1460 1633 1507 1661 est
1521 1630 1653 1662 effectus
1669 1631 1782 1671 gratiae

1013 1685 1236 1715 immediatus:
1263 1684 1316 1715 sed
1338 1686 1461 1714 remota
1480 1693 1575 1714 causa
1595 1684 1741 1724 proxima
1755 1687 1785 1715 et

1013 1737 1212 1775 immediata,
1236 1739 1418 1767 removetur
1436 1737 1586 1767 effectus:
1613 1746 1710 1776 ergo,
1734 1746 1786 1768 re-

1015 1793 1099 1821 mota
1116 1791 1229 1829 gratia,
1245 1791 1388 1830 privatur
1402 1789 1514 1820 deletio
1527 1789 1648 1829 culpae:
1665 1790 1692 1820 si
1705 1800 1785 1830 ergo

1014 1846 1175 1884 peecatum
1201 1844 1338 1883 gratiam
1353 1843 1477 1883 privat,
1499 1852 1555 1882 per
1573 1844 1665 1882 cujus
1679 1845 1784 1874 actum

1015 1900 1060 1928 est
1080 1897 1192 1927 deletio
1214 1897 1349 1936 peccati,
1374 1905 1453 1935 ergo
1473 1898 1598 1935 peccata
1613 1896 1719 1936 priora
1731 1906 1785 1928 re-

1016 1952 1145 1981 manent
1159 1950 1304 1980 indeleta.

1055 2005 1084 2033 4.
1108 2003 1186 2033 ltem
1200 2003 1260 2032 ista
1275 2002 1338 2032 duo
1353 2004 1444 2039 sunt,
1468 2011 1540 2041 quae
1561 2003 1689 2042 culpam
1708 2013 1786 2034 con-

1016 2057 1169 2093 stituunt,
1205 2055 1320 2086 scilicet
1343 2055 1542 2092 deformitas,
1569 2058 1600 2086 et
1623 2057 1784 2096 pronitas:

1016 2109 1068 2140 sed
1083 2108 1231 2149 possibile
1247 2110 1293 2138 est
1308 2110 1433 2147 peccata
1448 2108 1553 2147 priora
1569 2109 1670 2140 redire
1684 2118 1786 2149 quan-

1016 2165 1085 2193 tum
1110 2162 1150 2192 ad
1180 2161 1411 2192 deformitatem
1437 2163 1467 2191 et
1492 2161 1705 2201 pronitatem:
1735 2172 1787 2194 er-

1019 2224 1078 2254 go,
1095 2217 1152 2245 etc.
1175 2214 1322 2245 Probatio
1341 2214 1482 2244 minoris.
1508 2214 1693 2246 Deformitas
1710 2225 1786 2246 con-

1017 2268 1099 2298 sistit
1116 2268 1149 2297 in
1167 2267 1385 2306 deturpatione
1400 2267 1573 2306 imaginis,
1598 2270 1628 2298 et
1646 2269 1788 2308 pronitas

1017 2322 1050 2351 in
1064 2320 1265 2351 inclinatione
1279 2319 1316 2350 ad
1333 2321 1439 2350 actum
1457 2320 1596 2359 aliquem
1610 2321 1785 2352 secundum

1017 2382 1182 2404 excessum
1199 2383 1205 2403 :
1225 2372 1278 2403 sed
1297 2373 1436 2412 pronitas
1456 2375 1598 2404 remanet
1620 2375 1689 2413 post
1713 2383 1787 2414 pec-

1017 2429 1122 2458 eatum
1135 2451 1143 2464 ‚
1175 2428 1204 2456 et
1231 2428 1332 2465 potest
1360 2435 1415 2465 per
1446 2426 1572 2465 eulpam
1603 2429 1787 2465 sequentem

1019 2510 1049 2532 lv
1069 2509 1148 2537 Seni„
1169 2507 1225 2531 dist.
1246 2512 1313 2536 xm,
1330 2514 1354 2537 q.
1373 2512 1392 2535 ις
1412 2506 1502 2530 Thom.
1524 2507 1640 2536 Argent„
1660 2507 1691 2529 lv
1709 2507 1787 2538 Seni„

1018 2544 1074 2568 dist.
1099 2549 1167 2572 xxti,
1190 2550 1214 2573 q.
1240 2549 1261 2571 l,
1286 2544 1332 2566 art.
1360 2544 1387 2571 ¹3
1412 2541 1498 2571 Steph.
1527 2540 1628 2570 Brulef„
1655 2541 1685 2565 lv
1709 2542 1786 2572 Sent„

1017 2579 1074 2603 dist.
1088 2585 1152 2606 xxm.
1166 2585 1190 2608 ⁴1-
1204 2584 1225 2606 ι-,
1242 2578 1330 2601 Petrus
1344 2577 1374 2600 de
1387 2577 1499 2600 Tarant..
1512 2576 1544 2599 1v
1558 2576 1637 2606 Sent„
1651 2576 1709 2600 dist.
1722 2583 1786 2608 xxn,

1017 2623 1042 2645 ¹1-
1056 2621 1077 2641 13
1092 2614 1167 2637 (iabr.
1186 2613 1255 2643 Eiet,
1271 2613 1301 2636 IV
1316 2613 1393 2639 Sem..
1407 2612 1463 2636 dist.
1476 2616 1539 2642 xw,
1553 2618 1577 2642 q.
1592 2618 1609 2635 1.
1621 2625 1650 2629 —
1663 2613 1691 2636 Ἰ
1706 2613 1786 2642 Ρειν.,

1028 2657 1051 2680 v,
1070 2652 1091 2673 S.

1798 901 1832 921 Ad
1849 906 1900 927 opp-

1979 886 1988 1011 -—.-,
1980 807 1986 865 ‚⁴-
