1991 3006
18 1799 120 1820 Fundam.

591 188 682 219 nIST.
707 186 838 218 XXVIII.
864 186 949 217 ΛΒΤ.
975 187 998 216 l.
1022 185 1169 223 QUAEST.
1194 187 1242 217 lv.

162 256 192 284 2.
208 253 286 284 Item
305 254 427 285 ratione
449 255 509 285 alia
528 254 661 292 videtur,
686 254 762 294 quia
778 262 888 293 pecca-

122 310 192 337 tum
210 307 372 345 adulterii,
394 309 460 339 sive
478 308 706 344 fornicationis,
725 307 789 337 solo
806 307 887 336 inte-

123 360 197 390 riori
234 369 389 391 consensu
420 360 580 399 Judicatur
614 361 868 391 consummatum
880 383 887 395 ,

123 413 218 443 etiam
241 413 308 444 sine
334 414 425 452 signo
452 413 600 443 exteriori
626 423 633 443 :
658 422 735 451 ergo
765 413 790 441 si
819 412 890 451 plus

123 468 224 505 potest
256 475 425 496 consensus
451 468 572 503 castus,
603 475 700 505 quam
731 465 889 502 incastus,

123 521 223 558 patet,
249 521 306 549 etc.

165 573 194 602 3.
218 570 295 601 Item
315 579 485 601 cousensus
505 572 676 602 verborum
698 571 892 601 exteriorum

124 632 188 654 non
211 623 281 653 unit
305 623 365 653 nisi
388 633 444 663 per
465 633 654 654 consensum
678 625 859 655 interiorem
884 634 889 653 :

124 675 176 706 sed
201 676 257 706 ubi
277 685 379 706 unum
399 678 526 716 propter
547 677 699 714 alterum,
722 676 893 715 utrobique

123 730 247 758 tantum
269 738 370 759 unum
389 737 491 767 :ergo
514 729 638 760 videtur
659 730 743 769 quod
765 729 791 759 si
815 729 895 759 adsit

125 789 208 811 unus
230 790 401 812 consensus
420 782 569 820 exterior,
592 783 676 813 idem
695 782 825 813 omnino
846 782 894 812 fa-

125 832 194 863 ciet.

165 888 194 916 4.
214 885 291 916 item
312 886 428 926 aliquae
446 887 518 917 duae
538 895 679 927 personae
697 888 897 917 consentiunt

127 947 217 978 aeque
232 939 352 970 intense
367 942 396 970 et
413 939 504 979 plene
517 942 591 970 ante
607 941 852 980 expressionem,
867 942 897 970 et

127 994 197 1032 post
213 1003 220 1022 ε
236 1002 315 1031 ergo
335 993 361 1022 si
378 995 447 1032 post
468 993 704 1032 expressionem
724 996 771 1023 est
786 993 894 1023 matri-

127 1045 285 1082 monium,
302 1048 332 1075 et
346 1048 419 1076 ante
433 1045 588 1076 similiter.

169 1100 197 1128 5.
215 1097 305 1134 Item,
321 1098 348 1127 si
361 1098 476 1137 aliquis
488 1101 603 1129 voveat
615 1099 747 1129 interius
761 1101 895 1135 tantum,

128 1151 336 1181 nihilominus
356 1153 450 1182 vovet
471 1153 502 1181 et
522 1151 683 1190 obligatur
703 1151 740 1182 ad
760 1154 871 1182 votum
889 1162 894 1181 :

128 1214 207 1244 ergo
222 1204 378 1242 similiter,
397 1204 422 1234 si
442 1204 598 1234 consentit
613 1204 746 1235 interius
762 1206 897 1234 tantum.

129 1257 161 1289 Si
177 1260 210 1288 tu
225 1257 309 1288 dicas
324 1257 408 1297 quod
423 1266 487 1287 non
502 1259 549 1287 est
562 1257 664 1287 simile
674 1281 681 1293 ,
700 1258 775 1296 quia
790 1259 899 1287 votum

128 1310 164 1340 fit
178 1309 255 1347 Deo,
272 1309 327 1348 qui
342 1309 427 1339 videt
442 1309 551 1345 corda,
569 1309 808 1339 matrimonium
824 1318 900 1339 vero

130 1364 273 1401 respectu
290 1361 428 1392 hominis
443 1361 497 1401 qui
515 1361 609 1391 corda
623 1362 736 1398 nescit;
754 1361 902 1401 objicitur

131 1418 225 1452 tunc,
249 1414 333 1454 quod
356 1413 465 1444 saltem
487 1414 519 1443 in
545 1416 713 1453 conspectu
736 1413 789 1443 Dei
812 1414 903 1444 debet

131 1476 197 1498 esse
214 1467 463 1497 matrimonium.

172 1523 200 1550 6.
224 1519 302 1550 Item
321 1519 381 1550 hoc
400 1520 574 1550 ostenditur
597 1528 652 1558 per
673 1519 774 1549 simile
795 1530 801 1548 :
828 1519 902 1558 quia

132 1573 187 1612 qui
204 1582 278 1603 vere
293 1573 448 1603 contritus
463 1575 509 1602 est
523 1572 670 1610 interius,
687 1572 719 1601 in
735 1574 903 1611 conspectu

135 1626 186 1656 Dei
210 1635 285 1656 vere
307 1625 464 1665 poenitens
490 1625 669 1664 judicatur,
695 1625 816 1655 etiamsi
840 1634 902 1654 non

133 1680 214 1710 adsit
229 1680 380 1710 consessio
395 1680 457 1710 oris
473 1691 480 1709 ε
498 1688 575 1718 ergo
591 1679 735 1709 similiter
750 1679 781 1708 in
798 1679 904 1709 matri-

135 1732 252 1762 monio.

175 1784 288 1815 Contra
304 1793 312 1814 :
330 1784 567 1814 Matrimonium
583 1787 629 1814 est
644 1786 878 1814 sacramentum
895 1794 902 1814 :

135 1837 188 1868 sed
211 1846 304 1868 omne
328 1839 559 1867 sacramentum
581 1839 626 1867 est
644 1838 792 1875 signum,
815 1840 846 1867 et
864 1837 904 1866 si-

137 1899 240 1929 gnum
261 1893 307 1920 est
325 1890 410 1930 quod
427 1889 518 1919 offert
537 1898 569 1919 se
589 1889 695 1919 sensui
711 1900 718 1918 τ
736 1898 826 1927 ergo,
843 1891 902 1919 etc.

178 1942 271 1980 ltem,
288 1943 315 1972 si
335 1951 504 1972 consensus
523 1941 653 1971 interior
668 1941 782 1971 faceret
797 1942 905 1971 matri-

140 1996 299 2034 monium,
325 2005 402 2034 ergo
425 2004 499 2025 cum
524 1995 641 2025 nesciat
663 1994 759 2025 homo
787 1995 908 2024 occulta

139 2049 282 2086 alterius,
304 2048 437 2078 nesciret
458 2050 567 2078 utrum
587 2049 666 2078 esset
681 2047 731 2077 vir
746 2047 845 2084 illius,
867 2057 907 2077 an

141 2112 202 2132 non
228 2113 234 2132 z
261 2110 339 2140 ergo
359 2101 388 2131 si
414 2101 459 2131 illi
483 2102 731 2140 conjungeretur
753 2100 907 2137 exterius,

140 2155 271 2186 nesciret
284 2157 393 2185 utrum
409 2156 488 2185 esset
504 2153 754 2191 matrimonium,
773 2155 805 2183 et
818 2154 860 2183 ita
875 2153 907 2183 in

140 2207 277 2247 periculo
291 2217 323 2238 se
337 2209 477 2247 poneret.

180 2259 256 2290 Item
267 2284 275 2298 ‚
305 2262 597 2299 quantumcumque
625 2259 720 2289 velim
749 2258 910 2288 voluntate

142 2312 230 2352 plena
248 2312 335 2343 alteri
350 2312 468 2351 aliquid
483 2311 572 2349 dare,
592 2310 718 2341 nullum
730 2312 784 2349 jus
799 2311 911 2350 acqui·

143 2365 223 2394 ritur
233 2364 277 2394 illi
287 2374 326 2395 ex
340 2373 409 2394 mea
419 2364 590 2401 voluntate,
609 2363 635 2393 si
650 2372 713 2393 non
729 2363 911 2402 promittam

144 2417 283 2447 exterius
309 2426 365 2456 per
391 2417 523 2454 signum
541 2425 548 2446 ε
568 2417 621 2446 sed
649 2416 681 2445 in
710 2416 912 2446 matrimonio

140 2471 195 2509 Jus
218 2470 386 2509 acquirunt
409 2470 560 2508 conjuges
586 2469 665 2498 inter
686 2478 718 2498 se
743 2469 878 2498 invicem
904 2479 909 2498 z

144 2530 237 2561 ergo,
258 2524 315 2552 etc.

187 2574 262 2605 Item
277 2575 397 2606 ratione
411 2575 547 2613 videtur,
570 2574 646 2613 quia
666 2576 913 2613 quantumcum-

146 2637 207 2667 que
225 2627 330 2657 credat
348 2627 476 2666 aliquis,
494 2631 524 2658 et
538 2628 598 2656 nisi
613 2635 791 2657 sermonem
806 2627 914 2665 expri-

1652 192 1709 220 243

943 255 1008 283 mat
1025 264 1031 283 ι
1050 253 1118 292 qu
1133 256 1161 284 te
1176 252 1318 292 baptizo,
1340 263 1404 285 non
1422 255 1557 294 baptizat
1573 266 1580 286 ε
1598 264 1678 294 ergo
1692 265 1711 286 a

943 306 1037 336 simili
1056 306 1192 344 videtur,
1214 306 1298 345 quod
1318 316 1381 338 non
1403 308 1582 345 contrahat,
1605 318 1711 348 quan-

944 361 1151 399 tumcumque
1169 360 1358 398 consentiat,
1379 361 1441 391 nisi
1460 371 1638 392 sermonem
1654 371 1710 392 ex-

944 411 1075 450 primat;
1099 414 1129 442 et
1149 421 1189 442 ex
1209 412 1269 442 hoc
1283 413 1408 443 videtur
1426 415 1509 453 quod
1525 416 1634 445 mutus
1647 423 1713 445 non

945 464 1042 501 possit
1056 464 1250 494 contrahere.

1220 575 1442 608 CONCLUSIO.

949 661 1155 688 Matrimonium
1170 670 1221 688 non
1237 663 1406 690 contrahitur
1418 671 1466 697 per
1480 671 1630 690 consensum
1649 666 1716 691 taci-

985 707 1053 738 tum,
1075 707 1139 739 quia
1159 708 1275 732 emterz‘us
1297 709 1414 741 exprimi
1431 715 1595 739 consensum,
1617 711 1652 734 est
1672 716 1717 735 ue-

985 756 1133 775 cessarzum.

991 833 1081 873 Resp.
1109 834 1148 864 ad
1169 843 1238 873 arg.
1261 834 1434 866 Dicendum
1454 836 1539 875 quod
1556 836 1594 866 ad
1618 837 1722 866 omnis

954 887 1140 916 sacramenti
1154 896 1221 917 esse
1235 888 1409 918 necessario
1424 889 1597 928 requiritur
1611 889 1721 928 signa-

952 938 1006 976 tio,
1021 939 1086 969 sive
1098 939 1266 978 expressio.
1283 939 1382 970 Omne
1392 941 1475 970 enim
1489 943 1723 972 sacramentum

953 991 1083 1029 signum
1099 994 1159 1029 est,
1182 994 1212 1022 et
1226 994 1263 1022 ut
1277 993 1409 1031 signum
1424 993 1675 1032 administratur,
1694 996 1725 1024 et

954 1043 1022 1073 ideo
1037 1043 1120 1074 istud
1135 1047 1180 1074 est
1195 1045 1417 1075 necessarium.
1439 1045 1498 1076 Sed
1520 1046 1552 1076 in
1565 1046 1725 1086 aliquibus

953 1098 999 1125 est
1013 1097 1146 1126 materia
1159 1097 1376 1134 determinata,
1393 1100 1424 1128 et
1438 1098 1539 1128 forma
1554 1099 1726 1129 verborum

954 1149 1147 1187 praescripta,
1164 1158 1236 1188 quae
1250 1150 1319 1179 vim
1337 1150 1454 1180 habent
1468 1151 1527 1181 sibi
1543 1151 1581 1181 ad
1596 1151 1656 1181 hoc
1671 1151 1725 1181 da-

955 1204 1035 1238 tam3
1063 1204 1093 1231 et
1115 1202 1191 1232 talia
1219 1205 1414 1233 sacramenta
1440 1213 1605 1243 nunquam
1628 1204 1724 1241 fiunt,

956 1253 1017 1283 nisi
1039 1253 1093 1283 illa
1113 1254 1209 1284 verba
1231 1256 1487 1293 pronuntientur.
1512 1256 1548 1285 In
1569 1256 1729 1295 aliquibus

956 1308 1062 1337 autem
1082 1315 1144 1336 non
1164 1307 1252 1337 venit
1274 1308 1321 1337 vis
1336 1317 1355 1337 a
1369 1309 1467 1338 verbo
1489 1309 1653 1345 exteriori,
1675 1309 1729 1339 sed

957 1360 996 1390 ab
1011 1360 1196 1398 intrinseco,
1217 1363 1252 1390 nt
1272 1361 1305 1390 in
1320 1362 1505 1400 poenitentia
1519 1364 1675 1401 quantum
1690 1362 1730 1392 ad

958 1412 1199 1449 confessionem,
1223 1415 1253 1442 et
1275 1413 1307 1442 in
1325 1414 1528 1444 matrimonio
1544 1423 1552 1444 ε
1569 1415 1643 1445 etin
1659 1414 1728 1445 tali-

958 1465 1017 1494 bus
1030 1465 1145 1494 suffieit
1156 1465 1395 1505 qualiscumque
1406 1466 1460 1496 fiat
1474 1467 1647 1506 expressio,
1664 1468 1731 1497 sive

960 1517 1073 1554 verbo,
1098 1517 1163 1547 sive
1178 1518 1310 1556 scripto,
1335 1519 1400 1549 sive
1419 1520 1513 1549 etiam
1529 1529 1731 1560 quocumque

959 1572 1041 1600 nutu
1068 1571 1139 1600 alio.
1167 1571 1407 1601 Concedendum
1436 1575 1482 1602 est
1507 1573 1620 1611 igitur,
1648 1574 1732 1613 quod

961 1623 1200 1653 matrimonium
1218 1632 1283 1653 non
1298 1624 1506 1662 contrahitur,
1524 1626 1583 1655 nisi
1599 1635 1730 1656 consen-

961 1685 1013 1705 sus
1027 1675 1168 1706 exterius
1185 1677 1394 1715 exprimatur,
1411 1677 1460 1707 vel
1475 1686 1532 1716 per
1546 1679 1643 1708 verba
1657 1688 1732 1709 con-

962 1729 1137 1765 venientia,
1159 1729 1209 1758 vel
1224 1738 1280 1767 per
1294 1731 1391 1759 nutus
1413 1730 1496 1760 idem
1513 1730 1731 1770 importanteS.

1002 1783 1029 1811 1.
1050 1781 1088 1812 Et
1110 1790 1164 1820 per
1186 1781 1245 1812 hoc
1267 1785 1351 1820 patet
1375 1782 1515 1821 primum
1537 1784 1575 1813 ad
1598 1784 1734 1822 primam

963 1837 1100 1872 partem,
1123 1834 1241 1864 scilicet
1255 1835 1339 1874 quod
1352 1835 1389 1865 de
1403 1835 1548 1865 decretali
1563 1836 1734 1875 objicieba—

963 1889 1026 1915 tur.
1055 1886 1143 1916 Patet
1166 1887 1261 1916 etlam
1286 1887 1370 1925 quod
1395 1888 1476 1917 inter
1505 1891 1610 1919 mutos
1636 1891 1736 1928 potest

963 1939 1107 1969 contrahi
1122 1939 1373 1976 matrimonium,
1390 1949 1454 1970 non
1470 1943 1577 1971 tamen
1593 1942 1661 1972 sine
1676 1942 1736 1972 ali-

964 2000 1026 2031 quo
1042 1992 1146 2030 signo.
1163 1991 1316 2022 Similiter
1329 1994 1572 2031 patetultimum
1588 1995 1627 2025 ad
1642 2004 1737 2035 oppo-

964 2045 1071 2081 situm,
1087 2045 1172 2083 quod
1187 2054 1251 2075 non
1267 2047 1313 2075 est
1330 2045 1432 2076 simile
1448 2046 1485 2076 de
1500 2047 1666 2086 baptismo.

1004 2099 1033 2127 Ξ.
1050 2097 1096 2126 Ad
1112 2097 1187 2126 illud
1205 2098 1290 2136 quod
1300 2098 1448 2137 objicitur
1458 2099 1495 2130 de
1506 2100 1672 2138 adulterio,
1687 2101 1738 2132 vel

965 2152 1100 2188 peccato,
1116 2149 1285 2180 dicendum
1301 2151 1385 2189 quod
1398 2161 1461 2182 non
1476 2154 1522 2182 est
1536 2153 1648 2190 simile,
1664 2154 1739 2192 quia

966 2204 1128 2240 peccatum
1143 2203 1189 2232 est
1209 2202 1240 2231 in
1256 2203 1397 2233 interiori
1413 2204 1665 2243 deordinatione3
1685 2206 1739 2236 sed

966 2256 1199 2283 sacramentum
1226 2255 1368 2284 consistit
1394 2256 1426 2285 in
1452 2257 1600 2287 exteriori
1629 2258 1740 2297 signa-

968 2307 1064 2337 tione.

1009 2362 1025 2388 3
1045 2362 1076 2389 et
1096 2362 1124 2389 4.
1148 2359 1194 2389 Ad
1216 2360 1292 2390 illud
1312 2361 1397 2399 quod
1414 2362 1574 2401 objicitur,
1595 2365 1680 2403 quod
1695 2367 1741 2395 est

969 2414 1011 2443 ibi
1032 2422 1133 2443 unum
1150 2416 1276 2453 propter
1299 2414 1450 2453 alterum,
1472 2425 1552 2455 ergo
1574 2418 1741 2457 utrobique

970 2469 1093 2497 tantum
1109 2476 1226 2503 unum;
1245 2467 1413 2498 dicendum
1429 2470 1513 2508 quod
1524 2470 1627 2500 differt
1639 2471 1742 2501 dicere

971 2528 1072 2549 unum
1093 2522 1220 2558 propter
1233 2520 1388 2556 alterum,
1410 2523 1440 2550 et
1462 2530 1562 2552 unum
1586 2532 1641 2562 per
1663 2522 1742 2552 alte-

973 2581 1045 2602 rum
1060 2583 1064 2601 :
1079 2572 1154 2610 quia
1168 2572 1221 2602 ubi
1233 2574 1279 2602 est
1292 2572 1393 2602 dicere
1406 2582 1509 2604 unum
1525 2584 1581 2613 per
1593 2576 1740 2613 alterum,

973 2629 1017 2655 cst
1043 2634 1158 2664 ponere
1184 2626 1261 2663 duo,
1285 2635 1422 2664 quorum
1446 2629 1578 2657 alterum
1599 2631 1644 2657 est
1665 2629 1744 2659 sicut
