1991 3006
68 2335 172 2357 Fundam.

183 238 220 266 44

181 312 279 341 110115,
304 302 354 334 vel
373 302 503 340 dignus.
522 300 576 331 His
598 300 695 338 visis,
718 300 805 331 facile
831 302 878 330 est
905 308 956 330 re-

181 355 334 395 spondere
351 355 389 385 ad
406 355 538 393 objecta.
556 352 766 383 Concedendae
780 353 864 383 enim
880 353 956 382 sunt

182 409 319 439 rationes
335 408 504 448 probantes
518 407 622 437 claves
635 415 701 436 esse
718 406 748 435 in
767 406 868 435 malis.

223 464 236 491 1
257 464 287 492 et
303 464 332 492 2.
355 461 401 491 Ad
422 459 624 490 auctoritates
645 462 752 490 autem
775 459 808 489 in
827 458 955 498 opposi-

183 518 249 545 tum
266 514 480 545 dissolvendas
494 514 554 545 dici
570 516 686 554 potest,
711 513 797 552 quod
816 512 954 551 loquun-

182 571 234 599 tur
250 571 408 608 quantum
424 568 461 599 ad
478 567 682 598 idoneitatem
695 590 703 603 ,
721 575 784 596 non
800 568 955 605 quantum

181 622 219 652 ad
235 622 463 652 necessitatem.
482 620 535 651 Vei
556 620 724 651 dicendum
746 619 829 659 quod
844 643 852 656 ,
876 618 956 648 sicut

184 675 300 714 supra¹
321 674 440 705 dietum
461 676 507 704 cst
527 674 559 704 in
580 673 755 713 baptismo,
775 671 859 711 quod
880 671 956 701 fides

181 730 212 758 et
235 727 373 758 charitas
398 726 544 757 Ecclesia)r
569 728 719 766 operatur
745 725 777 755 111
800 724 956 763 baptismo

181 780 293 811 collato
318 790 337 811 a
363 780 456 811 maiis
471 804 478 817 ,
506 779 581 820 quin
607 780 767 809 confertur
794 778 827 808 in
854 778 956 807 forma

182 832 347 871 Ecclesiae;
365 834 453 864 sicin
468 833 630 873 proposito
641 834 687 861 est
699 830 954 869 intelligendum.

223 888 252 917 3.
269 887 317 917 Ad
331 886 409 917 illud
424 886 508 926 quod
523 885 671 925 objicitur
685 885 723 914 de
738 885 821 914 bono
836 884 957 923 dispen-

182 942 303 978 satore,
324 940 409 979 quod
434 949 498 969 non
523 939 576 969 dat
602 938 756 976 indigno,
783 939 884 977 potest
907 946 954 967 re-

182 993 328 1032 sponderi
349 992 433 1033 quod
456 992 536 1023 Deus
556 1001 621 1022 non
643 992 695 1021 dat
715 991 741 1021 ei
768 993 895 1030 propter
911 1000 954 1026 se,

183 1047 237 1077 sed
249 1048 377 1087 propter
385 1055 588 1076 communem
600 1045 770 1076 utilitatem
783 1054 790 1075 :
806 1047 835 1075 et
848 1054 957 1084 quam-

182 1100 231 1131 vis
248 1099 350 1130 malus
366 1109 430 1130 non
445 1099 485 1129 sit
500 1099 636 1137 dignus,
653 1100 753 1138 potest
769 1101 873 1128 tamen
890 1107 957 1128 esse

183 1153 290 1183 utilis:
314 1153 383 1183 ideo
404 1153 432 1183 ei
452 1153 583 1182 confert.
607 1151 663 1181 Vel
684 1151 851 1181 dicendum
871 1151 956 1190 quod

183 1205 265 1236 Deus
279 1206 339 1236 1100
354 1206 425 1236 facit
437 1205 474 1235 ad
488 1204 712 1235 ostendendam
728 1204 956 1235 abundantiam

184 1259 341 1298 largitatis
356 1268 422 1289 suae
434 1283 442 1296 ,
463 1268 527 1298 qua
540 1259 551 1275 ¹
566 1258 658 1289 solem
674 1265 767 1288 suum
781 1258 862 1289 oriri
876 1259 958 1296 facit

183 1321 278 1352 super
293 1312 385 1344 bonos
401 1316 429 1344 et
444 1313 555 1344 malos.

225 1367 254 1396 4.
280 1365 327 1395 Ad
342 1365 418 1395 illud
434 1365 517 1404 quod
533 1366 682 1405 objicitur
697 1366 735 1396 de
750 1365 837 1395 clave
853 1374 956 1395 came-

185 1427 229 1450 rae
241 1443 250 1457 ,
271 1418 438 1450 dicendum
453 1419 535 1459 quod
555 1420 580 1449 si
603 1420 700 1450 clavis
719 1419 790 1449 talis
804 1421 882 1449 esset
899 1428 955 1449 na-

185 1475 268 1504 turae
280 1496 288 1510 ,
304 1473 390 1512 quod
402 1482 459 1503 nec
474 1473 629 1512 aperiret,
645 1482 702 1503 nec
717 1473 839 1512 aperire
855 1475 958 1512 posset

186 1525 246 1556 nisi
266 1526 376 1556 amicis
388 1549 396 1562 ,
418 1535 527 1556 secure
547 1528 651 1565 posset
666 1526 737 1556 talis
752 1526 849 1557 clavis
868 1525 956 1556 cuili-

186 1579 238 1610 bet
254 1578 322 1609 dari
337 1589 343 1609 :
366 1579 437 1609 talis
452 1581 560 1610 autem
575 1582 622 1610 est
636 1580 733 1610 clavis
746 1580 835 1617 00011,
852 1582 886 1610 ut
902 1589 956 1619 pa-

186 1633 230 1662 tet
244 1640 282 1662 ex
300 1631 389 1662 dictis
403 1632 436 1662 in
450 1632 708 1672 praecedentibus.

416 1752 657 1786 ARTICULUS
679 1753 720 1785 11.

226 1852 468 1892 Consequenter,
489 1854 646 1891 quantum
661 1852 699 1882 ad
715 1851 890 1882 secundum
905 1861 956 1881 ar-

186 1905 338 1942 ticulum,
364 1905 520 1945 quaeritnr
543 1905 671 1945 quando
695 1904 797 1935 claves
820 1905 955 1942 dentur;

185 1960 215 1989 et
229 1958 311 1989 eirca
326 1958 384 1988 hoc
398 1958 461 1989 duo
480 1960 671 1998 quaeruntur
686 1967 694 1988 :
715 1958 818 1997 primo
838 1958 955 1998 quaeri-

185 2013 238 2041 tur
253 2013 361 2041 utrum
381 2011 485 2042 claves
506 2011 620 2041 dentur
634 2011 668 2041 in
683 2011 793 2041 ordine
812 2011 954 2041 sacordo-

183 2063 255 2100 tali3
271 2064 419 2100 secundo,
431 2066 541 2094 utrum
553 2064 718 2102 contingat
731 2072 782 2094 eas
794 2063 834 2093 ab
845 2063 953 2094 eodem

185 2116 295 2147 ordine
311 2117 461 2157 separari.

458 2198 636 2236 QUAESTIO
659 2198 682 2230 l.

253 2262 294 2290 An
312 2262 399 2289 claves
418 2262 515 2289 dentur
533 2263 564 2288 in
582 2262 673 2289 ordine
690 2263 852 2289 sacerdotali
868 2263 887 2289 ³.

227 2328 315 2360 Circa
329 2337 426 2368 quam
442 2328 632 2367 ostenditur,
653 2329 736 2368 quod
754 2329 787 2359 in
811 2329 876 2359 solo
902 2329 956 2360 1110

187 2381 299 2412 ordine
317 2381 431 2412 dentur
453 2392 459 2411 :
478 2381 581 2421 primo
596 2382 779 2412 auctoritate
794 2382 955 2412 Ambrosii

189 2434 221 2465 in
235 2434 314 2465 libro
329 2434 367 2466 de
382 2434 574 2466 Poenicentz'a
591 2435 642 2474 (a),
659 2435 816 2474 loquentis
835 2435 872 2466 de
896 2445 956 2475 po-

189 2489 300 2518 testate
314 2487 435 2526 ligandi
450 2490 480 2517 et
495 2487 654 2524 solvendi,
669 2488 725 2518 ubi
740 2488 834 2518 (11011ι
848 2499 855 2519 z
877 2488 958 2520 «Jus

189 2540 250 2571 hoc
264 2540 338 2571 solis
352 2542 398 2571 est
413 2540 604 2580 permissum
620 2541 844 2571 sacerdotibus.
858 2552 873 2570 n

223 2603 228 2616 ¹
242 2602 304 2626 Dist.
316 2610 332 2633 1,
344 2604 390 2626 art.
406 2604 429 2632 2,
442 2609 467 2633 q.
482 2608 500 2626 l.
514 2615 543 2619 —
553 2602 564 2618 ¹
574 2602 673 2630 Mami„
688 2608 711 2631 v,
724 2603 801 2626 451..-
811 2604 818 2617 ³
832 2603 871 2632 Cf.
887 2603 957 2626 Alex.

190 2637 285 2667 Ateus„
298 2644 322 2669 p.
340 2638 386 2668 lv,
406 2644 431 2669 q.
452 2643 519 2668 xxn,
538 2638 646 2661 membr.
663 2638 686 2668 ὃ,
701 2641 749 2661 art.
769 2640 795 2668 1;
813 2639 839 2662 S.
856 2638 957 2667 Thom„

190 2673 216 2697 in
235 2673 296 2703 Sup.
309 2680 334 2704 p.
348 2674 393 2703 ΙΙΙ,
404 2680 430 2704 q.
443 2679 497 2703 mx,
513 2674 559 2696 art.
576 2674 604 2703 33
618 2673 708 2703 Steph.
721 2673 823 2703 Brulefi,
834 2673 864 2697 lv
879 2674 957 2701 Sent„

191 2708 248 2732 dist.
262 2714 316 2738 xlx,
328 2715 353 2740 q.
370 2714 414 2739 ηις
429 2709 517 2733 Petrus
529 2708 559 2732 de
570 2709 680 2738 Terent„
697 2709 727 2732 tv
740 2708 818 2735 Sent.,
833 2708 890 2733 dist.
903 2714 958 2736 xix.

739 232 929 264 SENTENTI
936 231 1047 263 ARUM
1069 232 1142 263 LIB.
1167 231 1216 263 [V.

1052 299 1128 329 Item
1146 308 1240 338 super
1256 299 1348 337 illud,
1369 299 1439 330 Tibi
1451 298 1531 330 dabo
1544 298 1656 336 claveS,
1673 297 1780 330 Glossa

1011 352 1197 392 Hieronymi
1211 353 1242 382 ³:
1263 364 1277 380 a
1290 352 1412 383 Habent
1425 352 1628 391 judiciariam
1646 353 1780 392 potesta-

1010 408 1074 435 tem
1090 414 1199 435 omnes
1214 405 1362 444 apostoli3
1381 405 1474 435 habet
1492 405 1587 435 etiam
1604 405 1708 435 omnis
1722 404 1779 436 Ec-

1011 458 1103 488 clesia
1114 458 1146 487 in
1157 458 1311 497 episcopis
1321 459 1351 487 et
1363 458 1563 497 presbyteris.
1575 470 1589 486 »
1604 458 1665 489 Sed
1677 458 1782 489 omnis

1011 510 1176 550 episcopus
1191 513 1238 540 est
1253 510 1415 540 sacerdos:
1434 520 1526 549 ergO,
1544 513 1603 541 etc.

1052 562 1129 593 Item
1144 563 1266 593 ratione
1281 563 1422 600 videtur,
1441 564 1516 603 quia
1535 567 1670 604 potestas
1685 565 1783 596 clavis

1011 616 1159 655 apostolis
1190 616 1260 646 data
1289 616 1364 653 fuit,
1391 624 1464 646 cum
1492 616 1644 648 Dominus
1666 618 1746 649 dixit
1772 629 1779 649 z

1013 669 1149 704 Quorum
1164 670 1354 700 remiseritis
1367 672 1496 708 peccata
1507 692 1515 706 ,
1531 672 1590 700 etc.
1604 681 1611 700 :
1629 679 1708 710 ergo
1722 671 1783 702 illis

1011 722 1085 752 solis
1107 722 1287 761 assignatur
1311 722 1379 752 haeo
1400 725 1538 761 potestas
1560 723 1642 761 dari,
1667 724 1784 764 quibus

1011 775 1079 805 haec
1094 775 1190 805 verba
1203 775 1352 805 dicuntur
1367 786 1374 806 ε
1390 776 1459 806 haec
1474 778 1580 806 autem
1596 785 1660 807 non
1675 777 1784 808 dicun-

1011 831 1064 858 tur
1079 829 1137 858 nisi
1153 828 1226 859 solis
1242 829 1454 859 sacerdotibus
1469 840 1476 860 z
1496 838 1588 869 erg0‚
1605 832 1664 861 etc.

1053 881 1129 912 Item
1147 881 1250 911 omnis
1272 881 1393 912 habens
1419 883 1498 912 lianc
1520 884 1705 922 potestatem
1720 893 1784 915 me-

1011 934 1113 965 diator
1128 936 1193 965 est:
1220 936 1251 965 et
1273 935 1379 965 omnis
1403 935 1494 966 111115ο
1520 938 1728 969 constituitur
1747 939 1784 970 in

1011 988 1063 1019 leis
1078 996 1149 1027 quce
1163 988 1295 1019 suntad
1315 989 1430 1026 Deum,
1453 991 1488 1021 ut
1511 990 1622 1029 offerat
1647 990 1733 1022 dona
1755 994 1785 1024 et

1011 1041 1176 1079 sacrificia
1191 1049 1250 1081 pro
1264 1043 1428 1081 peccatis:
1441 1051 1521 1081 ergo
1535 1043 1574 1073 ad
1597 1052 1670 1074 eum
1689 1044 1784 1084 perti-

1012 1097 1065 1125 net
1082 1095 1150 1125 haec
1166 1098 1318 1134 potestas,
1334 1096 1371 1126 ad
1393 1105 1488 1135 quem
1508 1096 1643 1136 pertinet
1660 1097 1783 1128 sacrifi-

1012 1149 1097 1178 cium
1112 1149 1226 1179 offerre
1240 1157 1248 1178 :
1266 1150 1296 1179 et
1311 1149 1371 1179 1100
1386 1150 1522 1188 pertinet
1539 1149 1571 1179 in
1586 1158 1669 1180 nova
1691 1150 1782 1191 lege,

1012 1204 1042 1232 et
1057 1202 1165 1240 veteri,
1177 1202 1215 1232 ad
1227 1202 1308 1232 solos
1323 1202 1498 1233 sacerdotes
1512 1213 1518 1233 z
1537 1212 1626 1242 ergo,
1643 1206 1701 1235 etc.

1052 1254 1165 1285 Contra
1182 1266 1189 1285 ι
1208 1258 1236 1286 1.
1256 1255 1315 1286 Ρο1·
1335 1255 1565 1295 Hieronymum
1582 1267 1589 1287 :
1611 1268 1626 1285 (‹
1640 1256 1782 1295 ostiarii,

1012 1308 1094 1338 inter
1123 1309 1221 1339 bonos
1249 1312 1279 1339 et
1304 1309 1404 1339 malos
1431 1310 1582 1340 habentes
1607 1311 1782 1350 judicium,

1012 1361 1128 1400 dignos
1146 1363 1320 1402 recipiunt,
1342 1366 1371 1393 et
1394 1363 1543 1402 indignos
1564 1363 1749 1403 despiciunt.
1766 1375 1781 1393 υ

1013 1416 1073 1446 Sed
1090 1416 1149 1446 1100
1164 1419 1208 1446 est
1221 1416 1360 1446 officium
1375 1416 1527 1454 clavium,
1543 1417 1623 1448 sicut
1637 1418 1739 1458 patuit
1752 1418 1785 1449 in

1013 1469 1261 1509 praecedentibus
1278 1478 1332 1508 per
1347 1469 1488 1499 Glossam
1507 1480 1513 1500 :
1531 1479 1620 1508 ergo,
1636 1473 1695 1502 cte.

1053 1525 1083 1553 ΞΖ.
1113 1523 1190 1553 Item
1215 1523 1335 1553 ratione
1362 1522 1504 1561 videtur,
1534 1523 1611 1563 qnia
1638 1524 1665 1554 si
1691 1524 1786 1556 alicui

1012 1576 1161 1616 competit
1174 1576 1243 1607 dari
1258 1576 1375 1613 claves,
1395 1576 1421 1606 ei
1438 1577 1600 1616 competit,
1618 1577 1674 1617 qui
1692 1577 1787 1609 habet

1013 1629 1152 1660 officium
1176 1629 1293 1659 ostiarii
1313 1641 1319 1660 :
1336 1629 1389 1659 sed
1411 1629 1511 1660 multo
1532 1629 1663 1660 inferior
1682 1639 1784 1662 sacer—

1013 1682 1097 1713 dotio
1108 1684 1153 1712 est
1168 1682 1244 1713 ordo
1255 1682 1317 1720 ille,
1334 1683 1398 1712 imo
1411 1683 1534 1722 primus
1545 1683 1627 1714 inter
1641 1683 1782 1714 ordines:

1013 1745 1092 1775 ergo
1104 1738 1179 1766 tunc
1194 1736 1320 1766 videtur
1341 1736 1369 1766 ei
1390 1737 1457 1767 dari
1475 1739 1612 1776 potestas
1633 1737 1782 1769 clavium.

1053 1790 1082 1819 3.
1100 1788 1178 1819 Item
1192 1789 1362 1827 exteriora,
1383 1799 1456 1829 quae
1472 1793 1545 1820 sunt
1559 1791 1592 1821 in
1607 1790 1781 1829 ordinibus,

1013 1843 1088 1872 sunt
1103 1841 1197 1880 signa
1211 1842 1399 1873 interiorum
1416 1844 1446 1873 et
1462 1843 1686 1882 spiritualium,
1701 1853 1784 1884 quo-

1014 1896 1100 1926 niam
1115 1898 1348 1926 sacramentum
1362 1898 1409 1926 est
1424 1896 1591 1926 invisibilis
1605 1897 1718 1936 gratiae
1734 1898 1782 1929 vi-

1013 1949 1110 1980 sibilis
1126 1950 1228 1979 forma
1240 1959 1247 1980 z
1261 1958 1339 1988 ergo
1352 1948 1385 1979 in
1398 1949 1451 1980 1110
1461 1949 1571 1980 ordine
1583 1949 1676 1980 datur
1687 1949 1785 1981 clavis

1013 2001 1183 2041 spiritualis·
1198 2002 1349 2039 interius,
1371 2002 1403 2031 in
1418 2011 1481 2041 quo
1497 2002 1591 2032 datur
1605 2003 1703 2034 clavis
1716 2012 1784 2034 ma-

1013 2054 1130 2085 terialis
1155 2054 1296 2084 exterius
1320 2064 1328 2085 z
1353 2063 1432 2093 ergo
1460 2064 1534 2086 cum
1563 2055 1614 2086 ille
1639 2056 1681 2086 sit
1707 2056 1785 2087 ordo

1013 2107 1231 2145 ostiariorum,
1255 2108 1355 2146 patet,
1378 2109 1437 2138 etc.

1052 2163 1083 2192 4.
1102 2163 1179 2191 ltem
1195 2160 1229 2191 in
1244 2160 1331 2191 omni
1343 2160 1453 2191 ordine
1467 2162 1514 2191 est
1527 2160 1635 2201 aliqua
1648 2163 1785 2202 potestas

1013 2214 1200 2254 spiritualis,
1220 2216 1251 2244 et
1269 2213 1323 2244 illa
1341 2216 1476 2253 potestas
1495 2214 1639 2245 ordinata
1657 2216 1705 2246 est
1724 2215 1784 2246 sub

1013 2268 1196 2300 sacerdotali
1215 2277 1270 2308 per
1285 2267 1416 2298 modum
1431 2267 1598 2298 ministerii
1612 2268 1646 2299 in
1663 2269 1782 2300 ordini-

1014 2323 1073 2353 bus
1086 2321 1288 2352 int'erioribus
1303 2331 1311 2351 :
1325 2320 1379 2351 sed
1398 2329 1455 2351 nos
1475 2321 1622 2352 videmus
1640 2322 1674 2352 in
1695 2322 1784 2353 curia

1012 2377 1116 2416 regn,
1133 2377 1163 2406 et
1177 2375 1245 2405 aliis
1260 2374 1372 2412 curiis,
1388 2373 1491 2404 claves
1506 2383 1570 2404 non
1584 2374 1651 2405 dari
1667 2375 1784 2414 princi-

1013 2430 1105 2470 pibus
1126 2430 1158 2459 et
1177 2427 1378 2466 consiliariis,
1401 2427 1455 2457 sed
1477 2426 1646 2458 clientibus
1668 2429 1700 2458 et
1723 2428 1782 2458 mi-

1014 2482 1122 2514 nistris
1139 2491 1147 2513 :
1163 2490 1242 2520 ergo
1261 2481 1386 2511 videtur
1403 2479 1487 2519 quod
1505 2480 1610 2519 magis
1629 2482 1785 2521 competat

1014 2535 1096 2566 hanc
1110 2534 1231 2565 clavem
1243 2533 1310 2564 dari
1325 2533 1358 2563 in
1371 2533 1537 2564 traditione
1552 2534 1686 2564 aliorum
1699 2534 1783 2565 ordi-

1015 2629 1039 2653 q.
1062 2627 1096 2646 ιν.
1110 2634 1140 2639 ——
1161 2621 1172 2638 ⁴
1192 2620 1288 2649 Ambr..
1311 2619 1340 2642 cle
1358 2619 1457 2646 Poenit„
1477 2618 1519 2642 111).
1540 2619 1558 2649 1,
1579 2626 1601 2643 c.
1624 2625 1653 2650 11,
1671 2627 1687 2643 11
1718 2622 1784 2644 7.-

1015 2658 1025 2673 ⁸
1038 2658 1150 2685 Hieron.¹
1167 2657 1192 2679 in
1205 2656 1304 2684 Mami„
1319 2662 1340 2679 0.
1358 2660 1440 2678 xV1.—-
1458 2654 1467 2669 ‘
1481 2653 1564 2681 Hebr„
1579 2661 1605 2684 v,
1623 2656 1643 2678 1,

1047 2707 1079 2735 (a)
1097 2706 1156 2729 Coet.
1173 2704 1232 2728 edat.
1250 2704 1377 2728 Paradiso.

1803 1258 1836 1279 Ad
1852 1262 1904 1284 opp.
