1991 3006
41 2195 73 2215 Ad
93 2201 144 2222 opp.

644 207 741 240 DIST.
765 205 865 238 XLVI.
891 205 979 236 ΛΒΤ.
1006 207 1026 236 I.
1051 205 1200 243 QUAEST.
1228 209 1248 238 1.

468 340 536 362 DUB.
560 339 604 360 Vl.

284 413 352 437 Aliud
368 413 436 437 enim
451 412 575 443 significat
589 410 720 442 sapientia,
737 410 784 433 etc.

191 485 305 515 Contra
320 495 326 514 :
345 485 424 521 Quia
434 494 531 524 supra
546 484 665 514 dictum
678 484 737 518 est,
754 481 838 521 quod
853 489 918 510 non

151 537 266 568 dicitur
281 538 445 568 diVersitas
459 537 587 576 signati,
606 536 733 566 videtur
747 534 831 574 quod
847 542 921 564 con-

151 592 200 621 tra
213 599 246 620 se
260 590 353 621 dicat.

192 642 284 683 Resp.
303 642 497 680 Dicendum,
523 642 609 681 quod
631 642 708 672 illud
730 639 921 678 intelligitur

152 696 273 726 ratione
287 695 444 726 connotati
460 706 467 732 3
487 695 542 725 sed
557 695 635 726 illud
649 719 656 731 ,
673 694 757 734 quod
777 693 922 732 superius

153 749 272 780 dictum
289 751 335 779 est
347 771 355 786 ,
381 748 572 787 intelligitur
597 748 719 778 ratione
742 746 922 786 principalis

151 801 282 840 signati.
299 800 355 832 Vel
370 801 538 831 dicendum
560 801 645 840 quod
662 801 771 830 alietas
785 809 849 830 non
865 808 921 829 vo-

153 857 242 884 catur
257 854 288 884 in
302 863 337 884 re
351 854 478 892 signata
488 854 631 884 absolute
645 877 653 890 ‚
667 853 721 884 sed
731 853 789 883 sub
801 853 924 883 ratione

153 907 364 946 intelligendI‚
380 916 451 946 quae
467 909 514 937 est
527 907 588 937 alia
603 909 633 938 et
648 906 724 943 alia,
740 906 816 946 quia
831 914 923 936 voces

155 963 229 991 sunt
243 960 335 998 signa
348 959 593 999 intelligentium
606 971 612 989 ι
631 961 661 990 et
676 959 719 989 sic
732 961 818 998 patet
832 958 920 988 illud.

392 1078 633 1112 ARTICULUS
657 1080 683 1112 Ι.

193 1172 240 1202 Ad
255 1164 499 1211 intelligentiam
515 1172 681 1211 praesentis
697 1171 906 1202 distinctionis
916 1195 923 1208 ,

154 1225 330 1256 secundum
344 1225 407 1255 duo
423 1234 495 1264 quae
510 1225 698 1255 determinat
720 1224 869 1263 Magister
892 1224 925 1254 in

153 1277 268 1314 littera,
284 1278 347 1308 duo
359 1278 575 1317 principaliter
591 1279 783 1317 quaeruntur
798 1288 804 1307 ε
821 1277 925 1316 primo

154 1331 309 1370 quaeritur
323 1333 433 1361 utrum
445 1340 539 1370 pcena
551 1331 710 1361 malorum
722 1331 853 1370 recipiat
868 1331 926 1360 mi-

155 1384 361 1423 tigatione1n3
379 1384 517 1415 secundo
532 1384 687 1424 quaeritur
696 1384 855 1424 quomodo
865 1384 924 1414 mi-

155 1437 326 1467 sericordia
338 1439 368 1467 et
381 1437 498 1467 veritas
513 1437 657 1467 eamdem
670 1437 841 1476 respiciant
854 1445 926 1475 ope-

155 1491 320 1520 rationem.
348 1489 435 1520 Circa
459 1490 598 1529 primum
627 1492 820 1529 quaeruntur
845 1499 923 1528 qua-

156 1544 228 1572 tuor
249 1553 256 1572 ;
274 1543 376 1581 primo
401 1543 557 1581 quaerItur
579 1545 687 1573 utrum
705 1542 811 1581 aliqua
836 1543 923 1572 miti-

155 1595 241 1633 gatio
256 1603 359 1634 poenae
373 1596 428 1625 fiat
451 1596 607 1626 damnatis
624 1598 752 1636 propter
771 1595 927 1634 sutfragia

156 1647 301 1678 Ecclesiae
319 1659 325 1685 ;
354 1648 491 1678 seeundo
503 1672 512 1686 ,
543 1651 650 1679 utrum
686 1650 738 1678 tiat
767 1649 926 1687 mitigatio

156 1702 284 1740 propter
290 1701 436 1740 pietatem
446 1701 668 1732 misericordiae
678 1711 686 1739 ·,
703 1702 808 1738 tertio,
816 1704 926 1732 utrum

158 1752 241 1783 Deus
261 1755 336 1791 agat
358 1754 595 1784 misericordius
619 1763 692 1784 cum
718 1763 800 1789 uno,
830 1763 927 1793 quam

160 1815 234 1836 cum
249 1805 347 1836 altero
360 1817 366 1843 3
377 1809 502 1845 quarto,
516 1810 624 1837 utrum
636 1809 710 1845 agat
717 1807 837 1846 justius
852 1816 926 1837 cum

160 1867 224 1889 uno
232 1881 242 1896 ,
259 1868 356 1898 quam
369 1868 443 1890 cum
458 1859 568 1890 altero.

412 1973 616 2010 QUAESTIO
649 1974 672 2004 Ι.

186 2054 233 2080 An
245 2062 295 2088 per
308 2054 440 2088 suffrayia
455 2055 578 2081 Ecclesioe
593 2055 686 2089 aliqua
704 2056 839 2088 mitigatio
851 2056 899 2088 fiat

461 2098 594 2125 damnatis
611 2099 628 2125 ¹.

201 2177 288 2214 Quod
306 2187 360 2217 per
383 2177 539 2216 suffragia
553 2177 697 2208 Ecclesiae
723 2178 828 2218 aliqua
843 2179 927 2208 miti-

163 2231 251 2269 gatio
274 2230 329 2260 siat
354 2231 510 2261 damnatis
523 2254 531 2268 ‚
557 2230 732 2261 ostenditur
752 2232 854 2270 primo
874 2241 929 2270 per

160 2282 381 2321 Augustinum
392 2283 424 2312 in
435 2282 636 2319 Encltz'rz'clio,
653 2283 707 2322 qui
722 2283 796 2313 dicit
810 2284 830 2321 ²,
844 2284 929 2324 quod

165 2347 180 2364 α
199 2335 314 2375 quibus
334 2338 483 2375 prosunt,
506 2335 555 2366 vel
584 2335 621 2365 ad
644 2335 704 2365 hoc
723 2338 872 2374 prosunt,
896 2339 930 2366 ut

160 2388 252 2428 plena
267 2389 320 2418 tiat
335 2389 491 2425 remissio,
510 2389 561 2419 vel
575 2391 610 2418 ut
625 2388 818 2420 tolerabilior
832 2391 871 2420 sit
885 2390 929 2420 cis

160 2440 320 2471 damnatio
333 2452 338 2470 ;
352 2452 366 2469 n
384 2450 465 2480 ergo
476 2442 501 2471 si
512 2442 634 2480 puniti0
651 2444 696 2472 est
714 2443 746 2472 in
761 2443 928 2480 damnatis,

161 2493 286 2524 videtur
301 2493 385 2533 quod
399 2493 453 2523 illa
466 2494 563 2533 possit
580 2494 733 2532 mitigari.

196 2555 254 2584 ¹Cs.
271 2557 296 2580 S.
312 2556 414 2587 Thom.‚
430 2556 454 2580 in
472 2556 560 2587 Snppl.
581 2564 606 2588 1¹-
626 2558 673 2587 111,
690 2565 715 2588 q.
736 2564 810 2588 Lxxi,
833 2561 880 2582 ait.
901 2562 928 2587 δ’,

163 2591 193 2615 IV
218 2593 297 2621 Seue„
323 2592 379 2614 dist.
408 2598 465 2622 xm,
490 2599 514 2622 q.
539 2598 566 2622 11,
587 2595 635 2616 art.
661 2596 668 2617 1
683 2601 690 2624 5
712 2593 776 2618 Guil.
805 2594 929 2624 Aineion„

163 2627 193 2650 lv
210 2627 288 2656 δοιώ,
303 2628 373 2650 tract.
391 2631 443 2657 xw,
457 2634 480 2651 c.
494 2627 652 2657 ;;11κ;11111“(1.,
668 2628 789 2660 11·5αιιι.,
799 2630 928 2660 dist.x1.V,

161 2669 185 2693 q.
199 2668 219 2691 1,
233 2664 280 2686 an.
298 2665 325 2691 ἲς
341 2662 428 2692 steph.
446 2662 547 2693 Brulef„
567 2663 597 2686 iv
613 2664 690 2693 sent„
707 2664 764 2689 dist.
781 2670 850 2695 xxm,
861 2672 886 2695 q.
901 2670 926 2695 ις

1683 211 1739 240 527

1013 275 1042 303 2.
1058 272 1135 304 Item
1146 273 1350 312 Augustinus
1363 273 1455 311 dicit,
1469 273 1554 312 quod
1569 282 1664 313 poena
1674 276 1741 306 Arii

973 334 1036 356 non
1058 328 1104 356 est
1122 326 1352 364 determinata,
1378 326 1431 356 sed
1456 328 1605 365 augetur,
1627 336 1740 358 secun-

973 378 1050 408 dum
1075 379 1158 418 qnod
1183 382 1344 418 peccantes
1369 388 1426 409 suo
1452 388 1559 409 errore
1588 380 1743 419 multipli-

974 433 1103 461 cantur:
1118 433 1171 462 sed
1183 432 1264 462 Deus
1273 433 1453 471 proniorest
1462 433 1501 462 ad
1513 433 1741 471 miserendum,

974 493 1070 523 quam
1084 486 1122 516 ad
1138 485 1413 515 condemnandum
1429 495 1436 515 ε
1453 494 1532 525 crgo
1548 487 1574 516 si
1589 486 1620 516 in
1638 489 1742 524 statu,

974 537 1006 566 111
1029 546 1093 576 quo
1117 540 1210 575 sunt,
1238 540 1339 578 potest
1357 547 1469 568 eorum
1494 548 1586 578 poena
1605 539 1719 578 augeri
1734 563 1743 576 ,

975 593 1075 628 potest
1090 593 1121 621 et
1135 591 1249 621 minui.

1007 645 1036 673 3.
1045 642 1121 673 item
1131 644 1372 683 impossibileest
1380 644 1553 675 multorum
1562 654 1667 684 preces
1682 653 1746 675 non

975 696 1138 733 exaudiri;
1160 697 1213 727 sed
1230 696 1366 727 Ecclesia
1381 699 1450 727 orat
1464 707 1521 737 pro
1537 698 1686 728 omnibus
1704 698 1743 736 (a)

977 748 1141 786 fidelibus,
1171 749 1224 788 qui
1255 749 1448 786 moriuntur,
1476 750 1513 780 de
1541 751 1658 790 quibus
1682 759 1747 780 uon

976 803 1096 831 constat
1110 802 1193 841 quod
1209 802 1325 832 vadant
1340 803 1374 832 in
1388 803 1548 833 infernum
1564 813 1570 833 t
1587 803 1639 833 sed
1656 803 1748 833 multi

978 853 1089 883 talium
1114 854 1307 884 damnantur
1332 865 1340 884 ι
1367 864 1449 893 ergo
1471 855 1497 885 si
1522 855 1660 886 Ecclesia
1681 864 1745 886 non

982 907 1098 937 frustra
1112 909 1200 945 orat,
1218 909 1319 947 patet,
1336 909 1395 938 etc.

1019 962 1047 990 4.
1066 959 1144 990 Item
1161 960 1282 990 ratione
1297 960 1432 998 videtur,
1459 960 1534 1000 quia
1554 960 1626 1000 plus
1649 960 1751 999 placet

979 1014 1041 1043 Deo
1063 1013 1417 1052 improportionabiliter
1445 1022 1537 1053 poena
1559 1023 1656 1052 quam
1680 1014 1751 1053 quis

980 1065 1113 1095 sustinet
1132 1065 1472 1105 voluutarius‚.quam
1493 1066 1545 1097 illa
1567 1076 1663 1107 quam
1679 1067 1752 1107 quis

980 1119 1113 1148 sustinet
1135 1119 1253 1148 invitus
1271 1130 1277 1148 :
1295 1119 1349 1149 sed
1364 1119 1530 1150 damnatus
1545 1120 1680 1150 sustinet
1701 1120 1752 1150 in-

978 1171 1081 1208 vitus;
1103 1171 1220 1210 aliquis
1235 1172 1285 1201 vir
1296 1173 1415 1210 Justus,
1432 1172 1486 1212 qui
1501 1173 1529 1202 ci
1540 1173 1748 1211 suffragatur,

981 1233 1038 1263 pro
1053 1233 1090 1254 eo
1112 1225 1246 1254 sustinet
1263 1225 1466 1255 voluntarius
1487 1235 1497 1254 .-
1512 1234 1588 1264 ergo
1610 1226 1666 1255 iste
1682 1225 1752 1265 plus

981 1277 1074 1307 solvit
1092 1276 1154 1306 Deo
1179 1286 1235 1316 pro
1256 1277 1309 1307 illo
1326 1278 1471 1316 patiendo
1483 1302 1491 1315 ,
1513 1287 1611 1317 quam
1628 1278 1680 1308 ille
1695 1287 1752 1318 pro

981 1338 1035 1359 se:
1061 1338 1138 1368 crgo
1162 1330 1188 1359 si
1212 1329 1365 1360 Dominus
1385 1331 1514 1361 dimittit
1535 1331 1619 1370 quod
1643 1331 1751 1361 minus

982 1382 1081 1422 placet
1094 1391 1151 1421 pro
1166 1392 1202 1413 eo
1217 1383 1303 1422 quod
1319 1384 1438 1422 magis,
1456 1386 1558 1423 patet,
1576 1386 1634 1414 etc.

1023 1438 1052 1465 5.
1070 1434 1147 1465 item
1164 1435 1221 1465 iste
1241 1437 1331 1475 punit
1350 1445 1383 1466 se
1404 1445 1444 1466 ex
1464 1437 1615 1467 charitate
1633 1437 1669 1477 (b)
1696 1446 1752 1477 pro

982 1497 1018 1518 eo
1038 1488 1093 1527 qui
1117 1491 1163 1518 est
1185 1489 1218 1518 in
1242 1489 1366 1519 inferno
1383 1500 1390 1520 ι
1410 1498 1490 1528 ergo
1512 1489 1593 1520 Deus
1612 1492 1753 1530 acceptat

982 1541 1063 1571 hanc
1078 1550 1205 1581 poenam
1222 1551 1278 1581 pro
1293 1542 1347 1572 illo
1362 1553 1369 1572 ε
1386 1543 1438 1573 sed
1462 1552 1526 1573 non
1549 1543 1642 1583 punit
1655 1543 1704 1573 bis
1718 1543 1753 1574 in

982 1594 1121 1633 idipsum
1139 1605 1146 1624 ε
1163 1604 1243 1633 ergo
1255 1618 1263 1632 ‚
1281 1597 1339 1625 etc.

1023 1647 1153 1676 Contra:
1167 1648 1388 1686 Augustinus,
1398 1647 1437 1679 de
1453 1649 1539 1680 Cura
1548 1656 1605 1688 pro
1617 1649 1754 1681 mortuis

983 1700 1128 1739 agenda,
1151 1700 1262 1738 dicit³,
1289 1701 1374 1740 quod
1403 1701 1579 1733 «Ecclesiae
1598 1702 1755 1741 suffragia

983 1762 1041 1792 pro
1068 1753 1157 1783 valde
1180 1753 1270 1783 bonis
1293 1757 1366 1784 sunt
1390 1756 1568 1793 gratiarum
1594 1757 1751 1794 actiones,

985 1815 1042 1844 pro
1055 1805 1145 1836 valde
1158 1806 1248 1836 malis
1258 1809 1331 1837 sunt
1341 1808 1591 1848 qualescumque
1606 1809 1755 1840 vivorum

985 1859 1214 1890 consolationes
1238 1871 1244 1890 :
1266 1872 1280 1888 »
1313 1870 1390 1900 ergo
1418 1870 1481 1892 non
1506 1865 1641 1901 prosunt
1664 1863 1755 1894 valde

986 1912 1077 1942 malis
1094 1923 1100 1942 z
1117 1913 1168 1943 sed
1189 1913 1279 1943 valde
1305 1914 1381 1944 mali
1403 1917 1477 1945 sunt
1491 1915 1546 1954 qui
1560 1918 1634 1946 sunt
1656 1916 1690 1946 in
1705 1916 1756 1946 iu-

986 1965 1074 1995 ferno
1089 1976 1100 1994 .·
1114 1974 1207 2004 ergo,
1224 1969 1282 1996 etc.

1027 2017 1102 2048 Item
1112 2020 1283 2049 auctoritas
1294 2019 1377 2057 dicit,
1389 2021 1472 2060 quod
1484 2022 1519 2052 in
1528 2022 1654 2060 inferno
1665 2021 1755 2053 nulla

987 2074 1030 2102 est
1052 2070 1248 2110 redemptio,
1275 2075 1305 2103 et
1330 2072 1467 2104 Ecclesia
1493 2075 1577 2105 istud
1597 2075 1723 2105 cautat‘
1744 2085 1752 2105 ι

986 2133 1063 2162 ergo
1077 2125 1103 2153 si
1116 2125 1204 2154 nulla
1219 2125 1392 2166 redemptio
1403 2130 1448 2157 est
1463 2127 1518 2165 ibi,
1532 2128 1659 2159 videtur
1671 2128 1755 2168 quod

986 2179 1017 2207 ct
1031 2177 1117 2206 nulla
1131 2178 1171 2207 sit
1186 2178 1353 2217 mitigatio.

1028 2229 1103 2259 Item
1116 2229 1254 2261 Ecclesia
1267 2241 1332 2262 non
1347 2233 1418 2262 facit
1429 2234 1585 2273 suffragia
1599 2244 1656 2274 pro
1670 2235 1757 2265 dam-

987 2283 1083 2320 natis;
1111 2283 1195 2322 quod
1216 2287 1319 2323 patet,
1343 2286 1418 2324 quia
1432 2286 1466 2315 in
1488 2295 1619 2326 corpore
1641 2288 1755 2317 Christi

986 2337 1019 2366 in
1034 2346 1097 2375 quo
1117 2339 1164 2366 est
1186 2338 1363 2376 specialiter
1382 2339 1574 2380 suffragium
1589 2341 1756 2371 defuncto-

987 2399 1077 2427 rum,
1096 2392 1130 2420 ut
1145 2390 1220 2420 dicit
1238 2391 1389 2430 Magister
1404 2402 1512 2433 supra,
1531 2394 1601 2424 dist.
1620 2403 1675 2430 xu,
1692 2403 1756 2424 non

987 2444 1022 2473 sit
1038 2444 1191 2473 memoria
1212 2444 1272 2474 nisi
1288 2454 1345 2484 pro
1362 2446 1463 2484 vivis,
1487 2450 1517 2477 et
1531 2447 1592 2477 illis
1611 2448 1666 2486 qui
1682 2449 1756 2476 sunt

988 2514 1054 2537 l'etr.
1070 2514 1100 2537 ‹lt›
1115 2515 1226 2544 Tarant.‚
1242 2516 1272 2539 IV
1286 2518 1366 2545 snat„
1377 2517 1434 2541 dist.
1451 2523 1651 2548 XLx'1,«1.1x'.—
1663 2518 1672 2531 ²
1683 2519 1755 2548 Αυς.1

987 2550 1127 2578 1ιί1ιί1’1·111.,
1144 2558 1166 2574 c.
1182 2558 1249 2581 cxii,
1266 2558 1290 2575 n.
1311 2554 1349 2576 29.
1365 2565 1395 2569 -
1412 2554 1507 2584 Δ11)111,,
1523 2561 1544 2577 c.
1563 2559 1608 2583 cx,
1628 2560 1652 2576 n.
1674 2554 1712 2577 Qu.
1727 2565 1757 2570 —

986 2584 996 2601 Β
1009 2585 1057 2615 Off.
1072 2585 1189 2616 zleltmct„
1205 2587 1279 2610 Noct.
1298 2592 1334 2618 111,
1352 2588 1426 2618 Resp.
1443 2594 1487 2612 vu.

1020 2630 1051 2659 (τι)
1066 2630 1126 2654 caet.
1140 2629 1200 2654 edit.
1214 2631 1254 2654 luc
1267 2631 1325 2655 add.
1341 2632 1474 2662 damnatis,
1488 2636 1557 2656 ct.—
1569 2632 1603 2663 (b)
1620 2633 1679 2658 coet.
1692 2632 1752 2655 edit.

987 2665 1026 2688 liic
1040 2664 1100 2689 adcl.
1114 2667 1150 2690 et..

1770 1665 1872 1686 Fundani.
