1991 3006
54 1601 87 1622 Ad
107 1609 157 1629 opp.

171 201 230 230 250

171 267 298 306 quando
312 267 368 297 etsi
382 276 445 297 non
462 267 616 297 consentit
629 276 694 305 ore,
710 269 817 297 tamen
829 267 940 297 volun—

173 319 250 349 tarie
274 319 427 349 consentit
452 319 484 349 in
503 320 627 350 carnale
649 329 745 359 opus,
762 320 895 359 petendo
910 321 941 349 et

172 371 328 402 reddendo
343 372 427 411 quod
437 372 580 411 exigitur
593 385 599 410 ;
611 373 702 403 tertio
719 373 822 409 modo,
835 381 938 411 quan-

171 424 211 454 do
225 424 396 455 reclamare
412 427 531 464 potest,
548 427 578 456 et
593 426 687 456 habet
702 426 803 455 locum
818 427 848 454 et
862 426 940 454 tem-

171 487 247 518 puS‚
264 480 295 508 et
314 488 377 509 non
401 480 564 518 reclamat,
582 481 756 510 consentire
772 478 937 518 praesumi-

172 534 247 561 tur:
273 533 304 561 et
325 531 393 562 ideo
417 533 553 572 amplius
574 542 638 563 non
657 533 797 563 auditur.
825 531 892 561 lmo
907 531 939 560 in

171 584 247 614 facie
264 584 406 615 Ecclesiae
421 595 478 625 pro
490 586 691 616 matrimonio
707 586 844 615 habetur
854 608 861 620 ,
876 593 940 614 non

171 639 299 676 propter
315 638 545 677 negligentiam
556 663 563 675 ,
580 640 633 669 sed
660 641 786 678 propter
807 646 938 668 consen-

171 699 255 727 sum,
272 691 326 730 qui
344 691 482 722 creditur
499 692 666 722 inclinatus
687 695 715 722 et
739 690 940 722 voluntarius

172 743 354 782 simpliciter
369 767 378 781 ‚
407 745 554 784 quamvis
592 745 624 775 in
665 744 816 784 principio
847 744 940 774 suerit

171 798 306 826 coactus.

339 910 579 943 ARTICULUS
604 909 771 943 UNICUS.

212 1009 258 1039 Ad
284 1009 526 1048 intelligentiam
553 1009 717 1049 praesentis
731 1009 940 1040 distinctionis

171 1062 233 1092 tria
263 1065 451 1101 quaeruntur
475 1074 481 1092 :
513 1063 616 1103 primo
645 1063 801 1102 quaeritur
829 1064 938 1092 utrum

171 1124 342 1146 consensus
361 1118 486 1146 coactus
507 1116 597 1146 faciat
614 1116 852 1146 matrimonium
866 1124 874 1153 ;
890 1125 938 1145 se-

171 1168 296 1205 cundo,
327 1170 435 1198 utrum
455 1170 652 1199 consentiens
676 1169 707 1199 in
734 1169 937 1204 renitentem,

172 1218 303 1259 generet
318 1222 376 1251 sibi
393 1222 628 1261 praejudicium;
642 1222 746 1259 tertio,
761 1224 871 1252 utrum
886 1222 940 1251 ali-

172 1273 242 1312 quis
263 1275 359 1313 possit
379 1274 523 1313 compelli
547 1283 602 1314 per
624 1277 820 1314 praeceptum
844 1274 941 1313 patris

171 1326 209 1356 ad
225 1326 463 1357 matrimonium
478 1327 740 1357 contrahendum.

441 1433 619 1470 QUAESTlo
642 1433 665 1464 I.

233 1514 272 1539 An
286 1520 421 1540 consensus
433 1514 536 1540 coactus
550 1514 639 1546 faciat
654 1514 853 1539 matrimonium
870 1517 886 1539 ¹.

212 1591 302 1628 Quod
321 1601 492 1623 consensus
514 1595 639 1622 coactus
665 1593 756 1622 faciat
777 1593 939 1622 matrimo-

174 1645 260 1675 nium
268 1669 275 1682 ‚
288 1645 450 1675 videturt.
464 1645 539 1684 quia
548 1645 752 1683 Augustinus
760 1645 846 1682 dicit,
857 1646 941 1684 quod

172 1700 278 1729 coacta
291 1698 438 1728 voluntas
451 1722 461 1735 ,
478 1698 626 1728 voluntas
642 1700 688 1728 est
706 1709 711 1728 :
728 1707 806 1737 ergo
821 1708 839 1728 a
853 1698 942 1728 simi-

171 1752 203 1789 li,
217 1760 388 1782 consensus
402 1752 538 1787 coactus,
556 1760 728 1781 consensus
740 1753 785 1781 est
801 1762 807 1781 ε
824 1751 877 1781 sed
891 1760 942 1791 po—

169 1803 227 1832 sita
243 1811 348 1840 causa,
365 1803 493 1842 ponitur
507 1802 635 1832 effectus
653 1811 660 1832 :
677 1811 756 1840 ergo
771 1803 872 1841 posito
887 1803 940 1832 tali

170 1864 336 1891 consensu,
352 1858 398 1886 est
411 1855 664 1885 matrimonium.

209 1911 238 1938 2.
256 1908 334 1939 Item
364 1909 424 1939 hoc
450 1909 575 1939 videtur
599 1909 722 1939 ratione
739 1918 794 1948 per
818 1908 940 1946 simile,

170 1961 245 2000 quia
268 1961 320 2000 qui
339 1961 489 2001 baptizari
505 1961 661 1991 consentit
674 1962 788 1991 timore
804 1962 916 1991 mortis
930 1985 938 1998 ,

170 2014 346 2053 baptizatus
371 2016 439 2051 est,
456 2016 487 2043 et
517 2023 574 2053 pro
596 2014 751 2053 baptizato
779 2013 938 2043 hahetur:

170 2075 249 2105 ergo
264 2066 409 2096 similiter
424 2068 470 2096 est
484 2066 516 2095 in
534 2066 750 2095 matrimonio.

210 2122 238 2150 3.
248 2119 325 2150 Item
336 2119 396 2149 hoc
405 2119 528 2149 videtur
537 2127 592 2158 per
602 2119 771 2156 rationem,
782 2119 858 2158 quia
867 2128 939 2148 con-

171 2181 281 2203 sensus
296 2180 361 2201 non
377 2172 477 2210 potest
493 2171 581 2209 cogi,
598 2170 650 2200 sed
666 2172 792 2201 tantum
808 2171 913 2201 induci
932 2182 938 2200 ε

171 2226 225 2256 sed
239 2225 320 2256 sicut
335 2224 497 2255 inducitur
513 2224 626 2263 aliquis
643 2224 739 2254 minis
753 2247 761 2260 ,
784 2225 827 2254 ita
846 2224 941 2255 indu-

171 2279 253 2308 citur
274 2277 433 2308 blanditiis
450 2278 488 2316 (a)
508 2288 514 2307 ι
539 2277 592 2307 sed
615 2277 641 2306 si
661 2276 775 2316 aliquis
794 2277 942 2308 inductus

172 2330 331 2361 blanditiis
346 2329 518 2360 consentiat
538 2330 570 2360 in
587 2330 828 2361 matrimonium
843 2354 851 2368 ,
871 2339 940 2360 ma-

172 2383 358 2414 trimonium
372 2384 457 2420 tenet
473 2393 479 2412 :
498 2391 575 2421 ergo
593 2382 755 2420 similiter,
772 2384 797 2413 si
814 2383 941 2414 induci-

172 2439 224 2467 tur
239 2435 346 2466 minis.

212 2492 242 2520 4.
259 2489 336 2520 Item
350 2513 358 2526 ,
376 2489 430 2528 qui
444 2491 542 2528 negat
554 2488 713 2518 Christum
727 2489 840 2519 timore
856 2498 939 2520 mor-

207 2552 214 2568 ¹
239 2552 278 2582 Cf.
300 2552 402 2582 Thom.‚
425 2552 450 2575 in
473 2551 560 2581 Suppl.
585 2558 610 2581 p.
635 2551 680 2578 ΙΙΙ,
707 2557 731 2580 q.
760 2556 822 2580 XLV,
844 2553 892 2574 art.
914 2554 939 2580 ·t;

174 2588 255 2616 Scot.,
273 2588 303 2611 lV
320 2587 398 2617 Sent„
413 2586 470 2611 dist.
491 2592 566 2616 xxix,
584 2593 610 2616 q.
628 2592 649 2615 1;
665 2585 792 2616 Richard„
810 2586 839 2609 tv
861 2586 940 2614 Sent..

175 2622 230 2646 dist.
246 2628 324 2653 xxix,
340 2629 365 2654 q.
386 2628 411 2652 13
430 2621 552 2648 Dux-and..
570 2621 599 2645 iV
617 2621 695 2649 Sem..
713 2620 770 2644 dist.
788 2627 859 2651 xxm,
876 2627 901 2652 q.
919 2628 940 2651 1;

175 2657 263 2682 Franc.
282 2658 312 2682 de
328 2658 418 2689 Mayr.‚
441 2658 470 2681 iv
492 2657 570 2686 Sent„
590 2656 647 2680 dist.
666 2661 741 2685 xxm,
762 2662 787 2687 q,
808 2662 831 2686 1;
852 2656 940 2680 Thom.

727 199 1035 231 SENTENTIARUM
1058 201 1131 232 LIB.
1157 202 1205 233 lv.

996 268 1051 305 tis,
1074 271 1200 308 peccat:
1226 270 1278 300 sed
1304 270 1411 301 nullus
1429 272 1552 310 peccat,
1577 269 1635 300 nisi
1656 270 1734 302 liber
1752 283 1759 303 z

996 330 1072 359 ergo
1087 323 1284 352 consentiens
1308 323 1342 353 in
1363 322 1481 362 aliquid
1501 322 1613 353 timore
1633 324 1760 362 mortis,

996 374 1092 405 libere
1118 377 1293 406 consentit:
1322 376 1375 406 sed
1400 384 1569 406 consensus
1591 376 1671 406 liber
1692 377 1762 407 facit

996 428 1234 458 matrimonium
1259 440 1265 458 z
1293 437 1372 467 crgo
1393 429 1450 468 qui
1473 429 1627 459 consentit
1650 428 1763 460 timore

997 482 1118 518 mortis,
1129 484 1187 512 etc.

1036 533 1149 564 Contra
1167 545 1172 564 ;
1192 534 1357 564 Decretalis
1369 534 1407 565 cle
1423 534 1638 573 sponsalibus,
1649 538 1678 565 et
1693 534 1760 566 Ma·
1779 537 1882 558 fundun-

997 587 1171 618 trimonio:
1203 599 1216 615 a
1239 587 1317 617 Cum
1338 587 1443 617 locum
1464 596 1527 617 non
1549 587 1664 617 habeat
1686 596 1764 617 con-

995 648 1116 677 sensus,
1135 640 1188 670 ubi
1205 642 1307 670 metus
1323 640 1373 670 vel
1388 639 1506 670 coactio
1521 639 1688 677 intercidit,
1706 648 1762 670 ne-

996 701 1079 722 cesse
1093 695 1138 722 est
1153 695 1188 722 ut
1207 693 1261 722 nbi
1276 701 1448 722 consensus
1464 693 1642 722 communis
1655 693 1765 732 requi-

997 745 1096 781 ritur,
1113 745 1281 775 coactionis
1306 745 1437 775 materia
1460 744 1639 784 repellatur.
1662 756 1676 772 n
1705 744 1764 775 Er-

998 807 1051 836 go,
1069 800 1125 828 etc.

1038 850 1113 880 {tem
1127 858 1297 880 consensus
1315 849 1556 879 matrImonialis
1570 849 1704 888 signum
1719 851 1766 879 est

996 903 1224 943 conjunctionis
1238 903 1353 932 animae
1368 905 1397 932 et
1413 902 1466 932 Dei
1482 914 1487 932 :
1507 903 1560 933 sed
1575 902 1683 932 anima
1697 911 1762 932 non

996 956 1205 994 coniungitur
1232 957 1294 985 Deo
1320 964 1475 985 consensu
1497 957 1626 985 coacto:
1647 963 1727 994 ergo
1741 954 1766 985 si

996 1009 1126 1048 signum
1150 1010 1197 1038 est
1216 1017 1397 1047 congruum
1410 1032 1418 1045 ,
1437 1008 1678 1038 matrimonium
1698 1016 1763 1038 non

996 1062 1193 1092 contrabitur
1207 1062 1319 1091 timore
1333 1063 1450 1091 coacto.

1036 1116 1113 1146 Item
1129 1124 1295 1154 nunquam
1311 1115 1419 1145 anima
1432 1116 1466 1145 fit
1485 1123 1599 1154 sponsa
1614 1114 1686 1151 Dei,
1703 1113 1763 1143 nisi

997 1169 1125 1198 uniatur
1147 1168 1175 1197 ei
1201 1177 1255 1206 per
1269 1176 1410 1197 amorem
1428 1177 1434 1197 :
1452 1176 1530 1206 ergo
1549 1176 1715 1206 nunquam
1730 1166 1766 1196 fit

996 1230 1111 1260 sponsa
1135 1220 1195 1249 viri
1211 1244 1218 1257 ,
1241 1220 1300 1249 nisi
1323 1220 1453 1250 uniatur
1473 1220 1501 1250 ei
1522 1228 1579 1259 per
1600 1228 1763 1250 amorem:

996 1273 1048 1303 sed
1071 1273 1146 1302 unio
1161 1281 1233 1312 quae
1249 1275 1295 1302 est
1318 1281 1373 1311 per
1386 1281 1575 1302 consensum
1598 1274 1741 1302 coactum
1755 1295 1764 1309 ,

996 1326 1106 1356 nonsit
1123 1334 1178 1365 per
1192 1334 1334 1355 amorem
1349 1336 1355 1355 ε
1370 1334 1461 1364 ergo,
1478 1327 1539 1355 ete.

1040 1378 1118 1408 ltem
1144 1379 1176 1408 in
1203 1387 1359 1408 consensu
1374 1377 1570 1408 matrimonii
1592 1377 1767 1417 acquiritur

1000 1434 1133 1471 potestas
1160 1432 1192 1461 in
1214 1431 1406 1461 alterutrum
1430 1442 1435 1461 :
1466 1440 1544 1470 ergo
1570 1439 1696 1461 necesse
1721 1431 1768 1460 est

994 1485 1081 1524 vquod
1098 1485 1129 1514 in
1145 1484 1369 1514 consentiendo
1377 1484 1440 1514 sint
1454 1483 1609 1523 aequales:
1626 1482 1679 1513 sed
1693 1491 1766 1513 cum

996 1537 1074 1567 alter
1088 1537 1174 1576 cogit
1194 1537 1329 1567 alterum
1349 1537 1388 1567 ad
1403 1536 1663 1567 consentiendum
1677 1559 1686 1573 ,
1702 1544 1766 1566 non

997 1594 1070 1621 sunt
1085 1591 1222 1630 aeqnales
1239 1601 1244 1620 :
1264 1599 1343 1629 ergo
1363 1590 1418 1620 tali
1438 1599 1595 1620 consensu
1609 1598 1673 1619 non
1688 1597 1766 1619 con-

997 1644 1133 1675 trahitur
1148 1643 1400 1674 matrimonium.

1271 1760 1494 1791 CONCLUSIO.

999 1848 1143 1874 Consensus
1161 1849 1267 1873 coactus
1290 1847 1317 1872 vi
1338 1846 1378 1872 cel
1394 1848 1462 1872 metu
1474 1845 1548 1879 justo
1563 1852 1616 1871 non
1629 1845 1696 1877 facit
1709 1852 1767 1871 ma-

1033 1891 1267 1923 trirnotzizt1715sed
1281 1892 1306 1917 si
1323 1892 1384 1924 post
1405 1890 1563 1916 coactionem
1585 1889 1612 1914 in
1635 1889 1770 1915 carnalem

1033 1936 1153 1971 copulam
1170 1936 1308 1965 consentit,
1323 1936 1358 1960 est
1373 1934 1571 1960 matrimonium
1584 1941 1591 1957 ι
1607 1933 1708 1958 coactio
1722 1939 1769 1958 au-

1032 1983 1082 2006 tem
1096 1987 1128 2006 ecc
1140 1981 1210 2005 metu
1225 1979 1276 2004 Ievt'
1290 1986 1341 2004 non
1352 1978 1465 2012 impedit
1477 1977 1689 2003 matrimonium.

1037 2065 1127 2104 Rcsp.
1151 2064 1189 2094 ad
1211 2072 1282 2101 arg.
1303 2062 1473 2093 Dicendum
1492 2062 1576 2102 quod
1597 2070 1770 2092 consensus

997 2120 1122 2147 coactus
1137 2119 1237 2156 potest
1254 2126 1321 2146 csse
1333 2115 1509 2155 dupliciter,
1529 2114 1645 2145 scilicet
1657 2115 1701 2152 vi,
1718 2115 1768 2145 vel

998 2172 1084 2200 metu
1103 2181 1108 2199 :
1139 2169 1187 2199 vis
1216 2172 1263 2199 est
1293 2168 1422 2208 majoris
1447 2167 1492 2197 rei
1518 2167 1673 2206 impetus,
1696 2176 1768 2207 quae

998 2222 1104 2262 repelli
1127 2232 1189 2252 nou
1212 2224 1332 2261 potest;
1357 2223 1459 2251 metus
1479 2222 1524 2250 est
1546 2221 1692 2250 instantis
1717 2220 1768 2251 vel

997 2276 1095 2306 futuri
1127 2276 1256 2315 periculi
1280 2274 1460 2314 trepidatio.
1484 2273 1574 2304 Tunc
1596 2276 1704 2304 autem
1731 2274 1768 2304 fit

1000 2329 1059 2365 vis,
1077 2328 1203 2368 quando
1219 2328 1341 2367 capitur
1352 2351 1359 2363 ,
1376 2327 1514 2364 ducitur,
1531 2326 1668 2357 trahitur
1684 2325 1767 2356 invi—

996 2384 1048 2413 tus
1060 2382 1111 2412 vel
1126 2381 1254 2420 ligatus,
1268 2381 1336 2420 ipso
1346 2380 1537 2411 reclamante
1549 2381 1579 2409 et
1589 2379 1743 2409 renitente
1759 2388 1767 2409 ε

997 2438 1027 2467 et
1042 2436 1109 2466 liaec
1124 2437 1170 2465 est
1184 2435 1313 2472 coactio,
1330 2435 1363 2464 in
1374 2443 1436 2473 qua
1448 2442 1513 2464 non
1527 2434 1574 2463 est
1583 2440 1766 2463 consensus.

998 2489 1035 2520 Et
1049 2489 1082 2519 in
1094 2489 1153 2519 hac
1168 2488 1298 2518 omnino
1309 2496 1375 2518 non
1385 2488 1431 2517 est
1448 2484 1698 2515 matrimonium.
1711 2484 1766 2516 Est
1785 2491 1849 2518 opta.
1865 2494 1884 2512 ι.

997 2548 1112 2577 Ατςεῃῐ.,
1134 2546 1164 2568 lv
1189 2546 1267 2573 Sena,
1290 2545 1346 2568 dist.
1370 2549 1447 2572 xxm,
1470 2550 1494 2574 q.
1519 2548 1540 2570 ι,
1562 2542 1609 2566 art.
1633 2544 1659 2572 l;
1681 2542 1768 2573 Steph.

1000 2581 1102 2609 Bruhff..
1123 2582 1152 2604 tv
1174 2580 1251 2610 Sunt„
1276 2580 1333 2604 dist.
1351 2585 1427 2609 xx1x‚
1443 2585 1468 2609 q.
1486 2585 1506 2607 ¹3
1528 2578 1593 2602 Petr.
1611 2577 1641 2602 de
1656 2578 1768 2609 Terent„

1004 2617 1035 2640 lv
1053 2616 1131 2643 Sem..
1148 2616 1204 2639 dist.
1222 2621 1294 2646 xnx,
1308 2622 1332 2645 q.
1349 2620 1366 2638 1.

1031 2658 1064 2686 (a)
1080 2655 1140 2679 Coet.
1152 2655 1212 2679 edit.
1228 2654 1366 2684 blandiciis,
1377 2655 1402 2677 et
1414 2654 1450 2677 sic
1463 2653 1583 2683 deinceps.
