1991 3006
215 228 252 256 38
768 224 1044 257 SENTENTlARU
1050 226 1074 256 Μ
1100 226 1172 258 LlB.
1199 227 1246 257 tV.

211 302 301 329 nem,
319 294 368 324 vel
395 293 649 332 inspirationem,
675 296 705 323 et
724 295 793 332 post
814 293 981 322 immissio-

212 355 305 382 nem,
330 346 417 377 verbi
446 346 579 376 immissi
604 346 882 385 diJ'udicationem,
909 354 982 384 quae

210 399 269 429 fuit
283 399 322 429 ab
339 399 498 429 intellectu
523 398 662 438 Caiphae.
692 398 729 429 Et
751 408 825 429 cum
847 399 980 429 verbum

209 452 339 483 haberet
360 452 516 491 duplicem
539 452 749 489 intellectum,
774 452 888 482 scilicet
914 461 981 482 car-

209 506 329 543 nalem,
364 508 394 535 et
428 505 645 544 spiritualem,
680 504 816 544 Spiritus
853 507 981 534 sanctus

208 558 337 588 immisit
370 558 543 588 secundum
588 558 782 588 intellectum
825 558 979 597 spiritua-

210 611 293 646 lem,
323 613 354 640 et
389 611 455 650 ipse
483 610 636 641 intellexit
664 611 839 641 secundum
868 620 980 642 earna-

207 663 280 694 lem.
312 663 349 693 Et
382 664 554 694 secundum
588 664 672 694 hunc
701 664 858 703 duplicem
888 664 981 694 intel-

206 717 321 747 lectum
342 718 475 748 verbum
498 717 638 748 exterius
662 717 820 756 duplicem
840 717 910 747 t'acit
935 718 980 747 in-

205 770 413 808 telligentiam
440 771 472 800 in
499 770 695 800 auditoribus
718 779 724 799 :
750 778 848 799 unam
870 778 979 800 carna-

205 823 267 853 lem
299 824 331 854 in
359 823 501 862 Judaeis,
531 825 561 853 et
592 823 687 853 aliam
721 823 917 862 spiritualem
946 824 977 854 in

206 875 408 906 Christianis:
432 879 462 907 ct
482 876 656 906 secundum
676 876 816 915 primum
840 877 978 908 intellec-

206 932 274 959 tum
298 938 362 960 non
389 929 448 959 fuit
474 929 608 959 verbum
632 930 899 969 prophetationis,
926 932 977 961 sed

205 982 410 1022 conspiratio,
427 985 457 1013 et
477 983 521 1012 sic
542 982 768 1013 intellexerunt
786 983 888 1014 ‚tudaei
906 993 978 1014 con-

205 1034 390 1073 spiratores;
410 1034 584 1064 secundum
604 1043 679 1064 vero
697 1035 872 1065 secundum
889 1036 979 1066 intel-

206 1086 322 1117 lectum
346 1087 481 1117 verbum
508 1087 567 1117 suit.
592 1096 703 1117 verum
718 1112 725 1123 ,
755 1090 785 1118 et
814 1088 978 1127 prophetia

206 1140 284 1170 facta
299 1140 359 1170 fuit
375 1140 576 1171 Christianis:
595 1140 679 1170 unde
696 1141 895 1180 prophetavit
911 1150 979 1172 ues-

206 1193 291 1223 ciens
308 1193 383 1233 quid
398 1193 514 1224 diceret
529 1195 684 1233 quantum
701 1194 738 1224 aul
758 1204 869 1225 verum
889 1195 978 1225 intel-

207 1247 340 1283 lectum,
366 1248 541 1277 secundum
559 1257 653 1287 quem
670 1248 857 1288 inspiratum
879 1250 979 1279 suerat

207 1301 353 1330 verbum.
371 1300 407 1330 Et
423 1301 597 1331 secundum
614 1301 771 1341 duplicem
785 1302 977 1332 intellectum

207 1352 321 1382 (licitur
336 1353 471 1383 verbnm
491 1352 567 1383 illud
590 1353 685 1383 fuisse
706 1355 823 1384 sactum
844 1354 979 1394 Spiritus

208 1405 317 1442 sancti,
334 1405 385 1436 vel
400 1405 492 1436 malae
507 1406 679 1436 voluntatis
696 1406 794 1446 ipsius
810 1408 976 1446 pontificis.

531 1508 597 1529 DUB.
623 1509 653 1528 ΙΙ.

219 1569 267 1593 Sed
283 1569 366 1593 nullus
380 1569 464 1593 ot'ticio
479 1570 617 1593 sacerdotis
632 1570 667 1593 uti
683 1570 766 1601 debet,
783 1571 830 1595 uisi
845 1571 966 1595 immunis·

486 1605 516 1628 sit
531 1606 563 1629 ab
578 1605 634 1635 iltis,
651 1608 699 1629 etc.

249 1673 378 1702 Contra:
398 1672 477 1709 Quia
495 1673 668 1703 secundum
689 1673 765 1709 hoc,
782 1683 855 1703 cum
873 1674 980 1704 nullus

208 1726 247 1755 sit
266 1726 320 1765 qui
342 1728 444 1756 careat
463 1726 656 1764 venialibus,
674 1727 783 1757 nullus
798 1727 925 1758 deberet
941 1729 980 1758 ab

209 1778 253 1809 eis
278 1778 408 1809 absolvi.
438 1779 469 1810 Si
494 1782 529 1809 tu
552 1779 637 1810 dicas
660 1780 745 1819 quod
769 1780 919 1819 intelligit
944 1781 982 1811 de

208 1831 411 1869 mortalibus,
428 1835 555 1863 contra:
580 1833 776 1863 Sacerdotem
787 1858 795 1871 ,
812 1834 866 1873 qui
886 1834 982 1864 hahet

208 1893 317 1914 curam
333 1884 514 1915 animarum
526 1909 533 1922 ,
549 1885 706 1925 contingit
723 1895 851 1925 peccare
866 1889 981 1917 morta-

208 1937 279 1967 IIter
288 1961 297 1975 ,
310 1939 340 1968 et
354 1940 459 1968 tamen
470 1940 594 1969 tenetur
607 1939 792 1978 poenitentes
806 1940 932 1971 audire:
950 1944 980 1971 et

209 1990 315 2021 nullus
326 1993 432 2030 peccat
443 1991 584 2022 faciendo
599 1992 674 2022 illud
688 1992 727 2022 ad
739 1993 824 2031 quod
837 1995 978 2023 tenetur:

209 2052 289 2082 ergo
304 2053 369 2074 non
390 2046 494 2084 peccat
515 2045 700 2075 mortaliter.
726 2045 801 2075 ltem
826 2045 981 2075 absolutio

210 2097 369 2127 fructuosa
395 2100 425 2127 et
453 2097 539 2128 utilis
563 2098 631 2127 fieri
656 2099 757 2137 potest
782 2098 849 2127 sine
878 2098 982 2136 gratia

211 2152 340 2189 gratum
355 2150 488 2180 faciente
505 2160 512 2181 :
529 2159 607 2189 ergo
624 2159 687 2181 uon
703 2152 826 2189 oportet
843 2150 926 2189 quod
942 2150 982 2180 sit

210 2202 243 2232 in
260 2203 382 2242 gratia,
398 2213 456 2235 nec
475 2206 619 2242 tenetur,
637 2213 676 2235 ex
692 2213 755 2244 quo
777 2203 871 2234 habet
886 2213 980 2235 suum

210 2256 370 2288 effectum.

251 2309 343 2349 Resp.
356 2310 528 2341 Dicendum
543 2311 628 2351 quod
641 2310 803 2341 absolvere
817 2310 980 2341 hominem

211 2372 229 2394 a
241 2363 375 2401 mortali,
392 2363 452 2394 hoc
467 2365 513 2394 est
530 2363 670 2403 judicare
683 2363 847 2394 hominem
863 2364 895 2393 in
910 2372 981 2394 con-

211 2417 318 2453 spectu
335 2414 388 2445 Dei
405 2424 414 2446 :
435 2416 611 2446 secundum
633 2418 740 2447 autem
761 2425 855 2447 omne
874 2418 979 2447 forum

211 2468 319 2499 nullus
337 2468 435 2508 digne
450 2469 552 2509 judex
575 2472 636 2507 est,
653 2470 707 2509 qui
731 2479 804 2500 reus
825 2472 886 2508 est,
903 2473 933 2500 et
948 2470 980 2501 in

211 2521 321 2552 eadem
330 2521 533 2553 damnatione
547 2523 635 2553 :ideo
645 2523 713 2553 dIco
727 2523 811 2563 quod
824 2523 979 2561 sacerdos,

211 2575 339 2615 quando
370 2575 504 2606 absolvit
531 2575 736 2615 poenitentem
750 2600 756 2613 ‚
787 2578 913 2606 tenetur
943 2577 981 2607 de

212 2627 304 2667 culpa
318 2636 375 2659 sua
390 2628 558 2668 poenitere;
576 2628 717 2668 alioquin
732 2628 863 2667 indigne
882 2638 982 2659 sacra-

213 2682 357 2712 mentum
380 2681 537 2712 ministrat
553 2692 560 2712 ι
588 2681 656 2712 ideo
685 2681 828 2719 graviter
856 2684 978 2720 peccat,

1037 294 1112 333 quia
1133 295 1163 324 in
1184 304 1248 334 quo
1268 295 1404 325 alterum
1422 296 1559 335 judicat,
1575 297 1713 336 seipsum
1733 307 1807 329 con-

1037 346 1175 377 demnat.
1199 347 1286 385 Quod
1307 348 1455 387 objicitur
1468 349 1505 379 ‹le
1522 349 1654 386 veniali,
1672 359 1735 381 non
1757 361 1808 382 va-

1038 399 1096 437 let,
1117 400 1191 438 quia
1214 409 1274 430 non
1299 402 1345 430 est
1366 401 1407 431 ibi
1427 402 1596 440 judicium.
1621 402 1709 439 Quod
1731 404 1809 443 obji-

1039 452 1132 490 citur,
1149 453 1233 492 quod
1248 453 1319 483 facit
1329 454 1415 492 quod
1425 454 1527 492 dehet,
1543 455 1712 486 dicendum
1724 458 1807 496 quod

1038 515 1150 536 verum
1167 508 1229 544 est,
1255 507 1308 537 sed
1329 516 1391 537 non
1408 508 1493 538 omni
1516 509 1609 539 modo
1625 519 1688 549 quo
1705 510 1807 542 debet.

1037 558 1126 595 Quod
1148 559 1296 598 objicitur
1320 560 1404 599 quod
1429 560 1589 592 fructuosa
1615 565 1681 600 est,
1707 564 1809 594 dicen-

1037 611 1113 642 dum
1132 612 1216 652 quod
1240 621 1350 643 verum
1372 614 1420 643 est
1436 613 1619 653 suscipienti
1633 625 1641 652 ;
1657 616 1710 646 sed
1723 616 1809 646 dam-

1038 671 1114 693 nosa
1143 665 1188 693 est
1221 663 1417 700 absolventi,
1452 664 1519 694 sive
1551 665 1806 704 administranti,

1037 716 1163 753 propter
1178 716 1397 754 contemptum
1413 716 1613 746 sacramenti.

1357 817 1423 838 DUB.
1448 817 1491 838 111.

1050 877 1170 900 Judicaus
1186 878 1252 901 enim
1269 879 1354 908 alium,
1367 879 1409 918 qui
1423 881 1460 902 est
1471 879 1632 909 judicandus,
1644 880 1795 904 condemnat

1363 920 1484 944 scipsum.

1078 979 1218 1011 Ponatur
1232 990 1311 1020 ergo
1326 981 1377 1011 hic
1390 1005 1399 1018 ,
1417 982 1500 1021 quod
1517 983 1660 1013 sacerdos
1673 992 1810 1023 cognos-

1036 1036 1083 1064 cat
1097 1035 1320 1073 parochianam
1335 1045 1438 1072 suam,
1449 1036 1508 1073 vel,
1522 1039 1556 1066 ut
1566 1036 1687 1067 dicatur
1694 1037 1810 1068 hones-

1037 1087 1117 1125 tius,
1135 1088 1256 1118 furetur
1279 1098 1352 1118 cum
1374 1088 1574 1128 parochianis
1595 1090 1660 1119 suis
1680 1099 1731 1120 res
1750 1089 1807 1120 ali-

1036 1149 1132 1179 quem,
1150 1142 1256 1170 utrum
1277 1142 1373 1180 possit
1397 1150 1450 1172 eos
1471 1141 1655 1173 absolvere:
1672 1145 1703 1174 et
1725 1143 1809 1182 quod

1035 1193 1099 1231 sic,
1130 1194 1273 1231 videtur,
1300 1195 1373 1234 quia
1400 1196 1431 1225 in
1457 1204 1659 1236 quocumque
1683 1199 1809 1237 peccato

1035 1247 1151 1284 existit,
1168 1247 1303 1278 absolvit
1315 1248 1352 1278 de
1368 1248 1447 1279 facto
1461 1259 1466 1278 ε
1485 1258 1564 1287 ergo
1580 1249 1705 1280 videtur
1721 1251 1805 1290 quod

1035 1299 1137 1329 detali
1162 1300 1259 1339 possit
1281 1310 1333 1330 eos
1348 1301 1522 1331 absolvere.
1540 1301 1600 1332 Sed
1622 1305 1731 1333 contra
1750 1303 1809 1334 hoc

1035 1354 1093 1391 est,
1121 1352 1195 1392 quia
1224 1362 1286 1383 non
1311 1355 1413 1392 potest
1441 1363 1508 1384 esse
1536 1355 1617 1385 idem
1643 1356 1675 1386 in
1699 1356 1809 1387 eadem

1035 1414 1129 1436 causa
1145 1406 1263 1445 judex,
1280 1409 1310 1437 et
1330 1415 1418 1437 reus:
1437 1409 1467 1438 et
1487 1407 1547 1438 hoc
1562 1410 1646 1448 patet
1661 1419 1668 1439 :
1691 1418 1770 1448 ergo
1783 1410 1808 1440 si

1036 1458 1106 1489 talis
1125 1459 1269 1489 sacerdos
1293 1468 1366 1490 reus
1381 1461 1442 1497 est,
1455 1460 1557 1499 Judex
1581 1470 1648 1492 esse
1669 1471 1734 1492 non
1750 1470 1807 1502 po-

1036 1512 1105 1541 test.

1077 1563 1167 1603 Resp.
1183 1564 1354 1595 Dicendum
1365 1568 1421 1603 est,
1437 1566 1520 1605 quod
1531 1575 1595 1596 non
1605 1567 1697 1597 video
1709 1576 1809 1607 quare

1036 1626 1098 1647 non
1120 1618 1217 1657 possit
1237 1618 1412 1649 absolvere.
1437 1619 1510 1650 Esto
1531 1620 1617 1650 enim
1641 1620 1725 1660 quod
1748 1621 1809 1651 ali-

1036 1670 1108 1709 quis
1123 1670 1174 1700 det
1192 1671 1312 1701 malum
1329 1671 1497 1702 consilium
1509 1696 1517 1710 ,
1534 1675 1642 1712 utpote
1657 1672 1694 1703 de
1708 1673 1810 1704 homi-

1037 1723 1117 1753 cidio
1130 1724 1282 1763 faciendo,
1297 1734 1360 1755 non
1372 1725 1463 1756 video
1474 1735 1572 1765 quare
1586 1726 1638 1757 ille
1650 1726 1733 1757 idem
1746 1735 1810 1757 non

1040 1777 1137 1815 possit
1151 1777 1315 1816 poenitenti
1337 1778 1411 1808 dare
1432 1779 1565 1810 honum.
1581 1779 1811 1811 Verumtamen

1037 1829 1141 1859 neutri
1164 1830 1290 1861 credere
1314 1833 1360 1861 est
1384 1833 1510 1862 tutum:
1536 1841 1601 1863 non
1622 1833 1681 1872 ipsi
1705 1833 1808 1864 absol-

1036 1883 1144 1921 venti,
1172 1884 1247 1922 quia
1274 1884 1402 1915 videtur
1424 1885 1456 1914 in
1478 1894 1515 1915 eo
1538 1885 1702 1916 manifesta
1724 1895 1810 1926 prae-

1037 1937 1173 1976 sumptio
1186 1947 1194 1974 ;
1208 1946 1274 1968 non
1289 1938 1346 1977 ipsi
1358 1938 1531 1977 poenitenti,
1548 1939 1623 1978 quia
1637 1939 1763 1970 videtur
1777 1940 1809 1970 in

1037 1998 1074 2019 eo
1090 1989 1196 2019 minus
1206 1999 1282 2020 vera
1296 1991 1453 2028 contritio,
1463 1993 1494 2021 et
1503 1992 1622 2030 peccati
1633 1992 1808 2031 detestatio,

1036 2041 1112 2071 dum
1127 2051 1191 2072 non
1206 2042 1276 2073 vult
1296 2042 1445 2081 detegere
1467 2044 1528 2073 nisi
1548 2045 1700 2075 noscenti.
1721 2045 1810 2076 Unde

1036 2094 1061 2124 si
1077 2095 1221 2125 sacerdos
1236 2095 1312 2125 nolit
1327 2104 1401 2125 eum
1417 2096 1589 2134 licentiare,
1607 2097 1699 2128 debet
1712 2107 1808 2138 supe-

1036 2147 1153 2178 riorem
1166 2148 1262 2178 adire.
1282 2148 1336 2178 Vel
1349 2148 1375 2178 si
1393 2149 1446 2179 ille
1459 2158 1523 2179 non
1538 2149 1653 2180 haheat
1669 2152 1810 2190 superio-

1038 2210 1103 2231 rem
1117 2226 1124 2239 ,
1140 2201 1190 2232 vel
1206 2210 1269 2231 non
1285 2201 1359 2231 velit
1374 2202 1413 2232 ad
1427 2211 1501 2232 eum
1517 2202 1572 2239 ire,
1588 2205 1688 2242 potest
1702 2203 1742 2234 ab
1756 2204 1810 2235 illo

1037 2254 1267 2285 absolutionem
1282 2254 1430 2293 recipere,
1449 2255 1524 2294 quia
1536 2264 1647 2286 revera
1661 2256 1808 2296 absolvit,

1037 2308 1061 2337 si
1079 2307 1226 2338 contritio
1249 2307 1336 2338 adest
1351 2318 1358 2345 ;
1376 2308 1430 2338 sed
1453 2308 1477 2337 si
1498 2308 1630 2339 ulterius
1651 2309 1691 2339 ad
1712 2311 1810 2348 majo-

1038 2369 1106 2390 rem
1126 2360 1345 2391 certitudinem
1367 2361 1436 2391 vult
1458 2361 1510 2391 alii
1532 2361 1683 2392 sacerdoti
1702 2371 1808 2401 pecca-

1036 2418 1104 2445 tum
1128 2415 1291 2453 detegere,
1315 2414 1437 2444 bonum
1454 2416 1520 2445 est:
1545 2416 1575 2445 et
1597 2414 1658 2445 hoc
1676 2415 1744 2446 dico
1768 2416 1806 2447 ad

1036 2469 1189 2508 maiorem
1205 2467 1404 2498 securitatem
1420 2467 1610 2498 habendam.

1357 2561 1425 2582 DUB.
1448 2561 1493 2583 1v.

1149 2620 1207 2644 {deo
1224 2619 1292 2643 enin]
1310 2619 1425 2643 liberavit
1442 2619 1624 2650 peccatricem,
1643 2621 1690 2643 etc.

1076 2682 1207 2712 Contra:
1233 2681 1414 2712 Secundum
1433 2681 1491 2712 hoc
1509 2681 1633 2712 videtur
1651 2682 1736 2721 quod
1752 2681 1803 2713 illa
