1991 3006
27 837 128 857 Fundam.

29 1840 62 1861 Ad
80 1846 130 1866 opp.

624 227 718 258 DIST.
743 227 857 258 XXXV.
883 226 969 257 ART.
997 227 1018 256 l.
1042 226 1192 263 QUAEST.
1218 226 1254 256 Il.

146 297 260 327 bantur
281 296 320 326 ad
342 295 444 334 paria3
468 295 499 324 in
519 294 652 325 divortio
667 294 850 333 ¹iudicantur
872 293 910 323 ad

147 350 245 389 paria.
260 349 296 379 Et
310 349 407 387 hujus
417 348 496 377 ratio
511 350 567 383 est,
584 346 661 386 quia
672 346 784 376 mulier
800 345 911 375 merito

146 402 240 442 primi
259 401 375 441 peccati
390 403 435 430 est
453 400 591 438 subJ'ecta
608 399 692 435 viro;
711 398 763 428 sed
777 400 846 437 post
862 407 909 428 re-

147 454 396 485 conciliationem
408 453 532 489 Christi,
546 453 579 482 in
592 462 654 492 quo
665 461 729 482 non
742 454 787 482 est
802 461 912 482 servus

147 510 177 538 et
191 508 282 543 liber,
299 505 457 536 masculus
473 508 503 535 et
519 505 651 542 femina,
667 505 798 535 omnino
810 514 910 544 quan-

146 562 214 589 tum
231 559 269 589 ad
284 559 388 597 legem
404 558 463 588 tori
479 557 517 587 ad
533 558 619 596 paria
630 557 824 596 judicantur.

410 662 587 699 QUAESTIO
612 662 649 692 II.

146 744 191 770 An
205 744 338 770 dimittere
351 750 459 770 umorem
474 744 654 775 fornicariam
663 743 698 768 sit
713 744 741 768 z‘n
752 743 884 776 proecepto
896 742 911 767 ¹.

186 823 297 854 Utrum
320 822 478 853 dimittere
501 830 635 852 uxorem
654 820 854 851 fornicariam
875 820 915 850 sit

145 876 178 906 in
202 876 374 915 praecepto;
398 876 428 904 et
451 874 535 913 quod
559 883 643 911 non,
669 873 813 909 videtur,
840 873 915 912 quia

145 929 219 959 dicit
245 928 377 958 Glossa’
398 939 404 958 :
435 939 449 955 <i
474 927 624 957 Dominus
650 927 792 966 permisit
821 935 915 956 causa

145 982 358 1012 fornicationis
377 982 536 1011 dimittere
559 989 704 1011 uxorem.
727 991 740 1007 n
767 980 827 1010 Sed
842 989 912 1019 per-

146 1035 252 1064 missio
265 1043 330 1064 non
344 1036 390 1063 est
404 1035 596 1073 praeceptum
615 1044 620 1063 :
638 1042 727 1071 ergo,
746 1035 804 1062 etc.

184 1088 276 1124 Item,
300 1089 367 1116 esto
389 1086 473 1125 quod
500 1086 550 1116 vir
571 1095 634 1115 non
658 1085 818 1125 peccavit,
840 1087 915 1114 tunc

145 1149 222 1179 ergo
234 1141 288 1179 jus
302 1139 395 1169 habet
411 1141 441 1168 et
455 1139 609 1168 actionem
626 1138 659 1167 in
676 1138 809 1177 petendo
825 1137 911 1167 ..tebi-

146 1195 212 1224 tum
231 1192 269 1222 ab
289 1201 404 1229 uxore,
426 1193 721 1230 quantumcumque
743 1199 825 1220 uxor
844 1200 913 1229 pec-

145 1249 192 1277 cet
208 1258 214 1276 :
231 1255 310 1284 ergo
325 1245 596 1285 qualitercumque
610 1247 731 1284 peccet,
748 1253 812 1274 non
828 1246 914 1274 tene-

146 1302 199 1330 tur
214 1308 283 1329 eam
297 1299 465 1329 dimittere.

185 1352 263 1382 Item
279 1352 345 1390 ipse
363 1351 412 1381 vir
431 1360 497 1381 non
516 1352 640 1380 tenetur
657 1350 817 1380 continere
829 1374 836 1387 ‚
855 1349 914 1379 nisi

146 1404 221 1435 velit
237 1415 243 1434 ε
269 1412 348 1442 ergo
367 1412 460 1438 cum,
485 1403 615 1432 dimissa
636 1411 753 1439 uxore,
771 1404 916 1432 teneatur

145 1457 315 1493 continere,
332 1464 396 1485 non
411 1458 536 1485 tenetur
550 1464 685 1485 uxorem
701 1455 868 1484 dimittere.

186 1510 278 1545 Item,
307 1508 527 1547 unusquisque
553 1510 654 1547 potest
680 1507 830 1546 injuriam
858 1507 915 1536 sihi

149 1563 268 1593 illatam
292 1562 464 1598 dimittere,
483 1562 513 1590 et
532 1560 672 1599 peccanti
697 1569 842 1599 parcere,
860 1569 916 1589 uec

146 1617 268 1645 tenetur
298 1624 316 1644 a
336 1615 481 1652 peccante
505 1621 631 1652 poenam
656 1613 809 1651 exigere:
837 1621 916 1650 ergo

146 1667 406 1707 quotiescumque
428 1665 543 1695 mulier
560 1666 737 1704 peccaverit
755 1665 787 1695 in
811 1665 916 1695 virum

145 1719 361 1755 adulterando,
380 1718 428 1747 vir
444 1720 544 1757 potest
560 1718 719 1747 remittere
733 1729 739 1748 τ
758 1727 837 1756 ergo
853 1727 916 1747 non

146 1775 272 1803 tenetur
288 1781 357 1802 eam
373 1771 541 1801 dimittere.

186 1825 300 1855 Contra
320 1834 326 1852 z
358 1832 412 1862 per
443 1822 701 1861 Chrysostomum
718 1822 727 1838 ³
751 1831 758 1851 :
787 1833 801 1850 α
830 1821 917 1851 Sicut

146 1877 281 1908 crudelis
296 1878 325 1906 et
341 1876 470 1914 iniquus
492 1878 539 1904 est
563 1875 617 1913 qui
638 1877 755 1904 castam
776 1874 914 1910 dimittit,

147 1931 189 1960 sic
204 1929 318 1960 stultus
333 1930 363 1958 et
378 1928 514 1967 injustus
534 1929 580 1957 est
604 1927 659 1966 qui
682 1927 795 1957 retinet
814 1936 915 1956 mere-

145 1984 271 2013 tricem:
289 1993 303 2010 »
321 1990 414 2020 ergo,
432 1982 490 2010 ete.

187 2036 263 2066 Item
279 2035 508 2074 Hieronymus:
527 2045 541 2062 (ι
558 2034 636 2064 Cum
647 2033 762 2063 mulier
777 2043 809 2063 se
824 2034 919 2063 forni-

147 2089 266 2120 catione
283 2098 301 2119 a
313 2089 382 2119 viro
398 2087 601 2126 separaverit,
620 2095 681 2116 non
697 2086 787 2116 debet
800 2087 915 2124 teneri,

147 2151 185 2172 ne
205 2142 310 2172 virum
330 2148 455 2180 quoque
475 2139 533 2169 sub
553 2139 717 2169 maledicto
738 2139 848 2176 saciat,
868 2139 915 2169 di-

146 2196 234 2224 cente
246 2193 407 2233 Scriptura
418 2194 427 2209 ⁴
444 2202 451 2221 ι
470 2193 529 2227 Qui
545 2195 627 2223 tenet
640 2191 830 2229 cadeatemm,
843 2193 918 2223 stul-

149 2250 200 2278 tus
216 2250 244 2278 et
258 2247 377 2285 impius
392 2249 448 2277 est.

190 2302 266 2332 Item
287 2301 348 2331 viri
366 2303 410 2331 est
435 2300 582 2330 cohibere
604 2301 635 2329 et
654 2299 811 2337 corrigere
835 2308 915 2329 uxo-

150 2364 217 2385 rem
234 2365 239 2385 ς
260 2363 337 2393 ergo
351 2353 375 2383 si
393 2353 549 2383 cohabitat
574 2362 646 2383 cum
667 2352 800 2382 muliere
825 2352 915 2382 adul-

151 2410 217 2438 tera
229 2407 342 2438 affectu
354 2406 499 2443 maritali,
516 2406 669 2436 consentit
684 2405 791 2435 sceleri
812 2416 818 2435 ι
840 2414 917 2443 ergo

149 2460 174 2490 si
192 2462 314 2490 tenetur
329 2467 394 2489 non
409 2458 594 2495 consentire,
613 2460 710 2496 patet,
728 2460 787 2487 etc.

191 2512 267 2542 Item
284 2511 399 2541 mulier
417 2510 574 2540 fornicans
589 2510 823 2540 meretricatur:
841 2509 893 2539 sed
910 2510 919 2525 ⁵

184 2612 187 2624 ¹
202 2612 239 2639 (γ’,
256 2612 282 2633 S.
300 2610 406 2639 Tuom,
423 2610 447 2632 irz
463 2609 548 2639 suppl.
572 2616 595 2639 p.
614 2610 775 2639 tu,q.1.x1·‚
791 2611 836 2632 art.
853 2610 879 2638 sq
895 2611 918 2631 ct

153 2647 183 2669 lv
204 2646 282 2674 Sent.,
298 2645 353 2667 dist.
368 2649 445 2672 xxxv,
462 2651 486 2674 q.
503 2650 521 2673 1,
538 2646 585 2667 art.
599 2646 626 2674 2;
642 2644 769 2673 mebant,
791 2644 819 2667 {V
840 2644 919 2671 Seni„

153 2682 209 2705 dist.
227 2686 304 2709 xxm,
321 2686 344 2710 q.
361 2685 383 2709 1}
400 2679 486 2709 Steph.
508 2679 611 2709 Brulet.,
627 2680 657 2703 tV
674 2680 751 2709 sent„
769 2679 828 2704 dist,
839 2685 916 2708 xxxv,

1677 227 1714 254 534
1721 228 1728 253 t

967 294 1024 332 qui
1039 293 1178 324 adhaeret
1192 292 1351 323 meretrici
1363 316 1371 328 ,
1388 300 1486 322 tumim
1503 299 1616 330 corpus
1631 291 1735 329 effici-

969 350 1040 377 tur:
1058 355 1137 383 ergo
1152 354 1223 375 cum
1240 344 1381 374 membra
1396 344 1509 374 Christi
1526 353 1587 374 non
1603 343 1736 373 debeant

969 397 1037 426 fieri
1053 396 1194 426 membra
1209 395 1393 432 meretricis,
1407 398 1531 425 tenetur
1545 396 1584 425 ab
1600 403 1635 424 ea
1649 402 1736 433 sepa‹·

970 458 1046 478 rarl.

1241 516 1464 548 CoNCLUSIO.

971 601 1154 626 Fornicarz‘am
1171 606 1279 625 umorem
1299 598 1405 632 publice
1420 600 1442 623 et
1459 598 1658 631 perseveranter
1675 604 1736 630 pec-

1005 646 1106 670 cantem
1122 646 1223 670 tenetur
1236 644 1280 668 vir
1295 643 1429 668 dz‘mz'tterc
1445 649 1477 667 ατ
1491 642 1638 674 ρνωοερίος
1655 647 1736 670 secus,

1005 689 1028 713 si
1043 688 1151 719 occulte,
1168 689 1192 713 et
1207 688 1342 721 poem'teat.

1012 766 1100 805 Resp.
1125 765 1163 795 ad
1188 774 1258 803 arg.
1282 764 1455 794 Dicendum
1476 763 1558 802 quod
1582 762 1739 792 fornicans

971 821 1097 858 conjux,
1111 820 1165 848 aut
1180 817 1352 848 fornicatur
1366 817 1398 846 iu
1413 816 1547 853 occulto⁷
1563 817 1618 845 aut
1631 815 1664 844 in
1674 823 1739 844 ma-

972 873 1082 902 nifesto
1100 883 1106 901 :
1122 871 1194 900 siin
1209 870 1343 907 occulto,
1361 870 1403 899 sic
1420 878 1481 899 non
1504 870 1605 908 potest
1629 867 1738 898 dimit-

970 927 1035 955 tere
1048 933 1128 959 eam,
1143 924 1216 962 quia
1233 932 1297 952 non
1309 924 1407 962 potest
1419 922 1563 961 probare,
1575 923 1678 951 etnon
1693 922 1740 950 est

971 980 1113 1007 nostrum
1125 977 1162 1007 de
1172 976 1300 1006 occultis
1304 976 1361 1015 jusl
1367 975 1446 1005 icare
1460 985 1466 1011 3
1481 975 1505 1004 si
1517 975 1549 1003 in
1560 973 1737 1009 manifesto,

970 1033 1023 1061 aut
1035 1031 1214 1069 perseverat
1228 1029 1261 1058 in
1275 1028 1404 1064 malitIa,
1425 1029 1481 1057 aut
1497 1026 1691 1056 convertitur
1703 1025 1742 1055 ad

972 1083 1191 1122 poenitentiam
1210 1093 1215 1112 :
1240 1082 1264 1110 si
1289 1083 1469 1120 perseverat
1488 1080 1521 1109 in
1544 1079 1675 1115 malitia,
1699 1078 1743 1108 sic

971 1135 1250 1175 quiascandalizat,
1264 1136 1294 1164 et
1309 1133 1384 1172 quia
1396 1133 1445 1163 vir
1461 1134 1588 1162 tenetur
1606 1140 1741 1161 uxorem

971 1188 1132 1225 corrigere
1154 1188 1248 1225 juxta
1283 1186 1469 1216 mandatum
1502 1184 1739 1222 evangelicum,

972 1243 1094 1271 tenetur
1109 1249 1179 1271 eam
1195 1240 1367 1276 dimittere3
1387 1240 1411 1268 si
1433 1241 1539 1268 autem
1562 1236 1690 1276 pcenitet
1713 1238 1743 1265 et

972 1304 1004 1324 se
1029 1294 1173 1332 corrigIt‚
1198 1302 1260 1323 non
1276 1295 1410 1322 tenetur.
1432 1291 1467 1321 Et
1488 1291 1519 1320 in
1543 1290 1646 1329 primo
1667 1297 1742 1318 casu

971 1348 1147 1386 loquuntur
1172 1346 1372 1376 auctoritates
1395 1346 1577 1374 sanctorum
1601 1344 1632 1372 et
1647 1350 1738 1371 cano-

973 1408 1050 1430 num
1069 1411 1075 1430 :
1090 1400 1172 1429 unde
1190 1398 1400 1437 Hieronymus
1418 1408 1424 1426 z
1446 1408 1459 1424 «
1472 1396 1505 1426 Si
1520 1396 1569 1426 vir
1586 1395 1642 1424 scit
1659 1402 1738 1424 uxo-

973 1462 1039 1483 rem
1069 1452 1253 1491 deliquisse,
1277 1453 1307 1480 et
1333 1449 1448 1480 mulier
1478 1447 1686 1488 permanserit
1708 1447 1741 1476 in

973 1506 1177 1536 fornicatione
1190 1529 1197 1541 ,
1214 1506 1244 1534 et
1259 1504 1337 1533 vivit
1353 1512 1425 1533 cum
1447 1511 1484 1532 ea
1506 1501 1571 1538 vir,
1588 1500 1742 1539 particeps

973 1561 1018 1589 est
1036 1558 1152 1598 peccati
1168 1559 1193 1597 ej
1201 1566 1246 1587 us.
1265 1569 1279 1584 »
1299 1556 1437 1587 Tenetur
1453 1564 1531 1593 ergo
1543 1554 1592 1583 vir
1608 1561 1742 1583 uxorem

972 1613 1141 1650 corrigere,
1158 1611 1228 1640 ideo
1244 1613 1274 1640 et
1289 1609 1495 1639 fornicantem
1515 1606 1671 1637 dimittere
1684 1629 1692 1642 ,
1712 1608 1742 1635 et

972 1665 1092 1695 ratione
1117 1664 1214 1702 hujus
1245 1663 1283 1693 ad
1308 1664 1433 1701 tempus
1461 1660 1621 1690 continere
1649 1668 1656 1688 :
1686 1667 1744 1688 nec

973 1718 1088 1748 amittit
1100 1719 1153 1756 Jus
1170 1717 1201 1746 in
1225 1724 1381 1752 uxorem,
1397 1717 1432 1744 ut
1452 1713 1534 1743 infra
1554 1711 1671 1752 patebit
1689 1722 1694 1740 :
1713 1713 1744 1740 et

974 1771 1121 1810 quamvis
1148 1769 1257 1799 debeat
1285 1768 1441 1797 dimittere
1468 1765 1629 1804 injuriam,
1652 1764 1744 1794 dehet

974 1827 1078 1854 tamen
1095 1823 1255 1861 corrigere
1273 1821 1410 1860 culpam.
1429 1819 1467 1849 Et
1478 1819 1521 1848 sic
1533 1816 1740 1848 concedendae

973 1876 1046 1903 sunt
1060 1873 1207 1909 rationes,
1225 1872 1306 1910 quod
1325 1880 1389 1900 non
1414 1871 1540 1899 tenetur
1555 1866 1740 1906 simpliciter

973 1927 1140 1962 dimittere,
1157 1925 1209 1955 sed
1231 1925 1264 1954 in
1285 1933 1374 1960 casu3
1401 1932 1459 1952 nec
1486 1925 1561 1952 tunc
1585 1920 1623 1950 ad
1649 1927 1744 1949 omne

973 1982 1106 2018 tempus⁷
1121 1978 1173 2008 sed
1184 1978 1322 2017 aliquod,
1335 1986 1391 2016 pro
1403 1985 1439 2006 eo
1448 1974 1532 2014 quod
1543 1982 1605 2004 non
1616 1974 1744 2002 tenetur

973 2031 1196 2071 perpetualiter
1209 2031 1370 2060 continere
1383 2038 1390 2059 :
1404 2028 1457 2058 sed
1473 2025 1743 2066 quemadmodum

973 2094 1072 2115 uxore
1086 2085 1267 2114 infirmante
1282 2082 1501 2122 corporaliter,
1521 2081 1646 2110 tenetur
1661 2087 1739 2108 con-

972 2139 1070 2169 tinere
1085 2138 1124 2168 ad
1140 2141 1281 2177 tempus3
1299 2137 1352 2174 ita,
1368 2144 1468 2166 uxore
1485 2134 1666 2164 infirmante
1682 2130 1743 2170 spi-

972 2192 1127 2222 ritualiter
1139 2215 1146 2228 ,
1163 2191 1202 2221 ad
1217 2192 1285 2229 ejus
1310 2188 1541 2227 correptionem
1560 2186 1688 2215 tenetur
1702 2184 1740 2213 ad

975 2249 1097 2283 tempus
1120 2253 1190 2274 eam
1218 2243 1367 2282 repellere
1379 2265 1387 2279 ,
1417 2240 1569 2280 quoniam
1597 2237 1744 2277 quamvis

972 2298 1069 2338 possit
1085 2297 1211 2336 culpam
1226 2296 1404 2333 indulgere,
1417 2293 1508 2324 debet
1522 2294 1627 2322 tamen
1642 2289 1741 2320 corri-

973 2360 1059 2389 gere.
1078 2349 1151 2380 Haec
1165 2349 1250 2379 enim
1271 2348 1365 2378 simul
1387 2356 1405 2376 a
1428 2345 1561 2376 Domino
1584 2344 1743 2383 praecepta

973 2406 1047 2433 sunt
1061 2402 1199 2439 cuilibet,
1217 2401 1333 2431 scilicet
1350 2402 1381 2429 ut
1398 2399 1544 2438 proximo
1566 2405 1623 2426 suo
1638 2403 1741 2426 unus-

973 2457 1106 2495 quisque
1121 2456 1243 2494 parcat3
1261 2454 1387 2489 iterum,
1405 2451 1486 2490 quod
1504 2448 1661 2489 parcendo
1677 2456 1743 2477 cor-

973 2509 1076 2548 ripiat.
1094 2507 1130 2537 Et
1143 2507 1211 2537 haec
1223 2507 1285 2536 duo
1300 2505 1395 2535 simul
1410 2505 1587 2542 tanguntur
1608 2502 1641 2530 in
1665 2501 1743 2530 Mat-

974 2614 997 2637 q.
1021 2612 1053 2635 11;
1076 2605 1208 2628 Pct1u÷de
1223 2604 1333 2630 Tau-anti,
1354 2603 1381 2625 iv
1403 2602 1482 2629 Ξςηιί.Υ
1497 2600 1554 2623 dist.
1571 2604 1649 2625 xxxv,
1668 2604 1691 2626 q.
1715 2602 1740 2619 11.

978 2656 1000 2659 β
1021 2643 1029 2657 ²
1048 2641 1128 2664 siloes.
1150 2641 1173 2663 in
1197 2640 1202 2662 l
1227 2641 1292 2667 Coit,
1314 2644 1389 2661 xii.--
1414 2638 1424 2653 ³
1443 2636 1571 2666 Chrysosi,
1592 2635 1616 2656 in
1640 2631 1741 2659 Manli„

976 2679 1044 2701 hom.
1062 2681 1132 2699 xxVi.
1145 2689 1169 2692 —
1188 2676 1197 2691 b
1211 2675 1292 2704 Ρι·ου.,
1310 2679 1384 2703 xviii,
1399 2673 1437 2696 23.
1450 2684 1480 2689 -—
1492 2672 1501 2688 ὕ
1515 2671 1521 2693 1
1537 2669 1605 2698 0012,
1617 2674 1650 2695 Vi.
1670 2668 1706 2691 16.
