1991 3006
123 1109 224 1130 fundasti.

129 2181 160 2200 Ad
181 2186 231 2206 opp.

243 182 300 210 560

470 310 710 344 ARTICULUS
737 312 776 344 ll.

281 407 521 447 Consequenter,
541 410 694 447 quantum
711 408 748 439 ad
764 407 937 438 secundum
957 416 1010 438 ar-

239 459 384 498 ticulum,
402 461 558 500 quaeritur
570 461 607 491 de
623 462 827 492 renovatione
843 470 1010 501 corporum

240 513 456 553 superiorum;
481 516 511 544 et
532 514 615 544 circa
637 515 697 545 1100
719 517 909 555 quaeruntur
931 525 1009 555 qua-

239 568 310 596 tuor
324 575 332 596 2
345 566 449 605 primo
464 568 619 606 quaeritur
633 571 741 599 utrum
758 578 889 608 corpora
904 578 1011 608 super-

240 619 377 649 coelestia
397 621 706 659 remunvrabuntum
726 622 879 660 secundo,
901 624 1010 652 utrum

239 672 485 712 quietabuntur3
509 674 616 711 tertio,
640 677 749 705 utrum
773 675 1012 705 innovabuntur

239 725 413 764 elementa3
452 729 584 766 quarto,
625 730 732 759 utrum
775 727 1012 758 innovabuntur

239 778 354 818 plantae
379 782 409 810 et
434 780 582 811 animalia
607 781 710 812 bruta.

511 896 690 934 QuAEsrio
714 897 736 928 1.

337 977 381 1004 An
407 985 518 1012 corpora
547 978 664 1004 coelestz'a
692 980 754 1012 post
780 978 913 1012 judicium

488 1022 721 1048 remunerabuntur
739 1021 754 1048 ¹.

282 1100 392 1131 Utrum
417 1110 548 1140 corpora
569 1101 802 1141 supercoelestia
826 1110 1012 1131 remunera—

241 1154 371 1184 buntur.
388 1153 474 1184 Circa
489 1163 584 1194 quam
601 1154 782 1194 proceditur
795 1155 850 1192 sic⁷
867 1157 898 1184 et
911 1157 1014 1184 osten-

241 1208 326 1239 ditur
348 1209 432 1248 quod
455 1218 587 1249 corpora
608 1209 844 1249 supercoelestia
866 1218 1015 1239 remune-

241 1261 407 1291 rabuntur.
426 1261 567 1292 Hahetur
581 1272 621 1292 ex
636 1264 723 1292 textu
740 1264 770 1292 et
785 1261 909 1291 Glossa²
922 1272 928 1292 :
942 1262 1015 1293 Eric

241 1314 300 1345 lux
314 1314 398 1346 lzmoe
413 1316 496 1347 sicut
510 1315 570 1347 lux
583 1316 677 1354 solis‚·
693 1318 720 1347 el
736 1315 796 1346 luoe
809 1314 886 1346 solis
900 1315 1015 1347 lucebit

241 1369 501 1408 septempliciter,
524 1372 553 1399 et
576 1369 684 1399 Glossa
707 1369 748 1399 ibi
770 1369 844 1399 dicit
862 1379 868 1399 :
886 1369 947 1399 «ld
970 1371 1016 1399 est

242 1421 288 1452 sol
301 1424 331 1452 et
341 1422 417 1452 luna
427 1422 597 1462 praemium
612 1422 660 1453 sui
671 1422 788 1452 laboris
800 1422 984 1462 percipient.
997 1433 1011 1450 1>

282 1475 357 1505 Item
375 1475 435 1506 hoc
450 1475 575 1506 videtur
590 1475 723 1512 ratione,
736 1475 811 1515 quia
825 1476 954 1515 pronior
969 1478 1016 1506 est

243 1528 324 1559 Deus
334 1529 373 1559 ad
386 1529 629 1568 praemiandum,
642 1538 738 1568 quam
750 1529 787 1559 ad
800 1529 1013 1568 puniendum:

242 1582 295 1612 sed
310 1591 479 1622 corporum
501 1582 785 1622 supercoelestium,
802 1582 930 1612 homine
946 1592 1015 1622 pec-

243 1638 343 1672 cante„
357 1636 412 1665 lux
424 1638 469 1666 est
480 1636 647 1673 diminuta,
660 1636 738 1665 sicut
750 1635 822 1665 dicit
835 1635 875 1665 ibi
890 1635 1013 1666 Glossa:

243 1698 320 1727 crgo
334 1689 464 1719 bomine
480 1689 654 1727 glorificato
669 1689 759 1719 debet
774 1689 900 1727 augei'I.

285 1741 362 1771 Item
383 1742 459 1772 ordo
479 1744 524 1772 est
539 1742 570 1771 in
586 1742 736 1772 universo
757 1742 1014 1772 convenientissi-

243 1803 315 1825 mus
331 1806 336 1825 :
355 1804 433 1834 ergo
448 1804 513 1825 uno
529 1795 710 1833 meliorato,
729 1795 814 1834 quod
829 1798 874 1825 est
889 1795 926 1825 de
942 1804 1016 1834 per-

244 1847 375 1878 fectione
394 1848 551 1886 universi,
571 1857 697 1878 necesse
713 1850 760 1877 est
775 1848 884 1878 omnia
903 1848 1015 1878 melio-

245 1901 324 1938 rari,
351 1911 423 1940 quae
445 1904 518 1931 sunt
542 1901 580 1931 de
602 1902 671 1941 ejus
692 1901 915 1932 constitutione
935 1909 942 1931 ι
964 1901 1016 1930 sed

244 1964 376 1995 corpora
391 1955 625 1995 supercoelestia
646 1957 719 1985 sunt
737 1955 774 1985 de
794 1955 1017 1985 constitutione

245 2008 386 2038 universi
403 2017 410 2038 :
428 2017 507 2047 ergo
527 2010 581 2038 aut
603 2008 679 2038 ordo
701 2008 926 2046 corrumpitur,
944 2010 1015 2045 aut,

245 2061 268 2090 si
290 2061 386 2091 homo
408 2061 602 2097 nobilitatur,
627 2069 752 2091 necesse
775 2063 821 2090 est
841 2060 893 2090 illa
913 2061 1018 2099 magis

246 2114 414 2144 nobilitari.

288 2167 363 2197 Item
391 2166 542 2197 habitatio
571 2166 661 2196 debet
689 2174 866 2205 congruere
894 2166 1018 2196 habita-

247 2220 305 2250 tori
323 2230 329 2250 :
344 2228 424 2258 ergo
438 2220 462 2249 si
478 2220 584 2256 homo,
603 2221 731 2258 propter
746 2215 841 2258 Quem
860 2220 959 2250 factus
973 2222 1019 2250 est

248 2273 401 2311 mundus,
423 2276 469 2303 est
490 2272 626 2303 nobilior
648 2273 762 2310 factus,
787 2282 866 2312 ergo
885 2276 915 2303 et
934 2275 1019 2303 totus

248 2326 386 2357 mundus
409 2336 415 2356 :
440 2335 518 2365 ergo
544 2328 574 2356 et
597 2335 729 2365 corpora
752 2326 863 2356 muudi
888 2326 1017 2356 nobilis-

248 2380 338 2410 sima.

289 2434 401 2463 Contra
419 2443 425 2462 :
443 2435 472 2462 1.
489 2432 571 2463 Ν11111
586 2432 669 2471 quod
684 2433 781 2471 perit,
799 2433 1017 2463 remunerabi-

250 2490 318 2517 tur:
334 2486 387 2516 sed
403 2485 471 2516 coeli
488 2486 651 2525 peribunt:
668 2495 747 2524 ergo
763 2495 893 2525 corpora
908 2496 1019 2526 super-

282 2587 286 2599 “
301 2586 341 2615 Cf.
357 2586 383 2609 S.
396 2585 476 2609 Tbom
489 2603 496 2614 ,
513 2585 538 2608 111
550 2584 638 2614 simpl.
657 2591 680 2614 p.
700 2585 744 2614 111,
767 2592 790 2614 (1.
807 2591 859 2613 sel,
881 2587 927 2608 art.
946 2588 972 2616 ¹5
996 2589 1021 2609 et.

252 2621 281 2645 lV
292 2620 371 2650 Seni„
385 2620 442 2644 dist.
457 2626 549 2650 xrvm,
564 2626 588 2650 q.
607 2625 636 2650 ll,
648 2622 693 2643 art.
712 2621 722 2643 1
742 2626 748 2649 ;
765 2620 852 2650 Stepti.
867 2620 970 2649 mules„
987 2621 1018 2645 tV

250 2656 328 2686 sent„
337 2655 396 2680 dist.
405 2661 496 2686 vaur,
507 2663 532 2687 q.
545 2661 571 2685 v;
583 2656 649 2679 Petr.
661 2655 691 2678 de
701 2655 812 2683 Taraut„
825 2655 856 2679 lV
866 2656 946 2685 Sem„
960 2656 1016 2680 dist.

799 179 1107 211 SENTENTIARUM
1132 182 1203 212 Lm.
1231 183 1277 212 tv.

1065 248 1201 279 coelestiu
1223 258 1285 279 non
1307 251 1609 283 remunerabuntur.
1632 252 1733 285 Minor
1752 256 1835 295 patet

1065 310 1103 331 cx
1121 301 1264 333 Psalnio³
1277 313 1282 332 z
1297 302 1336 334 Et
1346 306 1379 334 tu
1391 304 1427 335 in
1435 306 1610 345 principio,
1622 308 1681 337 etc.
1699 306 1737 337 Et
1747 309 1833 347 post:

1066 355 1134 394 Ipsi
1146 356 1306 394 peribunt.

1106 411 1134 438 ⁵2.
1161 409 1235 438 Item
1258 409 1380 440 ratione
1402 411 1539 449 videtur,
1561 412 1635 451 quia
1656 412 1734 442 nihil
1754 421 1838 452 pra?-

1067 461 1195 499 mintur7
1213 462 1273 492 nisi
1289 463 1372 501 quod
1388 463 1566 494 voluntarie
1582 465 1678 495 servit
1692 474 1699 496 :
1714 467 1745 495 et
1758 465 1838 496 nihil

1067 515 1243 545 voluntarie
1265 516 1377 553 servit,
1399 517 1458 546 nisi
1481 517 1565 556 quod
1585 517 1680 548 habet
1701 518 1838 549 liberum

1066 568 1233 599 arbitrium
1252 581 1257 599 :
1275 571 1305 599 et
1320 569 1393 599 talia
1407 579 1471 600 non
1490 572 1565 601 suut
1578 580 1709 610 corpora
1724 580 1836 611 super-

1067 622 1202 652 coelestia
1219 634 1224 652 :
1244 632 1333 662 crgo,
1349 626 1406 654 etc.

1107 678 1135 706 3.
1149 676 1226 706 Item
1239 676 1404 716 dupliciter
1418 677 1571 716 contingit
1584 677 1701 708 mereri
1714 687 1755 708 ex
1767 686 1839 718 ope-

1067 738 1100 759 re.
1119 740 1126 759 ι
1144 731 1199 759 aut
1218 729 1292 769 quia
1309 729 1426 760 sactum
1442 739 1482 760 ex
1501 730 1669 767 charitate,
1690 733 1746 762 aut
1764 731 1839 771 quia

1067 781 1256 812 laboriosum
1274 793 1280 812 :
1297 791 1353 822 per
1367 791 1446 822 opus
1462 783 1547 813 enim
1562 783 1756 815 laboriosum
1770 793 1837 815 me-

1067 838 1155 866 retur
1170 836 1241 875 quis
1256 836 1293 866 de
1313 845 1458 875 congruo
1475 847 1482 866 :
1499 836 1553 867 sed
1575 845 1708 877 corpora
1729 846 1840 877 super-

1068 889 1204 919 coelestia
1220 899 1282 920 non
1298 889 1416 920 faciunt
1430 889 1604 930 quidquam
1620 900 1661 921 ex
1675 890 1838 929 charitate,

1068 952 1124 973 uec
1139 944 1308 973 moventur
1323 952 1396 973 cum
1412 942 1532 981 labore,
1555 943 1630 983 quia
1644 943 1717 974 dicit
1731 943 1839 975 Philo-

1068 996 1185 1035 sophus
1196 996 1221 1034 ⁶,
1254 995 1338 1036 quod
1365 998 1536 1026 moventur
1561 996 1628 1027 sine
1656 996 1782 1035 labore,
1811 998 1841 1027 et

1069 1058 1186 1089 poena:
1209 1058 1298 1088 ergo,
1323 1051 1380 1079 etc.

1109 1106 1138 1133 4.
1159 1103 1251 1140 Item,
1275 1112 1348 1133 cum
1371 1102 1489 1141 duplex
1504 1103 1542 1133 sit
1557 1112 1726 1143 corporum
1743 1111 1841 1143 supe-

1069 1157 1189 1187 riorum
1212 1156 1401 1196 proprietas,
1428 1156 1543 1186 seilicet
1565 1155 1650 1186 calor
1668 1157 1698 1186 et
1717 1155 1792 1192 lux,
1812 1158 1842 1186 et

1069 1210 1208 1240 „serviant
1222 1209 1314 1239 uobis
1328 1212 1483 1248 quantum
1500 1209 1537 1239 ad
1553 1211 1739 1249 utramque3
1763 1201 1842 1248 ergo

1070 1260 1267 1291 remunerari
1289 1260 1403 1291 debent
1421 1263 1578 1300 quantum
1594 1260 1633 1290 ad
1647 1263 1817 1299 utramque
1834 1270 1840 1290 :

1070 1323 1149 1353 ergo
1160 1323 1232 1344 cum
1246 1323 1310 1344 non
1323 1315 1548 1344 remuneretur
1559 1313 1605 1344 sol
1616 1313 1650 1343 in
1660 1313 1773 1351 calore,
1786 1321 1845 1343 nee

1070 1367 1148 1398 luna
1165 1368 1197 1397 in
1212 1367 1400 1406 frigiditate,
1425 1376 1503 1406 ergo
1526 1376 1582 1398 nec
1601 1367 1716 1398 debent
1735 1375 1843 1398 remu-

1071 1421 1174 1451 nerari
1190 1421 1223 1451 in
1240 1421 1353 1460 majori
1370 1420 1502 1451 lumine.

1343 1531 1567 1562 CONCLUSIO.

1074 1616 1191 1651 Corpora
1207 1618 1319 1644 coelestia
1337 1618 1428 1652 aliquo
1451 1618 1526 1644 modo
1545 1617 1766 1652 praemz'abuntur,
1781 1618 1846 1652 quia

1105 1663 1284 1696 pulchriorem
1317 1663 1450 1696 accipient
1486 1662 1685 1696 dispositionem
1713 1661 1750 1688 ad
1776 1669 1847 1697 prm-

1109 1707 1229 1734 mz'andos
1246 1708 1333 1733 bonos.

1114 1793 1204 1834 Resp.
1226 1794 1265 1824 ad
1289 1803 1360 1833 arg.
1386 1793 1558 1824 Dicendum
1580 1793 1662 1833 quod
1684 1793 1847 1833 tripliciter

1073 1849 1119 1877 est
1131 1846 1251 1886 aliquid
1264 1847 1496 1878 remunerabile
1509 1856 1515 1877 ε
1528 1847 1632 1887 primo
1646 1846 1750 1882 modo,
1763 1845 1848 1886 quod

1073 1903 1119 1930 est
1134 1902 1242 1940 aptum
1257 1903 1369 1931 natum
1386 1900 1517 1937 mereri⁷
1534 1903 1564 1930 et
1579 1900 1639 1930 hoc
1653 1903 1700 1930 est
1712 1899 1848 1930 liberum

1073 1954 1257 1991 arbitriuun
1276 1954 1338 1984 alio
1354 1953 1460 1991 modo,
1479 1953 1562 1993 quod
1578 1956 1624 1984 est
1638 1953 1698 1993 ipsi
1715 1952 1849 1984 merenti

1073 2009 1300 2047 conjunctum,
1328 2010 1363 2037 ut
1386 2016 1500 2046 corpus
1522 2007 1724 2045 humanum3
1754 2005 1849 2036 tertio

1073 2062 1183 2099 modo,
1203 2062 1285 2101 quod
1301 2064 1346 2092 est
1361 2062 1399 2092 ad
1418 2062 1523 2101 ipsum
1544 2061 1744 2098 ordinatum,
1768 2059 1848 2090 sicut

1073 2115 1109 2145 ad
1137 2115 1336 2154 obsequium.
1362 2114 1543 2145 Secundum
1574 2114 1633 2144 hoc
1662 2113 1848 2153 praemiatur

1074 2168 1168 2198 homo
1182 2167 1353 2207 aliquando
1368 2167 1401 2196 in
1416 2167 1528 2206 seipso,
1547 2166 1716 2206 aliquando
1730 2166 1764 2196 in
1776 2174 1845 2196 cor-

1074 2229 1164 2260 pore,
1188 2220 1358 2259 aliquando
1378 2220 1411 2249 in
1432 2220 1476 2249 eis
1495 2228 1568 2258 quae
1584 2221 1657 2249 sunt
1672 2219 1730 2249 sibi
1745 2218 1845 2249 utilia.

1074 2272 1125 2303 Sic
1147 2273 1242 2304 etiam
1270 2273 1456 2312 praemiatur
1481 2273 1514 2302 in
1537 2272 1639 2312 seipso
1662 2272 1696 2302 in
1717 2280 1848 2312 corpore

1073 2336 1147 2364 suo,
1172 2330 1201 2357 et
1220 2327 1315 2357 etiam
1337 2327 1370 2356 in
1390 2327 1459 2366 ipso
1478 2326 1614 2363 mundo,
1637 2325 1694 2365 qui
1709 2326 1779 2364 ejus
1800 2326 1848 2355 est

1075 2379 1302 2410 habitaculum.
1317 2378 1403 2409 Unde
1415 2379 1485 2409 dico
1499 2378 1584 2417 quod
1595 2387 1728 2417 corpora
1738 2386 1847 2417 super-

1074 2435 1211 2465 coelestia
1230 2434 1391 2474 praemiari
1407 2442 1472 2463 non
1491 2435 1537 2463 est
1551 2432 1652 2470 aliud,
1674 2440 1771 2472 quam
1786 2431 1844 2462 ho-

1074 2488 1193 2518 minem
1203 2487 1362 2527 praemiari
1372 2487 1405 2516 in
1414 2486 1484 2524 illis,
1497 2486 1572 2526 quia
1583 2485 1735 2516 Dominus
1744 2487 1846 2515 totum

1075 2540 1231 2571 mundum
1246 2540 1383 2570 bominis
1393 2549 1501 2571 amore
1513 2539 1604 2570 faciet
1618 2538 1843 2578 pulchriorem.

1075 2626 1166 2650 xmiu,
1181 2627 1206 2650 q.
1221 2626 1243 2643 v.
1257 2619 1303 2637 ——2
1313 2620 1372 2648 Ism,
1388 2625 1448 2649 xxx,
1467 2620 1505 2642 26.
1521 2618 1570 2636 —8
1582 2618 1651 2644 Psal,
1666 2624 1700 2645 ei.
1714 2619 1753 2647 26,
1766 2618 1805 2641 27.
1815 2630 1845 2635 —

1075 2656 1085 2672 ὅ
1095 2655 1218 2684 Ατίεῑ.,άσ
1231 2655 1305 2684 Cael„
1319 2655 1362 2678 lib.
1381 2656 1400 2685 Ι,
1420 2657 1488 2679 cont.
1504 2656 1526 2678 Ἰ.
