<?xml version="1.0" encoding="UTF-8"?>
<!DOCTYPE html PUBLIC "-//W3C//DTD XHTML 1.0 Transitional//EN"
    "http://www.w3.org/TR/xhtml1/DTD/xhtml1-transitional.dtd">
<html xmlns="http://www.w3.org/1999/xhtml" xml:lang="en" lang="en">
 <head>
  <title>
</title>
<meta http-equiv="Content-Type" content="text/html;charset=utf-8" />
  <meta name='ocr-system' content='tesseract 3.04.00' />
  <meta name='ocr-capabilities' content='ocr_page ocr_carea ocr_par ocr_line ocrx_word'/>
</head>
<body>
  <div class='ocr_page' id='page_1' title='image "./operaomniasixtiv06bonauoft/operaomniasixtiv06bonauoft_0549.png"; bbox 0 0 1991 3006; ppageno 0'>
   <div class='ocr_carea' id='block_1_1' title="bbox 815 214 1765 247">
    <p class='ocr_par' dir='ltr' id='par_1_1' title="bbox 815 214 1765 247">
     <span class='ocr_line' id='line_1_1' title="bbox 815 214 1765 247; baseline -0.001 -2"><span class='ocrx_word' id='word_1_1' title='bbox 815 214 1001 246; x_wconf 90' lang='lat' dir='ltr'>DISTINCT.</span> <span class='ocrx_word' id='word_1_2' title='bbox 1025 214 1128 247; x_wconf 82' lang='lat' dir='ltr'>XLVI.</span> <span class='ocrx_word' id='word_1_3' title='bbox 1707 215 1765 244; x_wconf 73' lang='lat'>523</span> 
     </span>
    </p>
   </div>
   <div class='ocr_carea' id='block_1_2' title="bbox 174 280 1768 2621">
    <p class='ocr_par' dir='ltr' id='par_1_2' title="bbox 178 280 1766 727">
     <span class='ocr_line' id='line_1_2' title="bbox 183 280 1765 326; baseline -0.003 -10"><span class='ocrx_word' id='word_1_4' title='bbox 183 283 365 316; x_wconf 87' lang='lat' dir='ltr'>dulcedinis</span> <span class='ocrx_word' id='word_1_5' title='bbox 377 283 455 324; x_wconf 90' lang='lat' dir='ltr'>Dei;</span> <span class='ocrx_word' id='word_1_6' title='bbox 473 287 538 315; x_wconf 89' lang='lat' dir='ltr'>tam</span> <span class='ocrx_word' id='word_1_7' title='bbox 553 282 686 326; x_wconf 78' lang='lat' dir='ltr'>grandis</span> <span class='ocrx_word' id='word_1_8' title='bbox 701 286 809 315; x_wconf 87' lang='lat' dir='ltr'>tamen</span> <span class='ocrx_word' id='word_1_9' title='bbox 829 286 876 314; x_wconf 87' lang='lat' dir='ltr'>est</span> <span class='ocrx_word' id='word_1_10' title='bbox 893 293 990 326; x_wconf 84' lang='lat' dir='ltr'>poena</span> <span class='ocrx_word' id='word_1_11' title='bbox 1001 308 1009 323; x_wconf 97' lang='lat'>,</span> <span class='ocrx_word' id='word_1_12' title='bbox 1025 285 1063 314; x_wconf 87' lang='lat' dir='ltr'>ut</span> <span class='ocrx_word' id='word_1_13' title='bbox 1085 281 1115 314; x_wconf 87' lang='lat' dir='ltr'>ei</span> <span class='ocrx_word' id='word_1_14' title='bbox 1139 281 1263 326; x_wconf 79' lang='lat' dir='ltr'>possint</span> <span class='ocrx_word' id='word_1_15' title='bbox 1288 282 1383 315; x_wconf 88' lang='lat' dir='ltr'>nulla</span> <span class='ocrx_word' id='word_1_16' title='bbox 1405 284 1567 315; x_wconf 84' lang='lat' dir='ltr'>tormenta</span> <span class='ocrx_word' id='word_1_17' title='bbox 1582 292 1656 325; x_wconf 77' lang='lat' dir='ltr'>qua&gt;</span> <span class='ocrx_word' id='word_1_18' title='bbox 1671 280 1765 313; x_wconf 90' lang='lat' dir='ltr'>novi-</span> 
     </span>
     <span class='ocr_line' id='line_1_3' title="bbox 183 338 1762 384; baseline -0.002 -11"><span class='ocrx_word' id='word_1_19' title='bbox 183 352 276 382; x_wconf 90' lang='lat' dir='ltr'>mus,</span> <span class='ocrx_word' id='word_1_20' title='bbox 293 340 495 384; x_wconf 84' lang='lat' dir='ltr'>comparari,</span> <span class='ocrx_word' id='word_1_21' title='bbox 521 340 547 372; x_wconf 87' lang='lat' dir='ltr'>si</span> <span class='ocrx_word' id='word_1_22' title='bbox 572 340 629 372; x_wconf 87' lang='lat' dir='ltr'>illa</span> <span class='ocrx_word' id='word_1_23' title='bbox 648 340 690 372; x_wconf 87' lang='lat' dir='ltr'>sit</span> <span class='ocrx_word' id='word_1_24' title='bbox 713 343 854 380; x_wconf 71' lang='lat' dir='ltr'>zeterna,</span> <span class='ocrx_word' id='word_1_25' title='bbox 878 339 938 371; x_wconf 87' lang='lat' dir='ltr'>ista</span> <span class='ocrx_word' id='word_1_26' title='bbox 961 343 1070 372; x_wconf 87' lang='lat' dir='ltr'>autem</span> <span class='ocrx_word' id='word_1_27' title='bbox 1094 339 1135 371; x_wconf 89' lang='lat' dir='ltr'>sit</span> <span class='ocrx_word' id='word_1_28' title='bbox 1157 339 1339 383; x_wconf 79' lang='lat' dir='ltr'>quamlibet</span> <span class='ocrx_word' id='word_1_29' title='bbox 1362 339 1475 371; x_wconf 83' lang='lat' dir='ltr'>multis</span> <span class='ocrx_word' id='word_1_30' title='bbox 1498 338 1626 372; x_wconf 66' lang='lat' dir='ltr'>saeculis</span> <span class='ocrx_word' id='word_1_31' title='bbox 1651 338 1762 380; x_wconf 83' lang='lat' dir='ltr'>longa.</span> 
     </span>
     <span class='ocr_line' id='line_1_4' title="bbox 182 395 1762 441; baseline -0.002 -11"><span class='ocrx_word' id='word_1_32' title='bbox 182 398 344 431; x_wconf 76' lang='lat' dir='ltr'>¹Manebit</span> <span class='ocrx_word' id='word_1_33' title='bbox 361 408 438 440; x_wconf 82' lang='lat' dir='ltr'>ergo</span> <span class='ocrx_word' id='word_1_34' title='bbox 451 397 519 430; x_wconf 88' lang='lat' dir='ltr'>sine</span> <span class='ocrx_word' id='word_1_35' title='bbox 535 396 600 430; x_wconf 75' lang='lat' dir='ltr'>tine</span> <span class='ocrx_word' id='word_1_36' title='bbox 624 408 711 430; x_wconf 82' lang='lat' dir='ltr'>mors</span> <span class='ocrx_word' id='word_1_37' title='bbox 736 401 892 441; x_wconf 88' lang='lat' dir='ltr'>perpetua</span> <span class='ocrx_word' id='word_1_38' title='bbox 917 397 1167 437; x_wconf 73' lang='lat' dir='ltr'>damnatorum,</span> <span class='ocrx_word' id='word_1_39' title='bbox 1183 401 1214 429; x_wconf 85' lang='lat' dir='ltr'>et</span> <span class='ocrx_word' id='word_1_40' title='bbox 1230 397 1298 440; x_wconf 86' lang='lat' dir='ltr'>ipsa</span> <span class='ocrx_word' id='word_1_41' title='bbox 1313 397 1465 429; x_wconf 79' lang='lat' dir='ltr'>omnibus</span> <span class='ocrx_word' id='word_1_42' title='bbox 1480 396 1542 429; x_wconf 88' lang='lat' dir='ltr'>erit</span> <span class='ocrx_word' id='word_1_43' title='bbox 1556 395 1742 428; x_wconf 88' lang='lat' dir='ltr'>communis</span> <span class='ocrx_word' id='word_1_44' title='bbox 1754 421 1762 436; x_wconf 95' lang='lat'>‚</span> 
     </span>
     <span class='ocr_line' id='line_1_5' title="bbox 180 453 1765 497; baseline -0.001 -10"><span class='ocrx_word' id='word_1_45' title='bbox 180 455 263 487; x_wconf 85' lang='lat' dir='ltr'>sicut</span> <span class='ocrx_word' id='word_1_46' title='bbox 277 454 419 487; x_wconf 87' lang='lat' dir='ltr'>manebit</span> <span class='ocrx_word' id='word_1_47' title='bbox 435 454 653 486; x_wconf 83' lang='lat' dir='ltr'>communiter</span> <span class='ocrx_word' id='word_1_48' title='bbox 665 454 814 487; x_wconf 85' lang='lat' dir='ltr'>omnium</span> <span class='ocrx_word' id='word_1_49' title='bbox 831 454 899 486; x_wconf 83' lang='lat' dir='ltr'>vita</span> <span class='ocrx_word' id='word_1_50' title='bbox 913 458 1035 486; x_wconf 74' lang='lat' dir='ltr'>aeterna</span> <span class='ocrx_word' id='word_1_51' title='bbox 1049 457 1247 486; x_wconf 86' lang='lat' dir='ltr'>sanctorum.</span> <span class='ocrx_word' id='word_1_52' title='bbox 1268 466 1283 483; x_wconf 64' lang='lat'>&gt;³</span> <span class='ocrx_word' id='word_1_53' title='bbox 1300 454 1378 486; x_wconf 86' lang='lat' dir='ltr'>Ecce</span> <span class='ocrx_word' id='word_1_54' title='bbox 1394 453 1439 486; x_wconf 88' lang='lat' dir='ltr'>ita</span> <span class='ocrx_word' id='word_1_55' title='bbox 1454 453 1567 486; x_wconf 86' lang='lat' dir='ltr'>asserit</span> <span class='ocrx_word' id='word_1_56' title='bbox 1583 453 1636 486; x_wconf 85' lang='lat' dir='ltr'>liic</span> <span class='ocrx_word' id='word_1_57' title='bbox 1650 464 1765 497; x_wconf 82' lang='lat' dir='ltr'>poeuas</span> 
     </span>
     <span class='ocr_line' id='line_1_6' title="bbox 179 510 1766 555; baseline -0.001 -11"><span class='ocrx_word' id='word_1_58' title='bbox 179 511 393 555; x_wconf 86' lang='lat' dir='ltr'>reproborum</span> <span class='ocrx_word' id='word_1_59' title='bbox 408 522 474 543; x_wconf 91' lang='lat' dir='ltr'>non</span> <span class='ocrx_word' id='word_1_60' title='bbox 495 522 561 543; x_wconf 81' lang='lat' dir='ltr'>esse</span> <span class='ocrx_word' id='word_1_61' title='bbox 577 511 737 544; x_wconf 89' lang='lat' dir='ltr'>finiendas</span> <span class='ocrx_word' id='word_1_62' title='bbox 753 537 761 552; x_wconf 85' lang='lat'>,</span> <span class='ocrx_word' id='word_1_63' title='bbox 779 511 867 554; x_wconf 87' lang='lat' dir='ltr'>quod</span> <span class='ocrx_word' id='word_1_64' title='bbox 890 522 956 543; x_wconf 90' lang='lat' dir='ltr'>non</span> <span class='ocrx_word' id='word_1_65' title='bbox 980 511 1162 554; x_wconf 85' lang='lat' dir='ltr'>improbat,</span> <span class='ocrx_word' id='word_1_66' title='bbox 1186 510 1212 542; x_wconf 89' lang='lat' dir='ltr'>si</span> <span class='ocrx_word' id='word_1_67' title='bbox 1235 510 1362 543; x_wconf 78' lang='lat' dir='ltr'>dicatur</span> <span class='ocrx_word' id='word_1_68' title='bbox 1384 522 1497 542; x_wconf 76' lang='lat' dir='ltr'>eorum</span> <span class='ocrx_word' id='word_1_69' title='bbox 1523 510 1683 554; x_wconf 88' lang='lat' dir='ltr'>supplicio</span> <span class='ocrx_word' id='word_1_70' title='bbox 1707 510 1766 543; x_wconf 82' lang='lat' dir='ltr'>ali-</span> 
     </span>
     <span class='ocr_line' id='line_1_7' title="bbox 179 567 1761 612; baseline 0 -12"><span class='ocrx_word' id='word_1_71' title='bbox 179 568 267 612; x_wconf 85' lang='lat' dir='ltr'>quod</span> <span class='ocrx_word' id='word_1_72' title='bbox 282 568 430 601; x_wconf 85' lang='lat' dir='ltr'>levamen</span> <span class='ocrx_word' id='word_1_73' title='bbox 445 568 603 601; x_wconf 87' lang='lat' dir='ltr'>adhiberi.</span> <span class='ocrx_word' id='word_1_74' title='bbox 624 568 718 601; x_wconf 88' lang='lat' dir='ltr'>Unde</span> <span class='ocrx_word' id='word_1_75' title='bbox 734 579 799 601; x_wconf 81' lang='lat' dir='ltr'>non</span> <span class='ocrx_word' id='word_1_76' title='bbox 813 569 993 611; x_wconf 77' lang='lat' dir='ltr'>incongrue</span> <span class='ocrx_word' id='word_1_77' title='bbox 1005 568 1067 600; x_wconf 89' lang='lat' dir='ltr'>dici</span> <span class='ocrx_word' id='word_1_78' title='bbox 1088 571 1208 611; x_wconf 85' lang='lat' dir='ltr'>potest,</span> <span class='ocrx_word' id='word_1_79' title='bbox 1224 567 1329 600; x_wconf 85' lang='lat' dir='ltr'>Deum</span> <span class='ocrx_word' id='word_1_80' title='bbox 1344 567 1404 599; x_wconf 87' lang='lat' dir='ltr'>etsi</span> <span class='ocrx_word' id='word_1_81' title='bbox 1415 568 1502 610; x_wconf 81' lang='lat' dir='ltr'>juste</span> <span class='ocrx_word' id='word_1_82' title='bbox 1518 567 1549 599; x_wconf 91' lang='lat' dir='ltr'>id</span> <span class='ocrx_word' id='word_1_83' title='bbox 1566 567 1677 611; x_wconf 81' lang='lat' dir='ltr'>possit,</span> <span class='ocrx_word' id='word_1_84' title='bbox 1694 578 1761 600; x_wconf 89' lang='lat' dir='ltr'>non</span> 
     </span>
     <span class='ocr_line' id='line_1_8' title="bbox 178 624 1763 670; baseline -0.001 -12"><span class='ocrx_word' id='word_1_85' title='bbox 178 626 313 658; x_wconf 88' lang='lat' dir='ltr'>omnino</span> <span class='ocrx_word' id='word_1_86' title='bbox 336 629 462 658; x_wconf 89' lang='lat' dir='ltr'>tantum</span> <span class='ocrx_word' id='word_1_87' title='bbox 487 625 605 669; x_wconf 89' lang='lat' dir='ltr'>punire</span> <span class='ocrx_word' id='word_1_88' title='bbox 631 626 734 658; x_wconf 89' lang='lat' dir='ltr'>malos</span> <span class='ocrx_word' id='word_1_89' title='bbox 757 626 792 658; x_wconf 88' lang='lat' dir='ltr'>in</span> <span class='ocrx_word' id='word_1_90' title='bbox 816 626 930 658; x_wconf 89' lang='lat' dir='ltr'>futuro</span> <span class='ocrx_word' id='word_1_91' title='bbox 951 630 1112 670; x_wconf 85' lang='lat' dir='ltr'>quantum</span> <span class='ocrx_word' id='word_1_92' title='bbox 1131 628 1345 665; x_wconf 83' lang='lat' dir='ltr'>meruerunt3</span> <span class='ocrx_word' id='word_1_93' title='bbox 1362 625 1417 657; x_wconf 87' lang='lat' dir='ltr'>sed</span> <span class='ocrx_word' id='word_1_94' title='bbox 1432 624 1478 657; x_wconf 91' lang='lat' dir='ltr'>eis</span> <span class='ocrx_word' id='word_1_95' title='bbox 1492 625 1639 669; x_wconf 79' lang='lat' dir='ltr'>aliquid,</span> <span class='ocrx_word' id='word_1_96' title='bbox 1657 636 1763 669; x_wconf 83' lang='lat' dir='ltr'>quan-</span> 
     </span>
     <span class='ocr_line' id='line_1_9' title="bbox 178 682 926 727; baseline 0 -12"><span class='ocrx_word' id='word_1_97' title='bbox 178 684 392 726; x_wconf 85' lang='lat' dir='ltr'>tumcumque</span> <span class='ocrx_word' id='word_1_98' title='bbox 407 682 484 715; x_wconf 87' lang='lat' dir='ltr'>mali</span> <span class='ocrx_word' id='word_1_99' title='bbox 498 682 580 724; x_wconf 89' lang='lat' dir='ltr'>sint,</span> <span class='ocrx_word' id='word_1_100' title='bbox 598 683 637 715; x_wconf 87' lang='lat' dir='ltr'>de</span> <span class='ocrx_word' id='word_1_101' title='bbox 653 694 749 727; x_wconf 85' lang='lat' dir='ltr'>poena</span> <span class='ocrx_word' id='word_1_102' title='bbox 770 683 926 716; x_wconf 82' lang='lat' dir='ltr'>relaxare.</span> 
     </span>
    </p>

    <p class='ocr_par' dir='ltr' id='par_1_3' title="bbox 174 739 1768 1815">
     <span class='ocr_line' id='line_1_10' title="bbox 222 739 1767 783; baseline 0.001 -12"><span class='ocrx_word' id='word_1_103' title='bbox 222 739 315 779; x_wconf 87' lang='lat' dir='ltr'>Quod</span> <span class='ocrx_word' id='word_1_104' title='bbox 331 750 407 782; x_wconf 86' lang='lat' dir='ltr'>ergo</span> <span class='ocrx_word' id='word_1_105' title='bbox 422 739 545 772; x_wconf 88' lang='lat' dir='ltr'>dictum</span> <span class='ocrx_word' id='word_1_106' title='bbox 559 740 804 783; x_wconf 84' lang='lat' dir='ltr'>est‚judicium</span> <span class='ocrx_word' id='word_1_107' title='bbox 828 741 898 773; x_wconf 87' lang='lat' dir='ltr'>sinc</span> <span class='ocrx_word' id='word_1_108' title='bbox 923 741 1142 774; x_wconf 75' lang='lat' dir='ltr'>misericordia</span> <span class='ocrx_word' id='word_1_109' title='bbox 1168 740 1240 772; x_wconf 88' lang='lat' dir='ltr'>fieri</span> <span class='ocrx_word' id='word_1_110' title='bbox 1268 739 1341 780; x_wconf 86' lang='lat' dir='ltr'>illi,</span> <span class='ocrx_word' id='word_1_111' title='bbox 1365 740 1423 783; x_wconf 80' lang='lat' dir='ltr'>qui</span> <span class='ocrx_word' id='word_1_112' title='bbox 1450 750 1514 772; x_wconf 92' lang='grc' dir='ltr'>ηοη</span> <span class='ocrx_word' id='word_1_113' title='bbox 1545 739 1619 772; x_wconf 81' lang='lat' dir='ltr'>fecit</span> <span class='ocrx_word' id='word_1_114' title='bbox 1644 740 1767 772; x_wconf 75' lang='lat' dir='ltr'>miseri-</span> 
     </span>
     <span class='ocr_line' id='line_1_11' title="bbox 176 796 1767 841; baseline 0 -12"><span class='ocrx_word' id='word_1_115' title='bbox 176 796 319 830; x_wconf 84' lang='lat' dir='ltr'>cordiam</span> <span class='ocrx_word' id='word_1_116' title='bbox 332 822 340 837; x_wconf 96' lang='lat'>,</span> <span class='ocrx_word' id='word_1_117' title='bbox 357 797 402 829; x_wconf 91' lang='lat' dir='ltr'>ita</span> <span class='ocrx_word' id='word_1_118' title='bbox 425 797 565 840; x_wconf 76' lang='lat' dir='ltr'>intelligi</span> <span class='ocrx_word' id='word_1_119' title='bbox 581 801 684 841; x_wconf 87' lang='lat' dir='ltr'>potest</span> <span class='ocrx_word' id='word_1_120' title='bbox 700 823 708 837; x_wconf 87' lang='lat'>,</span> <span class='ocrx_word' id='word_1_121' title='bbox 726 798 813 841; x_wconf 88' lang='lat' dir='ltr'>quod</span> <span class='ocrx_word' id='word_1_122' title='bbox 833 798 995 841; x_wconf 84' lang='lat' dir='ltr'>judicium</span> <span class='ocrx_word' id='word_1_123' title='bbox 1014 798 1232 830; x_wconf 84' lang='lat' dir='ltr'>damnationis</span> <span class='ocrx_word' id='word_1_124' title='bbox 1248 797 1304 829; x_wconf 89' lang='lat' dir='ltr'>fiet</span> <span class='ocrx_word' id='word_1_125' title='bbox 1327 796 1377 829; x_wconf 89' lang='lat' dir='ltr'>illi</span> <span class='ocrx_word' id='word_1_126' title='bbox 1392 797 1449 840; x_wconf 83' lang='lat' dir='ltr'>qui</span> <span class='ocrx_word' id='word_1_127' title='bbox 1464 808 1529 829; x_wconf 84' lang='lat' dir='ltr'>non</span> <span class='ocrx_word' id='word_1_128' title='bbox 1551 796 1625 829; x_wconf 87' lang='lat' dir='ltr'>fecit</span> <span class='ocrx_word' id='word_1_129' title='bbox 1642 797 1767 830; x_wconf 87' lang='lat' dir='ltr'>miseri-</span> 
     </span>
     <span class='ocr_line' id='line_1_12' title="bbox 176 853 1767 898; baseline 0.001 -12"><span class='ocrx_word' id='word_1_130' title='bbox 176 853 339 892; x_wconf 80' lang='lat' dir='ltr'>cordiam,</span> <span class='ocrx_word' id='word_1_131' title='bbox 358 865 416 898; x_wconf 87' lang='lat' dir='ltr'>pro</span> <span class='ocrx_word' id='word_1_132' title='bbox 438 865 476 886; x_wconf 91' lang='lat' dir='ltr'>eo</span> <span class='ocrx_word' id='word_1_133' title='bbox 491 854 577 898; x_wconf 86' lang='lat' dir='ltr'>quod</span> <span class='ocrx_word' id='word_1_134' title='bbox 594 858 670 886; x_wconf 92' lang='lat' dir='ltr'>sunt</span> <span class='ocrx_word' id='word_1_135' title='bbox 690 854 760 887; x_wconf 88' lang='lat' dir='ltr'>sine</span> <span class='ocrx_word' id='word_1_136' title='bbox 781 855 1012 888; x_wconf 80' lang='lat' dir='ltr'>misericordia.</span> <span class='ocrx_word' id='word_1_137' title='bbox 1034 855 1096 888; x_wconf 84' lang='lat' dir='ltr'>Vel</span> <span class='ocrx_word' id='word_1_138' title='bbox 1122 856 1177 887; x_wconf 84' lang='lat' dir='ltr'>tiet</span> <span class='ocrx_word' id='word_1_139' title='bbox 1197 854 1362 898; x_wconf 83' lang='lat' dir='ltr'>judicium</span> <span class='ocrx_word' id='word_1_140' title='bbox 1387 854 1416 886; x_wconf 83' lang='lat' dir='ltr'>ei</span> <span class='ocrx_word' id='word_1_141' title='bbox 1440 854 1510 886; x_wconf 87' lang='lat' dir='ltr'>sine</span> <span class='ocrx_word' id='word_1_142' title='bbox 1546 853 1767 887; x_wconf 81' lang='lat' dir='ltr'>misericordia</span> 
     </span>
     <span class='ocr_line' id='line_1_13' title="bbox 177 911 1764 956; baseline 0 -12"><span class='ocrx_word' id='word_1_143' title='bbox 177 912 336 944; x_wconf 83' lang='lat' dir='ltr'>liberante</span> <span class='ocrx_word' id='word_1_144' title='bbox 350 916 382 944; x_wconf 90' lang='lat' dir='ltr'>et</span> <span class='ocrx_word' id='word_1_145' title='bbox 395 912 562 952; x_wconf 79' lang='lat' dir='ltr'>salvante,</span> <span class='ocrx_word' id='word_1_146' title='bbox 579 912 637 956; x_wconf 88' lang='lat' dir='ltr'>qui</span> <span class='ocrx_word' id='word_1_147' title='bbox 662 916 771 944; x_wconf 88' lang='lat' dir='ltr'>tamen</span> <span class='ocrx_word' id='word_1_148' title='bbox 795 912 906 955; x_wconf 79' lang='lat' dir='ltr'>aliqua</span> <span class='ocrx_word' id='word_1_149' title='bbox 930 924 1032 956; x_wconf 78' lang='lat' dir='ltr'>poenoe</span> <span class='ocrx_word' id='word_1_150' title='bbox 1056 912 1252 945; x_wconf 71' lang='lat' dir='ltr'>allevatione</span> <span class='ocrx_word' id='word_1_151' title='bbox 1277 911 1531 944; x_wconf 85' lang='lat' dir='ltr'>misericordiam</span> <span class='ocrx_word' id='word_1_152' title='bbox 1556 911 1613 943; x_wconf 85' lang='lat' dir='ltr'>Dei</span> <span class='ocrx_word' id='word_1_153' title='bbox 1638 912 1764 945; x_wconf 86' lang='lat' dir='ltr'>sentiet.</span> 
     </span>
     <span class='ocr_line' id='line_1_14' title="bbox 176 969 1767 1013; baseline 0.001 -12"><span class='ocrx_word' id='word_1_154' title='bbox 176 969 226 1002; x_wconf 90' lang='lat' dir='ltr'>Ita</span> <span class='ocrx_word' id='word_1_155' title='bbox 240 980 315 1001; x_wconf 89' lang='lat' dir='ltr'>cum</span> <span class='ocrx_word' id='word_1_156' title='bbox 330 969 449 1001; x_wconf 89' lang='lat' dir='ltr'>dicitur</span> <span class='ocrx_word' id='word_1_157' title='bbox 463 969 683 1002; x_wconf 79' lang='lat' dir='ltr'>misericordia</span> <span class='ocrx_word' id='word_1_158' title='bbox 700 969 770 1009; x_wconf 87' lang='lat' dir='ltr'>hic,</span> <span class='ocrx_word' id='word_1_159' title='bbox 786 969 949 1013; x_wconf 87' lang='lat' dir='ltr'>judicium</span> <span class='ocrx_word' id='word_1_160' title='bbox 965 971 1000 1002; x_wconf 90' lang='lat' dir='ltr'>in</span> <span class='ocrx_word' id='word_1_161' title='bbox 1024 970 1150 1009; x_wconf 81' lang='lat' dir='ltr'>futuro,</span> <span class='ocrx_word' id='word_1_162' title='bbox 1174 980 1240 1001; x_wconf 90' lang='lat' dir='ltr'>non</span> <span class='ocrx_word' id='word_1_163' title='bbox 1266 974 1404 1012; x_wconf 78' lang='lat' dir='ltr'>negatur</span> <span class='ocrx_word' id='word_1_164' title='bbox 1419 969 1576 1013; x_wconf 85' lang='lat' dir='ltr'>quoniam</span> <span class='ocrx_word' id='word_1_165' title='bbox 1600 969 1634 1001; x_wconf 91' lang='lat' dir='ltr'>in</span> <span class='ocrx_word' id='word_1_166' title='bbox 1655 969 1767 1002; x_wconf 83' lang='lat' dir='ltr'>futuro</span> 
     </span>
     <span class='ocr_line' id='line_1_15' title="bbox 177 1026 1768 1070; baseline 0 -11"><span class='ocrx_word' id='word_1_167' title='bbox 177 1026 218 1059; x_wconf 77' lang='lat' dir='ltr'>sit</span> <span class='ocrx_word' id='word_1_168' title='bbox 233 1026 461 1059; x_wconf 83' lang='lat' dir='ltr'>misericordiae</span> <span class='ocrx_word' id='word_1_169' title='bbox 475 1026 608 1058; x_wconf 84' lang='lat' dir='ltr'>effectus</span> <span class='ocrx_word' id='word_1_170' title='bbox 621 1052 629 1065; x_wconf 89' lang='lat'>,</span> <span class='ocrx_word' id='word_1_171' title='bbox 647 1026 726 1058; x_wconf 86' lang='lat' dir='ltr'>etin</span> <span class='ocrx_word' id='word_1_172' title='bbox 749 1027 858 1058; x_wconf 78' lang='lat' dir='ltr'>electis</span> <span class='ocrx_word' id='word_1_173' title='bbox 880 1027 937 1070; x_wconf 85' lang='lat' dir='ltr'>qui</span> <span class='ocrx_word' id='word_1_174' title='bbox 958 1038 1015 1070; x_wconf 86' lang='lat' dir='ltr'>per</span> <span class='ocrx_word' id='word_1_175' title='bbox 1040 1027 1295 1059; x_wconf 85' lang='lat' dir='ltr'>misericordiam</span> <span class='ocrx_word' id='word_1_176' title='bbox 1315 1027 1355 1059; x_wconf 87' lang='lat' dir='ltr'>ab</span> <span class='ocrx_word' id='word_1_177' title='bbox 1381 1026 1472 1058; x_wconf 88' lang='lat' dir='ltr'>omni</span> <span class='ocrx_word' id='word_1_178' title='bbox 1498 1026 1628 1058; x_wconf 88' lang='lat' dir='ltr'>miseria</span> <span class='ocrx_word' id='word_1_179' title='bbox 1650 1026 1768 1059; x_wconf 87' lang='lat' dir='ltr'>libera-</span> 
     </span>
     <span class='ocr_line' id='line_1_16' title="bbox 177 1083 1767 1128; baseline -0.001 -12"><span class='ocrx_word' id='word_1_180' title='bbox 177 1083 314 1124; x_wconf 86' lang='lat' dir='ltr'>buntur,</span> <span class='ocrx_word' id='word_1_181' title='bbox 332 1084 411 1116; x_wconf 88' lang='lat' dir='ltr'>etin</span> <span class='ocrx_word' id='word_1_182' title='bbox 434 1084 588 1128; x_wconf 74' lang='lat' dir='ltr'>reprobos</span> <span class='ocrx_word' id='word_1_183' title='bbox 610 1083 667 1127; x_wconf 85' lang='lat' dir='ltr'>qui</span> <span class='ocrx_word' id='word_1_184' title='bbox 690 1084 800 1116; x_wconf 89' lang='lat' dir='ltr'>minus</span> <span class='ocrx_word' id='word_1_185' title='bbox 824 1095 924 1127; x_wconf 78' lang='lat' dir='ltr'>quani</span> <span class='ocrx_word' id='word_1_186' title='bbox 948 1084 1151 1124; x_wconf 90' lang='lat' dir='ltr'>meruerint,</span> <span class='ocrx_word' id='word_1_187' title='bbox 1174 1084 1420 1116; x_wconf 86' lang='lat' dir='ltr'>cruciabuntur.</span> <span class='ocrx_word' id='word_1_188' title='bbox 1440 1083 1504 1116; x_wconf 85' lang='lat' dir='ltr'>Sed</span> <span class='ocrx_word' id='word_1_189' title='bbox 1530 1083 1582 1116; x_wconf 92' lang='lat' dir='ltr'>hic</span> <span class='ocrx_word' id='word_1_190' title='bbox 1608 1094 1676 1116; x_wconf 91' lang='lat' dir='ltr'>non</span> <span class='ocrx_word' id='word_1_191' title='bbox 1699 1083 1767 1116; x_wconf 91' lang='lat' dir='ltr'>sine</span> 
     </span>
     <span class='ocr_line' id='line_1_17' title="bbox 176 1140 1767 1185; baseline 0.001 -13"><span class='ocrx_word' id='word_1_192' title='bbox 176 1151 274 1173; x_wconf 86' lang='lat' dir='ltr'>causa</span> <span class='ocrx_word' id='word_1_193' title='bbox 288 1140 408 1173; x_wconf 87' lang='lat' dir='ltr'>dicitur</span> <span class='ocrx_word' id='word_1_194' title='bbox 420 1140 492 1173; x_wconf 88' lang='lat' dir='ltr'>fieri</span> <span class='ocrx_word' id='word_1_195' title='bbox 510 1140 569 1173; x_wconf 88' lang='lat' dir='ltr'>Dei</span> <span class='ocrx_word' id='word_1_196' title='bbox 585 1140 816 1181; x_wconf 76' lang='lat' dir='ltr'>misericordia,</span> <span class='ocrx_word' id='word_1_197' title='bbox 834 1147 864 1173; x_wconf 87' lang='lat' dir='ltr'>ct</span> <span class='ocrx_word' id='word_1_198' title='bbox 877 1141 1040 1184; x_wconf 84' lang='lat' dir='ltr'>judicium</span> <span class='ocrx_word' id='word_1_199' title='bbox 1056 1141 1091 1173; x_wconf 88' lang='lat' dir='ltr'>in</span> <span class='ocrx_word' id='word_1_200' title='bbox 1108 1141 1231 1181; x_wconf 81' lang='lat' dir='ltr'>futuro,</span> <span class='ocrx_word' id='word_1_201' title='bbox 1249 1141 1328 1185; x_wconf 86' lang='lat' dir='ltr'>quia</span> <span class='ocrx_word' id='word_1_202' title='bbox 1343 1141 1439 1173; x_wconf 90' lang='lat' dir='ltr'>ethic</span> <span class='ocrx_word' id='word_1_203' title='bbox 1456 1141 1568 1173; x_wconf 87' lang='lat' dir='ltr'>multis</span> <span class='ocrx_word' id='word_1_204' title='bbox 1585 1141 1687 1174; x_wconf 80' lang='lat' dir='ltr'>modis</span> <span class='ocrx_word' id='word_1_205' title='bbox 1707 1141 1767 1173; x_wconf 87' lang='lat' dir='ltr'>mi-</span> 
     </span>
     <span class='ocr_line' id='line_1_18' title="bbox 177 1197 1767 1242; baseline 0 -12"><span class='ocrx_word' id='word_1_206' title='bbox 177 1201 303 1230; x_wconf 89' lang='lat' dir='ltr'>seretur</span> <span class='ocrx_word' id='word_1_207' title='bbox 316 1197 420 1239; x_wconf 90' lang='lat' dir='ltr'>Deus,</span> <span class='ocrx_word' id='word_1_208' title='bbox 438 1198 560 1242; x_wconf 84' lang='lat' dir='ltr'>quibus</span> <span class='ocrx_word' id='word_1_209' title='bbox 573 1209 640 1230; x_wconf 87' lang='lat' dir='ltr'>non</span> <span class='ocrx_word' id='word_1_210' title='bbox 658 1198 863 1231; x_wconf 82' lang='lat' dir='ltr'>miserebitur</span> <span class='ocrx_word' id='word_1_211' title='bbox 879 1202 978 1240; x_wconf 86' lang='lat' dir='ltr'>tunc;</span> <span class='ocrx_word' id='word_1_212' title='bbox 995 1203 1087 1231; x_wconf 85' lang='lat' dir='ltr'>vocat</span> <span class='ocrx_word' id='word_1_213' title='bbox 1107 1199 1193 1231; x_wconf 86' lang='lat' dir='ltr'>enim</span> <span class='ocrx_word' id='word_1_214' title='bbox 1213 1198 1299 1231; x_wconf 89' lang='lat' dir='ltr'>Deus</span> <span class='ocrx_word' id='word_1_215' title='bbox 1319 1209 1407 1230; x_wconf 90' lang='lat' dir='ltr'>nunc</span> <span class='ocrx_word' id='word_1_216' title='bbox 1428 1202 1608 1242; x_wconf 82' lang='lat' dir='ltr'>peccatores</span> <span class='ocrx_word' id='word_1_217' title='bbox 1622 1199 1632 1214; x_wconf 70' lang='lat'>&#39;³</span> <span class='ocrx_word' id='word_1_218' title='bbox 1647 1203 1677 1230; x_wconf 83' lang='lat' dir='ltr'>et</span> <span class='ocrx_word' id='word_1_219' title='bbox 1695 1199 1767 1242; x_wconf 86' lang='lat' dir='ltr'>jus-</span> 
     </span>
     <span class='ocr_line' id='line_1_19' title="bbox 178 1255 1767 1300; baseline 0.001 -12"><span class='ocrx_word' id='word_1_220' title='bbox 178 1255 280 1288; x_wconf 84' lang='lat' dir='ltr'>tificat</span> <span class='ocrx_word' id='word_1_221' title='bbox 292 1283 299 1297; x_wconf 94' lang='lat'>,</span> <span class='ocrx_word' id='word_1_222' title='bbox 317 1255 405 1300; x_wconf 90' lang='lat' dir='ltr'>quod</span> <span class='ocrx_word' id='word_1_223' title='bbox 420 1260 498 1288; x_wconf 81' lang='lat' dir='ltr'>tunc</span> <span class='ocrx_word' id='word_1_224' title='bbox 513 1266 578 1288; x_wconf 90' lang='lat' dir='ltr'>non</span> <span class='ocrx_word' id='word_1_225' title='bbox 594 1256 688 1288; x_wconf 85' lang='lat' dir='ltr'>faciet</span> <span class='ocrx_word' id='word_1_226' title='bbox 702 1269 709 1297; x_wconf 90' lang='lat'>;</span> <span class='ocrx_word' id='word_1_227' title='bbox 726 1261 756 1288; x_wconf 86' lang='lat' dir='ltr'>ct</span> <span class='ocrx_word' id='word_1_228' title='bbox 773 1260 851 1288; x_wconf 88' lang='lat' dir='ltr'>tunc</span> <span class='ocrx_word' id='word_1_229' title='bbox 867 1256 1004 1288; x_wconf 86' lang='lat' dir='ltr'>reddens</span> <span class='ocrx_word' id='word_1_230' title='bbox 1018 1256 1160 1299; x_wconf 82' lang='lat' dir='ltr'>singulis</span> <span class='ocrx_word' id='word_1_231' title='bbox 1175 1256 1356 1289; x_wconf 86' lang='lat' dir='ltr'>secundum</span> <span class='ocrx_word' id='word_1_232' title='bbox 1374 1257 1490 1288; x_wconf 85' lang='lat' dir='ltr'>merita</span> <span class='ocrx_word' id='word_1_233' title='bbox 1505 1267 1576 1296; x_wconf 89' lang='lat' dir='ltr'>sua,</span> <span class='ocrx_word' id='word_1_234' title='bbox 1598 1256 1767 1289; x_wconf 86' lang='lat' dir='ltr'>manifeste</span> 
     </span>
     <span class='ocr_line' id='line_1_20' title="bbox 178 1312 1767 1358; baseline 0 -13"><span class='ocrx_word' id='word_1_235' title='bbox 178 1312 369 1354; x_wconf 84' lang='lat' dir='ltr'>vindicabit,</span> <span class='ocrx_word' id='word_1_236' title='bbox 386 1313 444 1357; x_wconf 89' lang='lat' dir='ltr'>qui</span> <span class='ocrx_word' id='word_1_237' title='bbox 459 1324 547 1345; x_wconf 86' lang='lat' dir='ltr'>nunc</span> <span class='ocrx_word' id='word_1_238' title='bbox 561 1313 685 1345; x_wconf 83' lang='lat' dir='ltr'>occulte</span> <span class='ocrx_word' id='word_1_239' title='bbox 697 1313 833 1357; x_wconf 85' lang='lat' dir='ltr'>judicat.</span> <span class='ocrx_word' id='word_1_240' title='bbox 858 1314 960 1357; x_wconf 87' lang='lat' dir='ltr'>Cujus</span> <span class='ocrx_word' id='word_1_241' title='bbox 974 1314 1138 1347; x_wconf 85' lang='lat' dir='ltr'>occultum</span> <span class='ocrx_word' id='word_1_242' title='bbox 1158 1314 1322 1358; x_wconf 85' lang='lat' dir='ltr'>judicium</span> <span class='ocrx_word' id='word_1_243' title='bbox 1341 1314 1400 1356; x_wconf 78' lang='lat' dir='ltr'>(ut</span> <span class='ocrx_word' id='word_1_244' title='bbox 1415 1314 1459 1346; x_wconf 89' lang='lat' dir='ltr'>ait</span> <span class='ocrx_word' id='word_1_245' title='bbox 1472 1314 1677 1356; x_wconf 81' lang='lat' dir='ltr'>Augustinus</span> <span class='ocrx_word' id='word_1_246' title='bbox 1692 1314 1700 1357; x_wconf 90' lang='lat'>)</span> <span class='ocrx_word' id='word_1_247' title='bbox 1718 1314 1767 1346; x_wconf 89' lang='lat' dir='ltr'>in-</span> 
     </span>
     <span class='ocr_line' id='line_1_21' title="bbox 179 1369 1766 1416; baseline 0.001 -14"><span class='ocrx_word' id='word_1_248' title='bbox 179 1369 339 1412; x_wconf 82' lang='lat' dir='ltr'>telligitur</span> <span class='ocrx_word' id='word_1_249' title='bbox 355 1381 452 1414; x_wconf 83' lang='lat' dir='ltr'>poena</span> <span class='ocrx_word' id='word_1_250' title='bbox 464 1396 473 1411; x_wconf 90' lang='lat'>,</span> <span class='ocrx_word' id='word_1_251' title='bbox 490 1381 555 1414; x_wconf 85' lang='lat' dir='ltr'>qua</span> <span class='ocrx_word' id='word_1_252' title='bbox 570 1371 710 1414; x_wconf 86' lang='lat' dir='ltr'>quisque</span> <span class='ocrx_word' id='word_1_253' title='bbox 727 1371 777 1403; x_wconf 92' lang='lat' dir='ltr'>vel</span> <span class='ocrx_word' id='word_1_254' title='bbox 794 1375 963 1404; x_wconf 75' lang='lat' dir='ltr'>exercetur</span> <span class='ocrx_word' id='word_1_255' title='bbox 978 1371 1018 1404; x_wconf 92' lang='lat' dir='ltr'>ad</span> <span class='ocrx_word' id='word_1_256' title='bbox 1034 1372 1277 1416; x_wconf 78' lang='lat' dir='ltr'>purgationem,</span> <span class='ocrx_word' id='word_1_257' title='bbox 1294 1372 1345 1404; x_wconf 91' lang='lat' dir='ltr'>vel</span> <span class='ocrx_word' id='word_1_258' title='bbox 1367 1371 1561 1404; x_wconf 85' lang='lat' dir='ltr'>admonetur</span> <span class='ocrx_word' id='word_1_259' title='bbox 1576 1371 1616 1404; x_wconf 88' lang='lat' dir='ltr'>ad</span> <span class='ocrx_word' id='word_1_260' title='bbox 1632 1382 1766 1404; x_wconf 87' lang='lat' dir='ltr'>conver-</span> 
     </span>
     <span class='ocr_line' id='line_1_22' title="bbox 177 1426 1766 1473; baseline 0.001 -14"><span class='ocrx_word' id='word_1_261' title='bbox 177 1426 314 1468; x_wconf 88' lang='lat' dir='ltr'>sionem,</span> <span class='ocrx_word' id='word_1_262' title='bbox 332 1427 384 1460; x_wconf 88' lang='lat' dir='ltr'>vel</span> <span class='ocrx_word' id='word_1_263' title='bbox 401 1428 428 1460; x_wconf 90' lang='lat' dir='ltr'>si</span> <span class='ocrx_word' id='word_1_264' title='bbox 449 1428 649 1469; x_wconf 88' lang='lat' dir='ltr'>contemnit,</span> <span class='ocrx_word' id='word_1_265' title='bbox 675 1432 853 1461; x_wconf 65' lang='lat' dir='ltr'>excaecatur</span> <span class='ocrx_word' id='word_1_266' title='bbox 875 1428 915 1460; x_wconf 87' lang='lat' dir='ltr'>ad</span> <span class='ocrx_word' id='word_1_267' title='bbox 938 1428 1194 1462; x_wconf 82' lang='lat' dir='ltr'>damnationem.</span> <span class='ocrx_word' id='word_1_268' title='bbox 1221 1428 1395 1461; x_wconf 85' lang='lat' dir='ltr'>Occultum</span> <span class='ocrx_word' id='word_1_269' title='bbox 1421 1440 1497 1470; x_wconf 83' lang='lat' dir='ltr'>ergo</span> <span class='ocrx_word' id='word_1_270' title='bbox 1524 1429 1686 1473; x_wconf 84' lang='lat' dir='ltr'>judicium</span> <span class='ocrx_word' id='word_1_271' title='bbox 1709 1429 1766 1461; x_wconf 91' lang='lat' dir='ltr'>Dei</span> 
     </span>
     <span class='ocr_line' id='line_1_23' title="bbox 177 1484 1766 1530; baseline 0.001 -13"><span class='ocrx_word' id='word_1_272' title='bbox 177 1495 274 1528; x_wconf 83' lang='lat' dir='ltr'>poena</span> <span class='ocrx_word' id='word_1_273' title='bbox 287 1484 424 1526; x_wconf 85' lang='lat' dir='ltr'>dicitur,</span> <span class='ocrx_word' id='word_1_274' title='bbox 441 1485 655 1529; x_wconf 76' lang='lat' dir='ltr'>quiajudicat</span> <span class='ocrx_word' id='word_1_275' title='bbox 676 1486 847 1529; x_wconf 87' lang='lat' dir='ltr'>purgando</span> <span class='ocrx_word' id='word_1_276' title='bbox 860 1512 868 1527; x_wconf 93' lang='lat'>,</span> <span class='ocrx_word' id='word_1_277' title='bbox 885 1487 1117 1527; x_wconf 86' lang='lat' dir='ltr'>convertendo,</span> <span class='ocrx_word' id='word_1_278' title='bbox 1136 1486 1185 1519; x_wconf 89' lang='lat' dir='ltr'>vel</span> <span class='ocrx_word' id='word_1_279' title='bbox 1200 1486 1401 1519; x_wconf 71' lang='lat' dir='ltr'>excaecando.</span> <span class='ocrx_word' id='word_1_280' title='bbox 1419 1486 1548 1518; x_wconf 85' lang='lat' dir='ltr'>Judicia</span> <span class='ocrx_word' id='word_1_281' title='bbox 1562 1497 1694 1530; x_wconf 84' lang='lat' dir='ltr'>quoque</span> <span class='ocrx_word' id='word_1_282' title='bbox 1715 1486 1766 1519; x_wconf 93' lang='lat' dir='ltr'>in-</span> 
     </span>
     <span class='ocr_line' id='line_1_24' title="bbox 176 1541 1766 1588; baseline 0.001 -14"><span class='ocrx_word' id='word_1_283' title='bbox 176 1541 305 1574; x_wconf 88' lang='lat' dir='ltr'>terdum</span> <span class='ocrx_word' id='word_1_284' title='bbox 320 1542 527 1586; x_wconf 80' lang='lat' dir='ltr'>appellantur</span> <span class='ocrx_word' id='word_1_285' title='bbox 541 1542 796 1586; x_wconf 81' lang='lat' dir='ltr'>dispensationes</span> <span class='ocrx_word' id='word_1_286' title='bbox 812 1543 837 1586; x_wconf 78' lang='lat' dir='ltr'>ej</span> <span class='ocrx_word' id='word_1_287' title='bbox 844 1555 881 1575; x_wconf 78' lang='lat' dir='ltr'>us</span> <span class='ocrx_word' id='word_1_288' title='bbox 897 1543 936 1575; x_wconf 86' lang='lat' dir='ltr'>de</span> <span class='ocrx_word' id='word_1_289' title='bbox 951 1543 1105 1576; x_wconf 86' lang='lat' dir='ltr'>omnibus</span> <span class='ocrx_word' id='word_1_290' title='bbox 1120 1544 1228 1576; x_wconf 87' lang='lat' dir='ltr'>rebus.</span> <span class='ocrx_word' id='word_1_291' title='bbox 1246 1543 1341 1576; x_wconf 84' lang='lat' dir='ltr'>Unde</span> <span class='ocrx_word' id='word_1_292' title='bbox 1351 1547 1361 1562; x_wconf 85' lang='lat'><strong>³</strong></span> <span class='ocrx_word' id='word_1_293' title='bbox 1376 1555 1383 1575; x_wconf 74' lang='grc' dir='ltr'>ε</span> <span class='ocrx_word' id='word_1_294' title='bbox 1400 1545 1507 1583; x_wconf 73' lang='lat' dir='ltr'>Quam</span> <span class='ocrx_word' id='word_1_295' title='bbox 1522 1543 1766 1588; x_wconf 76' lang='lat' dir='ltr'>incomprehen-</span> 
     </span>
     <span class='ocr_line' id='line_1_25' title="bbox 177 1597 1766 1645; baseline 0.003 -15"><span class='ocrx_word' id='word_1_296' title='bbox 177 1597 286 1631; x_wconf 80' lang='lat' dir='ltr'>sibilia</span> <span class='ocrx_word' id='word_1_297' title='bbox 301 1599 519 1642; x_wconf 76' lang='lat' dir='ltr'>smztjuclz&#39;cia</span> <span class='ocrx_word' id='word_1_298' title='bbox 534 1599 624 1642; x_wconf 75' lang='lat' dir='ltr'>ejus!</span> <span class='ocrx_word' id='word_1_299' title='bbox 636 1604 667 1632; x_wconf 86' lang='lat' dir='ltr'>et</span> <span class='ocrx_word' id='word_1_300' title='bbox 678 1603 688 1618; x_wconf 67' lang='lat'><strong><em>⁶</em></strong></span> <span class='ocrx_word' id='word_1_301' title='bbox 700 1612 706 1632; x_wconf 88' lang='lat'><strong>:</strong></span> <span class='ocrx_word' id='word_1_302' title='bbox 718 1599 850 1632; x_wconf 64' lang='lat' dir='ltr'>Judz&#39;cia</span> <span class='ocrx_word' id='word_1_303' title='bbox 867 1600 936 1643; x_wconf 72' lang='lat' dir='ltr'>ejus</span> <span class='ocrx_word' id='word_1_304' title='bbox 953 1601 1087 1645; x_wconf 72' lang='lat' dir='ltr'>abyssus</span> <span class='ocrx_word' id='word_1_305' title='bbox 1103 1601 1218 1634; x_wconf 77' lang='lat' dir='ltr'>multa.</span> <span class='ocrx_word' id='word_1_306' title='bbox 1230 1600 1397 1633; x_wconf 69' lang='lat' dir='ltr'>vIudicium</span> <span class='ocrx_word' id='word_1_307' title='bbox 1409 1604 1517 1633; x_wconf 85' lang='lat' dir='ltr'>autem</span> <span class='ocrx_word' id='word_1_308' title='bbox 1529 1612 1595 1645; x_wconf 90' lang='lat' dir='ltr'>quo</span> <span class='ocrx_word' id='word_1_309' title='bbox 1610 1601 1643 1633; x_wconf 87' lang='lat' dir='ltr'>in</span> <span class='ocrx_word' id='word_1_310' title='bbox 1655 1601 1766 1634; x_wconf 79' lang='lat' dir='ltr'>futuro</span> 
     </span>
     <span class='ocr_line' id='line_1_26' title="bbox 174 1655 1766 1702; baseline 0.003 -14"><span class='ocrx_word' id='word_1_311' title='bbox 174 1655 352 1699; x_wconf 85' lang='lat' dir='ltr'>judicabit,</span> <span class='ocrx_word' id='word_1_312' title='bbox 368 1656 565 1699; x_wconf 84' lang='lat' dir='ltr'>intelligitur</span> <span class='ocrx_word' id='word_1_313' title='bbox 579 1657 889 1701; x_wconf 85' lang='lat' dir='ltr'>sententiajudicis;</span> <span class='ocrx_word' id='word_1_314' title='bbox 906 1658 985 1702; x_wconf 89' lang='lat' dir='ltr'>quia</span> <span class='ocrx_word' id='word_1_315' title='bbox 1000 1658 1214 1690; x_wconf 80' lang='lat' dir='ltr'>ventilabitur</span> <span class='ocrx_word' id='word_1_316' title='bbox 1229 1669 1322 1698; x_wconf 84' lang='lat' dir='ltr'>arca,</span> <span class='ocrx_word' id='word_1_317' title='bbox 1340 1657 1372 1689; x_wconf 86' lang='lat' dir='ltr'>id</span> <span class='ocrx_word' id='word_1_318' title='bbox 1389 1661 1435 1689; x_wconf 85' lang='lat' dir='ltr'>est</span> <span class='ocrx_word' id='word_1_319' title='bbox 1449 1683 1456 1698; x_wconf 95' lang='lat'>,</span> <span class='ocrx_word' id='word_1_320' title='bbox 1471 1657 1661 1691; x_wconf 84' lang='lat' dir='ltr'>dividentur</span> <span class='ocrx_word' id='word_1_321' title='bbox 1682 1658 1766 1692; x_wconf 82' lang='lat' dir='ltr'>leca-</span> 
     </span>
     <span class='ocr_line' id='line_1_27' title="bbox 177 1712 1764 1760; baseline 0.002 -15"><span class='ocrx_word' id='word_1_322' title='bbox 177 1712 251 1745; x_wconf 89' lang='lat' dir='ltr'>liter</span> <span class='ocrx_word' id='word_1_323' title='bbox 264 1713 342 1745; x_wconf 92' lang='lat' dir='ltr'>boni</span> <span class='ocrx_word' id='word_1_324' title='bbox 356 1725 375 1746; x_wconf 87' lang='lat' dir='ltr'>a</span> <span class='ocrx_word' id='word_1_325' title='bbox 394 1714 488 1746; x_wconf 90' lang='lat' dir='ltr'>malis</span> <span class='ocrx_word' id='word_1_326' title='bbox 503 1714 682 1747; x_wconf 88' lang='lat' dir='ltr'>ministerio</span> <span class='ocrx_word' id='word_1_327' title='bbox 697 1715 889 1757; x_wconf 85' lang='lat' dir='ltr'>augelorum</span> <span class='ocrx_word' id='word_1_328' title='bbox 905 1728 912 1756; x_wconf 92' lang='lat'>;</span> <span class='ocrx_word' id='word_1_329' title='bbox 931 1719 962 1748; x_wconf 90' lang='lat' dir='ltr'>et</span> <span class='ocrx_word' id='word_1_330' title='bbox 978 1716 1030 1748; x_wconf 86' lang='lat' dir='ltr'>isti</span> <span class='ocrx_word' id='word_1_331' title='bbox 1046 1716 1079 1747; x_wconf 89' lang='lat' dir='ltr'>in</span> <span class='ocrx_word' id='word_1_332' title='bbox 1096 1716 1198 1748; x_wconf 83' lang='lat' dir='ltr'>vitani</span> <span class='ocrx_word' id='word_1_333' title='bbox 1214 1715 1377 1748; x_wconf 83' lang='lat' dir='ltr'>ducentur</span> <span class='ocrx_word' id='word_1_334' title='bbox 1390 1741 1398 1755; x_wconf 95' lang='lat'>,</span> <span class='ocrx_word' id='word_1_335' title='bbox 1418 1715 1467 1747; x_wconf 88' lang='lat' dir='ltr'>illi</span> <span class='ocrx_word' id='word_1_336' title='bbox 1482 1715 1517 1747; x_wconf 88' lang='lat' dir='ltr'>in</span> <span class='ocrx_word' id='word_1_337' title='bbox 1539 1716 1738 1760; x_wconf 88' lang='lat' dir='ltr'>supplicium</span> <span class='ocrx_word' id='word_1_338' title='bbox 1754 1719 1764 1735; x_wconf 73' lang='lat'>³</span> 
     </span>
     <span class='ocr_line' id='line_1_28' title="bbox 178 1770 874 1815; baseline 0.001 -13"><span class='ocrx_word' id='word_1_339' title='bbox 178 1770 367 1811; x_wconf 88' lang='lat' dir='ltr'>mittentur,</span> <span class='ocrx_word' id='word_1_340' title='bbox 384 1771 443 1815; x_wconf 86' lang='lat' dir='ltr'>qui</span> <span class='ocrx_word' id='word_1_341' title='bbox 456 1781 544 1804; x_wconf 91' lang='lat' dir='ltr'>nunc</span> <span class='ocrx_word' id='word_1_342' title='bbox 561 1771 660 1804; x_wconf 89' lang='lat' dir='ltr'>simul</span> <span class='ocrx_word' id='word_1_343' title='bbox 676 1772 770 1804; x_wconf 79' lang='lat' dir='ltr'>mixti</span> <span class='ocrx_word' id='word_1_344' title='bbox 785 1777 874 1805; x_wconf 87' lang='lat' dir='ltr'>sunt.</span> 
     </span>
    </p>

    <p class='ocr_par' dir='ltr' id='par_1_4' title="bbox 174 1827 1765 2621">
     <span class='ocr_line' id='line_1_29' title="bbox 223 1827 1765 1874; baseline 0.003 -14"><span class='ocrx_word' id='word_1_345' title='bbox 223 1827 284 1860; x_wconf 87' lang='lat' dir='ltr'>Sed</span> <span class='ocrx_word' id='word_1_346' title='bbox 300 1828 388 1872; x_wconf 82' lang='lat' dir='ltr'>quod</span> <span class='ocrx_word' id='word_1_347' title='bbox 405 1828 502 1861; x_wconf 89' lang='lat' dir='ltr'>modo</span> <span class='ocrx_word' id='word_1_348' title='bbox 514 1828 675 1872; x_wconf 84' lang='lat' dir='ltr'>justitiam</span> <span class='ocrx_word' id='word_1_349' title='bbox 691 1829 750 1861; x_wconf 89' lang='lat' dir='ltr'>Dei</span> <span class='ocrx_word' id='word_1_350' title='bbox 769 1833 800 1861; x_wconf 91' lang='lat' dir='ltr'>et</span> <span class='ocrx_word' id='word_1_351' title='bbox 814 1830 965 1873; x_wconf 76' lang='lat' dir='ltr'>pietatem</span> <span class='ocrx_word' id='word_1_352' title='bbox 980 1855 987 1870; x_wconf 98' lang='lat'>,</span> <span class='ocrx_word' id='word_1_353' title='bbox 1005 1830 1036 1862; x_wconf 90' lang='lat' dir='ltr'>id</span> <span class='ocrx_word' id='word_1_354' title='bbox 1052 1835 1098 1862; x_wconf 81' lang='lat' dir='ltr'>est</span> <span class='ocrx_word' id='word_1_355' title='bbox 1111 1856 1118 1870; x_wconf 90' lang='lat'>,</span> <span class='ocrx_word' id='word_1_356' title='bbox 1136 1830 1393 1863; x_wconf 82' lang='lat' dir='ltr'>misericordiam</span> <span class='ocrx_word' id='word_1_357' title='bbox 1406 1856 1414 1872; x_wconf 94' lang='lat'>,</span> <span class='ocrx_word' id='word_1_358' title='bbox 1432 1841 1531 1874; x_wconf 88' lang='lat' dir='ltr'>supra</span> <span class='ocrx_word' id='word_1_359' title='bbox 1554 1831 1765 1864; x_wconf 85' lang='lat' dir='ltr'>Cassiodorus</span> 
     </span>
     <span class='ocr_line' id='line_1_30' title="bbox 175 1885 1764 1932; baseline 0.003 -15"><span class='ocrx_word' id='word_1_360' title='bbox 175 1885 258 1918; x_wconf 86' lang='lat' dir='ltr'>duas</span> <span class='ocrx_word' id='word_1_361' title='bbox 272 1896 339 1918; x_wconf 89' lang='lat' dir='ltr'>esse</span> <span class='ocrx_word' id='word_1_362' title='bbox 354 1896 404 1917; x_wconf 83' lang='lat' dir='ltr'>res</span> <span class='ocrx_word' id='word_1_363' title='bbox 418 1885 501 1918; x_wconf 75' lang='lat' dir='ltr'>dixit</span> <span class='ocrx_word' id='word_1_364' title='bbox 514 1911 522 1927; x_wconf 92' lang='lat'>,</span> <span class='ocrx_word' id='word_1_365' title='bbox 539 1897 611 1930; x_wconf 78' lang='lat' dir='ltr'>quae</span> <span class='ocrx_word' id='word_1_366' title='bbox 628 1897 754 1930; x_wconf 87' lang='lat' dir='ltr'>semper</span> <span class='ocrx_word' id='word_1_367' title='bbox 769 1886 928 1930; x_wconf 69' lang='lat' dir='ltr'>adjuncta}</span> <span class='ocrx_word' id='word_1_368' title='bbox 943 1892 1020 1919; x_wconf 87' lang='lat' dir='ltr'>sunt</span> <span class='ocrx_word' id='word_1_369' title='bbox 1037 1887 1161 1931; x_wconf 84' lang='lat' dir='ltr'>judicio</span> <span class='ocrx_word' id='word_1_370' title='bbox 1179 1887 1236 1920; x_wconf 86' lang='lat' dir='ltr'>Dei</span> <span class='ocrx_word' id='word_1_371' title='bbox 1251 1888 1401 1932; x_wconf 87' lang='lat' dir='ltr'>:justitia</span> <span class='ocrx_word' id='word_1_372' title='bbox 1421 1888 1509 1921; x_wconf 90' lang='lat' dir='ltr'>enim</span> <span class='ocrx_word' id='word_1_373' title='bbox 1527 1888 1605 1929; x_wconf 87' lang='lat' dir='ltr'>Dei,</span> <span class='ocrx_word' id='word_1_374' title='bbox 1622 1892 1653 1921; x_wconf 90' lang='lat' dir='ltr'>et</span> <span class='ocrx_word' id='word_1_375' title='bbox 1670 1888 1764 1921; x_wconf 84' lang='lat' dir='ltr'>mise-</span> 
     </span>
     <span class='ocr_line' id='line_1_31' title="bbox 175 1943 1764 1990; baseline 0.002 -15"><span class='ocrx_word' id='word_1_376' title='bbox 175 1943 315 1976; x_wconf 78' lang='lat' dir='ltr'>ricordia</span> <span class='ocrx_word' id='word_1_377' title='bbox 334 1954 399 1976; x_wconf 90' lang='lat' dir='ltr'>non</span> <span class='ocrx_word' id='word_1_378' title='bbox 415 1943 489 1976; x_wconf 84' lang='lat' dir='ltr'>duae</span> <span class='ocrx_word' id='word_1_379' title='bbox 505 1955 555 1976; x_wconf 90' lang='lat' dir='ltr'>res</span> <span class='ocrx_word' id='word_1_380' title='bbox 569 1948 666 1985; x_wconf 88' lang='lat' dir='ltr'>sunt,</span> <span class='ocrx_word' id='word_1_381' title='bbox 683 1944 738 1976; x_wconf 90' lang='lat' dir='ltr'>sed</span> <span class='ocrx_word' id='word_1_382' title='bbox 754 1956 820 1977; x_wconf 91' lang='lat' dir='ltr'>una</span> <span class='ocrx_word' id='word_1_383' title='bbox 835 1956 897 1985; x_wconf 90' lang='lat' dir='ltr'>res,</span> <span class='ocrx_word' id='word_1_384' title='bbox 914 1945 946 1977; x_wconf 91' lang='lat' dir='ltr'>id</span> <span class='ocrx_word' id='word_1_385' title='bbox 962 1949 1020 1985; x_wconf 87' lang='lat' dir='ltr'>est,</span> <span class='ocrx_word' id='word_1_386' title='bbox 1040 1956 1106 1977; x_wconf 90' lang='lat' dir='ltr'>una</span> <span class='ocrx_word' id='word_1_387' title='bbox 1120 1945 1232 1977; x_wconf 88' lang='lat' dir='ltr'>divina</span> <span class='ocrx_word' id='word_1_388' title='bbox 1250 1946 1388 1978; x_wconf 75' lang='lat' dir='ltr'>essentia</span> <span class='ocrx_word' id='word_1_389' title='bbox 1405 1950 1464 1986; x_wconf 86' lang='lat' dir='ltr'>est,</span> <span class='ocrx_word' id='word_1_390' title='bbox 1479 1946 1563 1978; x_wconf 86' lang='lat' dir='ltr'>sicut</span> <span class='ocrx_word' id='word_1_391' title='bbox 1577 1957 1677 1990; x_wconf 88' lang='lat' dir='ltr'>supra</span> <span class='ocrx_word' id='word_1_392' title='bbox 1691 1946 1764 1989; x_wconf 89' lang='lat' dir='ltr'>plu-</span> 
     </span>
     <span class='ocr_line' id='line_1_32' title="bbox 177 2000 1764 2047; baseline 0.002 -15"><span class='ocrx_word' id='word_1_393' title='bbox 177 2000 268 2033; x_wconf 89' lang='lat' dir='ltr'>ribus</span> <span class='ocrx_word' id='word_1_394' title='bbox 283 2000 530 2033; x_wconf 86' lang='lat' dir='ltr'>auctoritatibus</span> <span class='ocrx_word' id='word_1_395' title='bbox 545 2005 710 2034; x_wconf 88' lang='lat' dir='ltr'>ostensum</span> <span class='ocrx_word' id='word_1_396' title='bbox 726 2006 772 2034; x_wconf 85' lang='lat' dir='ltr'>est</span> <span class='ocrx_word' id='word_1_397' title='bbox 788 2013 795 2033; x_wconf 79' lang='lat' dir='ltr'>z</span> <span class='ocrx_word' id='word_1_398' title='bbox 813 2003 892 2046; x_wconf 86' lang='lat' dir='ltr'>quia</span> <span class='ocrx_word' id='word_1_399' title='bbox 906 2013 972 2035; x_wconf 87' lang='lat' dir='ltr'>non</span> <span class='ocrx_word' id='word_1_400' title='bbox 987 2006 1034 2035; x_wconf 88' lang='lat' dir='ltr'>est</span> <span class='ocrx_word' id='word_1_401' title='bbox 1048 2002 1114 2034; x_wconf 90' lang='lat' dir='ltr'>Deo</span> <span class='ocrx_word' id='word_1_402' title='bbox 1130 2002 1219 2035; x_wconf 87' lang='lat' dir='ltr'>aliud</span> <span class='ocrx_word' id='word_1_403' title='bbox 1235 2014 1301 2035; x_wconf 87' lang='lat' dir='ltr'>esse</span> <span class='ocrx_word' id='word_1_404' title='bbox 1317 2003 1570 2044; x_wconf 82' lang='lat' dir='ltr'>misericordem,</span> <span class='ocrx_word' id='word_1_405' title='bbox 1587 2014 1687 2047; x_wconf 85' lang='lat' dir='ltr'>quain</span> <span class='ocrx_word' id='word_1_406' title='bbox 1704 2003 1764 2035; x_wconf 84' lang='lat' dir='ltr'>mi-</span> 
     </span>
     <span class='ocr_line' id='line_1_33' title="bbox 175 2058 1764 2104; baseline 0.001 -13"><span class='ocrx_word' id='word_1_407' title='bbox 175 2058 399 2100; x_wconf 87' lang='lat' dir='ltr'>sericordiam;</span> <span class='ocrx_word' id='word_1_408' title='bbox 410 2059 618 2102; x_wconf 87' lang='lat' dir='ltr'>necjustum,</span> <span class='ocrx_word' id='word_1_409' title='bbox 629 2071 728 2103; x_wconf 84' lang='lat' dir='ltr'>quam</span> <span class='ocrx_word' id='word_1_410' title='bbox 741 2060 920 2104; x_wconf 73' lang='lat' dir='ltr'>justitiam,</span> <span class='ocrx_word' id='word_1_411' title='bbox 936 2059 991 2092; x_wconf 88' lang='lat' dir='ltr'>sed</span> <span class='ocrx_word' id='word_1_412' title='bbox 1006 2060 1092 2092; x_wconf 87' lang='lat' dir='ltr'>idem</span> <span class='ocrx_word' id='word_1_413' title='bbox 1109 2071 1240 2104; x_wconf 82' lang='lat' dir='ltr'>prorsus</span> <span class='ocrx_word' id='word_1_414' title='bbox 1254 2074 1261 2093; x_wconf 88' lang='lat'><strong>:</strong></span> <span class='ocrx_word' id='word_1_415' title='bbox 1279 2071 1336 2093; x_wconf 90' lang='lat' dir='ltr'>nec</span> <span class='ocrx_word' id='word_1_416' title='bbox 1348 2060 1439 2093; x_wconf 87' lang='lat' dir='ltr'>aliud</span> <span class='ocrx_word' id='word_1_417' title='bbox 1456 2064 1502 2093; x_wconf 87' lang='lat' dir='ltr'>est</span> <span class='ocrx_word' id='word_1_418' title='bbox 1517 2060 1545 2092; x_wconf 89' lang='lat' dir='ltr'>ei</span> <span class='ocrx_word' id='word_1_419' title='bbox 1559 2072 1625 2093; x_wconf 86' lang='lat' dir='ltr'>esse</span> <span class='ocrx_word' id='word_1_420' title='bbox 1641 2060 1764 2094; x_wconf 88' lang='lat' dir='ltr'>miseri-</span> 
     </span>
     <span class='ocr_line' id='line_1_34' title="bbox 175 2116 1765 2163; baseline 0.003 -16"><span class='ocrx_word' id='word_1_421' title='bbox 175 2116 303 2148; x_wconf 87' lang='lat' dir='ltr'>cordem</span> <span class='ocrx_word' id='word_1_422' title='bbox 320 2142 328 2157; x_wconf 87' lang='lat'><em>‚</em></span> <span class='ocrx_word' id='word_1_423' title='bbox 351 2127 451 2160; x_wconf 86' lang='lat' dir='ltr'>quam</span> <span class='ocrx_word' id='word_1_424' title='bbox 468 2116 596 2160; x_wconf 85' lang='lat' dir='ltr'>justum</span> <span class='ocrx_word' id='word_1_425' title='bbox 614 2129 621 2157; x_wconf 94' lang='lat'>;</span> <span class='ocrx_word' id='word_1_426' title='bbox 647 2117 698 2149; x_wconf 88' lang='lat' dir='ltr'>vel</span> <span class='ocrx_word' id='word_1_427' title='bbox 722 2117 977 2150; x_wconf 85' lang='lat' dir='ltr'>misericordiam</span> <span class='ocrx_word' id='word_1_428' title='bbox 989 2143 997 2159; x_wconf 91' lang='lat'>‚</span> <span class='ocrx_word' id='word_1_429' title='bbox 1014 2129 1114 2162; x_wconf 84' lang='lat' dir='ltr'>quam</span> <span class='ocrx_word' id='word_1_430' title='bbox 1134 2118 1296 2161; x_wconf 84' lang='lat' dir='ltr'>justitiam</span> <span class='ocrx_word' id='word_1_431' title='bbox 1311 2131 1318 2159; x_wconf 74' lang='lat'>3</span> <span class='ocrx_word' id='word_1_432' title='bbox 1336 2118 1390 2150; x_wconf 89' lang='lat' dir='ltr'>sed</span> <span class='ocrx_word' id='word_1_433' title='bbox 1413 2118 1546 2151; x_wconf 87' lang='lat' dir='ltr'>omnino</span> <span class='ocrx_word' id='word_1_434' title='bbox 1560 2118 1645 2151; x_wconf 87' lang='lat' dir='ltr'>idem</span> <span class='ocrx_word' id='word_1_435' title='bbox 1663 2130 1669 2151; x_wconf 93' lang='lat'><strong>:</strong></span> <span class='ocrx_word' id='word_1_436' title='bbox 1686 2118 1765 2163; x_wconf 90' lang='lat' dir='ltr'>quia</span> 
     </span>
     <span class='ocr_line' id='line_1_35' title="bbox 176 2173 1764 2220; baseline 0.002 -15"><span class='ocrx_word' id='word_1_437' title='bbox 176 2183 241 2206; x_wconf 84' lang='lat' dir='ltr'>non</span> <span class='ocrx_word' id='word_1_438' title='bbox 265 2173 507 2206; x_wconf 85' lang='lat' dir='ltr'>denominative</span> <span class='ocrx_word' id='word_1_439' title='bbox 520 2201 529 2213; x_wconf 86' lang='lat'><em>‚</em></span> <span class='ocrx_word' id='word_1_440' title='bbox 547 2173 601 2206; x_wconf 91' lang='lat' dir='ltr'>sed</span> <span class='ocrx_word' id='word_1_441' title='bbox 617 2175 829 2207; x_wconf 86' lang='lat' dir='ltr'>essentialiter</span> <span class='ocrx_word' id='word_1_442' title='bbox 852 2175 920 2207; x_wconf 54' lang='lat' dir='ltr'>haze</span> <span class='ocrx_word' id='word_1_443' title='bbox 942 2175 981 2207; x_wconf 91' lang='lat' dir='ltr'>de</span> <span class='ocrx_word' id='word_1_444' title='bbox 997 2175 1064 2208; x_wconf 87' lang='lat' dir='ltr'>Deo</span> <span class='ocrx_word' id='word_1_445' title='bbox 1085 2175 1252 2208; x_wconf 85' lang='lat' dir='ltr'>dicuntur.</span> <span class='ocrx_word' id='word_1_446' title='bbox 1270 2175 1336 2208; x_wconf 90' lang='lat' dir='ltr'>Cur</span> <span class='ocrx_word' id='word_1_447' title='bbox 1357 2186 1434 2218; x_wconf 81' lang='lat' dir='ltr'>ergo</span> <span class='ocrx_word' id='word_1_448' title='bbox 1450 2176 1528 2208; x_wconf 88' lang='lat' dir='ltr'>dicit</span> <span class='ocrx_word' id='word_1_449' title='bbox 1543 2175 1711 2220; x_wconf 80' lang='lat' dir='ltr'>Scriptura</span> <span class='ocrx_word' id='word_1_450' title='bbox 1725 2176 1764 2209; x_wconf 90' lang='lat' dir='ltr'>de</span> 
     </span>
     <span class='ocr_line' id='line_1_36' title="bbox 176 2230 1764 2277; baseline 0.003 -15"><span class='ocrx_word' id='word_1_451' title='bbox 176 2230 328 2274; x_wconf 87' lang='lat' dir='ltr'>operibus</span> <span class='ocrx_word' id='word_1_452' title='bbox 353 2231 436 2273; x_wconf 86' lang='lat' dir='ltr'>Dei,</span> <span class='ocrx_word' id='word_1_453' title='bbox 454 2232 606 2275; x_wconf 86' lang='lat' dir='ltr'>quaedam</span> <span class='ocrx_word' id='word_1_454' title='bbox 623 2243 690 2265; x_wconf 88' lang='lat' dir='ltr'>esse</span> <span class='ocrx_word' id='word_1_455' title='bbox 705 2232 951 2273; x_wconf 79' lang='lat' dir='ltr'>misericordiae,</span> <span class='ocrx_word' id='word_1_456' title='bbox 963 2233 1112 2277; x_wconf 61' lang='lat' dir='ltr'>quaedam</span> <span class='ocrx_word' id='word_1_457' title='bbox 1125 2233 1258 2277; x_wconf 73' lang='lat' dir='ltr'>justitiae</span> <span class='ocrx_word' id='word_1_458' title='bbox 1271 2236 1285 2265; x_wconf 76' lang='lat'>‘2</span> <span class='ocrx_word' id='word_1_459' title='bbox 1304 2233 1339 2265; x_wconf 79' lang='lat' dir='ltr'>Si</span> <span class='ocrx_word' id='word_1_460' title='bbox 1354 2234 1440 2265; x_wconf 85' lang='lat' dir='ltr'>enim</span> <span class='ocrx_word' id='word_1_461' title='bbox 1453 2233 1580 2277; x_wconf 86' lang='lat' dir='ltr'>justitia</span> <span class='ocrx_word' id='word_1_462' title='bbox 1595 2233 1652 2266; x_wconf 89' lang='lat' dir='ltr'>Dei</span> <span class='ocrx_word' id='word_1_463' title='bbox 1669 2234 1764 2267; x_wconf 86' lang='lat' dir='ltr'>mise-</span> 
     </span>
     <span class='ocr_line' id='line_1_37' title="bbox 174 2287 1761 2334; baseline 0.003 -15"><span class='ocrx_word' id='word_1_464' title='bbox 174 2287 314 2320; x_wconf 87' lang='lat' dir='ltr'>ricordia</span> <span class='ocrx_word' id='word_1_465' title='bbox 323 2293 369 2320; x_wconf 91' lang='lat' dir='ltr'>est</span> <span class='ocrx_word' id='word_1_466' title='bbox 385 2300 391 2320; x_wconf 79' lang='grc' dir='ltr'>ε</span> <span class='ocrx_word' id='word_1_467' title='bbox 408 2299 627 2333; x_wconf 81' lang='lat' dir='ltr'>quaecumque</span> <span class='ocrx_word' id='word_1_468' title='bbox 642 2293 719 2322; x_wconf 84' lang='lat' dir='ltr'>sunt</span> <span class='ocrx_word' id='word_1_469' title='bbox 733 2300 832 2333; x_wconf 88' lang='lat' dir='ltr'>opera</span> <span class='ocrx_word' id='word_1_470' title='bbox 847 2289 1074 2323; x_wconf 63' lang='lat' dir='ltr'>misericordia*</span> <span class='ocrx_word' id='word_1_471' title='bbox 1084 2316 1092 2331; x_wconf 88' lang='lat'>,</span> <span class='ocrx_word' id='word_1_472' title='bbox 1105 2301 1172 2323; x_wconf 90' lang='lat' dir='ltr'>esse</span> <span class='ocrx_word' id='word_1_473' title='bbox 1185 2290 1338 2323; x_wconf 85' lang='lat' dir='ltr'>videntur</span> <span class='ocrx_word' id='word_1_474' title='bbox 1350 2290 1497 2334; x_wconf 60' lang='lat' dir='ltr'>justitia),</span> <span class='ocrx_word' id='word_1_475' title='bbox 1514 2295 1545 2323; x_wconf 90' lang='lat' dir='ltr'>et</span> <span class='ocrx_word' id='word_1_476' title='bbox 1556 2302 1572 2323; x_wconf 88' lang='lat' dir='ltr'>e</span> <span class='ocrx_word' id='word_1_477' title='bbox 1583 2291 1761 2324; x_wconf 88' lang='lat' dir='ltr'>conversio.</span> 
     </span>
     <span class='ocr_line' id='line_1_38' title="bbox 175 2344 1764 2392; baseline 0.003 -15"><span class='ocrx_word' id='word_1_478' title='bbox 175 2344 234 2377; x_wconf 88' lang='lat' dir='ltr'>His</span> <span class='ocrx_word' id='word_1_479' title='bbox 257 2345 443 2389; x_wconf 88' lang='lat' dir='ltr'>responderi</span> <span class='ocrx_word' id='word_1_480' title='bbox 467 2350 571 2389; x_wconf 83' lang='lat' dir='ltr'>potest</span> <span class='ocrx_word' id='word_1_481' title='bbox 588 2346 653 2388; x_wconf 90' lang='lat' dir='ltr'>sic,</span> <span class='ocrx_word' id='word_1_482' title='bbox 679 2346 745 2379; x_wconf 88' lang='lat' dir='ltr'>illis</span> <span class='ocrx_word' id='word_1_483' title='bbox 768 2347 986 2380; x_wconf 89' lang='lat' dir='ltr'>locutionibus</span> <span class='ocrx_word' id='word_1_484' title='bbox 1007 2347 1128 2391; x_wconf 85' lang='lat' dir='ltr'>quibus</span> <span class='ocrx_word' id='word_1_485' title='bbox 1148 2347 1337 2391; x_wconf 89' lang='lat' dir='ltr'>hujusmodi</span> <span class='ocrx_word' id='word_1_486' title='bbox 1362 2359 1499 2392; x_wconf 88' lang='lat' dir='ltr'>operum</span> <span class='ocrx_word' id='word_1_487' title='bbox 1522 2348 1607 2381; x_wconf 73' lang='lat' dir='ltr'>liunt</span> <span class='ocrx_word' id='word_1_488' title='bbox 1632 2349 1764 2381; x_wconf 88' lang='lat' dir='ltr'>distinc-</span> 
     </span>
     <span class='ocr_line' id='line_1_39' title="bbox 175 2402 1764 2449; baseline 0.003 -15"><span class='ocrx_word' id='word_1_489' title='bbox 175 2402 296 2443; x_wconf 90' lang='lat' dir='ltr'>tiones,</span> <span class='ocrx_word' id='word_1_490' title='bbox 321 2407 358 2435; x_wconf 90' lang='lat' dir='ltr'>ut</span> <span class='ocrx_word' id='word_1_491' title='bbox 379 2403 443 2436; x_wconf 86' lang='lat' dir='ltr'>alia</span> <span class='ocrx_word' id='word_1_492' title='bbox 470 2403 719 2445; x_wconf 77' lang='lat' dir='ltr'>misericordioe,</span> <span class='ocrx_word' id='word_1_493' title='bbox 737 2404 802 2437; x_wconf 85' lang='lat' dir='ltr'>alia</span> <span class='ocrx_word' id='word_1_494' title='bbox 823 2405 959 2449; x_wconf 71' lang='lat' dir='ltr'>justitiae</span> <span class='ocrx_word' id='word_1_495' title='bbox 972 2431 980 2446; x_wconf 94' lang='lat'>,</span> <span class='ocrx_word' id='word_1_496' title='bbox 998 2405 1062 2437; x_wconf 89' lang='lat' dir='ltr'>alia</span> <span class='ocrx_word' id='word_1_497' title='bbox 1084 2405 1222 2437; x_wconf 86' lang='lat' dir='ltr'>bonitati</span> <span class='ocrx_word' id='word_1_498' title='bbox 1246 2405 1468 2438; x_wconf 86' lang='lat' dir='ltr'>attribuantur</span> <span class='ocrx_word' id='word_1_499' title='bbox 1486 2418 1493 2438; x_wconf 89' lang='lat'>:</span> <span class='ocrx_word' id='word_1_500' title='bbox 1511 2417 1577 2438; x_wconf 89' lang='lat' dir='ltr'>non</span> <span class='ocrx_word' id='word_1_501' title='bbox 1592 2406 1764 2439; x_wconf 88' lang='lat' dir='ltr'>diversitas</span> 
     </span>
     <span class='ocr_line' id='line_1_40' title="bbox 175 2459 1764 2506; baseline 0.002 -15"><span class='ocrx_word' id='word_1_502' title='bbox 175 2459 389 2503; x_wconf 58' lang='lat' dir='ltr'>subjacentis,</span> <span class='ocrx_word' id='word_1_503' title='bbox 412 2460 445 2493; x_wconf 89' lang='lat' dir='ltr'>id</span> <span class='ocrx_word' id='word_1_504' title='bbox 460 2465 507 2493; x_wconf 90' lang='lat' dir='ltr'>est</span> <span class='ocrx_word' id='word_1_505' title='bbox 520 2486 528 2501; x_wconf 93' lang='lat'>,</span> <span class='ocrx_word' id='word_1_506' title='bbox 546 2461 592 2493; x_wconf 84' lang='lat' dir='ltr'>rei</span> <span class='ocrx_word' id='word_1_507' title='bbox 607 2461 657 2493; x_wconf 81' lang='lat' dir='ltr'>his</span> <span class='ocrx_word' id='word_1_508' title='bbox 670 2462 838 2494; x_wconf 80' lang='lat' dir='ltr'>vocabulis</span> <span class='ocrx_word' id='word_1_509' title='bbox 857 2462 1046 2505; x_wconf 74' lang='lat' dir='ltr'>significata&gt;</span> <span class='ocrx_word' id='word_1_510' title='bbox 1068 2462 1283 2506; x_wconf 76' lang='lat' dir='ltr'>exprimitur,</span> <span class='ocrx_word' id='word_1_511' title='bbox 1301 2462 1356 2495; x_wconf 85' lang='lat' dir='ltr'>sed</span> <span class='ocrx_word' id='word_1_512' title='bbox 1376 2463 1516 2496; x_wconf 89' lang='lat' dir='ltr'>varietas</span> <span class='ocrx_word' id='word_1_513' title='bbox 1539 2474 1716 2503; x_wconf 86' lang='lat' dir='ltr'>sensuum,</span> <span class='ocrx_word' id='word_1_514' title='bbox 1733 2466 1764 2495; x_wconf 88' lang='lat' dir='ltr'>ct</span> 
     </span>
     <span class='ocr_line' id='line_1_41' title="bbox 176 2516 1758 2564; baseline 0.002 -15"><span class='ocrx_word' id='word_1_515' title='bbox 176 2516 350 2550; x_wconf 85' lang='lat' dir='ltr'>effectuum</span> <span class='ocrx_word' id='word_1_516' title='bbox 373 2517 407 2550; x_wconf 88' lang='lat' dir='ltr'>in</span> <span class='ocrx_word' id='word_1_517' title='bbox 422 2518 579 2550; x_wconf 84' lang='lat' dir='ltr'>creaturis</span> <span class='ocrx_word' id='word_1_518' title='bbox 594 2522 805 2552; x_wconf 85' lang='lat' dir='ltr'>monstratur.</span> <span class='ocrx_word' id='word_1_519' title='bbox 820 2520 903 2553; x_wconf 90' lang='lat' dir='ltr'>Cum</span> <span class='ocrx_word' id='word_1_520' title='bbox 921 2520 1009 2552; x_wconf 88' lang='lat' dir='ltr'>enim</span> <span class='ocrx_word' id='word_1_521' title='bbox 1024 2520 1144 2553; x_wconf 87' lang='lat' dir='ltr'>dicitur</span> <span class='ocrx_word' id='word_1_522' title='bbox 1158 2519 1365 2564; x_wconf 84' lang='lat' dir='ltr'>Deusjustus</span> <span class='ocrx_word' id='word_1_523' title='bbox 1380 2521 1431 2553; x_wconf 90' lang='lat' dir='ltr'>vel</span> <span class='ocrx_word' id='word_1_524' title='bbox 1453 2520 1581 2564; x_wconf 88' lang='lat' dir='ltr'>justitia</span> <span class='ocrx_word' id='word_1_525' title='bbox 1596 2545 1603 2560; x_wconf 94' lang='lat'>‚</span> <span class='ocrx_word' id='word_1_526' title='bbox 1620 2519 1758 2552; x_wconf 81' lang='lat' dir='ltr'>essentia</span> 
     </span>
     <span class='ocr_line' id='line_1_42' title="bbox 176 2573 1762 2621; baseline 0.002 -15"><span class='ocrx_word' id='word_1_527' title='bbox 176 2573 288 2607; x_wconf 84' lang='lat' dir='ltr'>divina</span> <span class='ocrx_word' id='word_1_528' title='bbox 308 2574 502 2617; x_wconf 85' lang='lat' dir='ltr'>praedicatur</span> <span class='ocrx_word' id='word_1_529' title='bbox 516 2601 525 2616; x_wconf 88' lang='lat'>‚</span> <span class='ocrx_word' id='word_1_530' title='bbox 542 2579 572 2607; x_wconf 88' lang='lat' dir='ltr'>et</span> <span class='ocrx_word' id='word_1_531' title='bbox 587 2576 684 2609; x_wconf 90' lang='lat' dir='ltr'>etiam</span> <span class='ocrx_word' id='word_1_532' title='bbox 699 2577 788 2621; x_wconf 88' lang='lat' dir='ltr'>quod</span> <span class='ocrx_word' id='word_1_533' title='bbox 803 2577 870 2621; x_wconf 89' lang='lat' dir='ltr'>ipse</span> <span class='ocrx_word' id='word_1_534' title='bbox 883 2577 924 2610; x_wconf 90' lang='lat' dir='ltr'>sit</span> <span class='ocrx_word' id='word_1_535' title='bbox 938 2577 1149 2619; x_wconf 82' lang='lat' dir='ltr'>distributor,</span> <span class='ocrx_word' id='word_1_536' title='bbox 1166 2581 1197 2610; x_wconf 91' lang='lat' dir='ltr'>et</span> <span class='ocrx_word' id='word_1_537' title='bbox 1213 2577 1315 2621; x_wconf 80' lang='lat' dir='ltr'>judex</span> <span class='ocrx_word' id='word_1_538' title='bbox 1333 2578 1523 2611; x_wconf 87' lang='lat' dir='ltr'>meritorum</span> <span class='ocrx_word' id='word_1_539' title='bbox 1539 2577 1679 2619; x_wconf 81' lang='lat' dir='ltr'>intelligi</span> <span class='ocrx_word' id='word_1_540' title='bbox 1696 2576 1762 2609; x_wconf 87' lang='lat' dir='ltr'>da-</span> 
     </span>
    </p>
   </div>
   <div class='ocr_carea' id='block_1_3' title="bbox 212 2675 1544 2710">
    <p class='ocr_par' dir='ltr' id='par_1_5' title="bbox 212 2675 1544 2710">
     <span class='ocr_line' id='line_1_43' title="bbox 212 2675 1544 2710; baseline -0.004 -4"><span class='ocrx_word' id='word_1_541' title='bbox 212 2675 218 2691; x_wconf 75' lang='lat'><strong>*</strong></span> <span class='ocrx_word' id='word_1_542' title='bbox 234 2676 308 2706; x_wconf 64' lang='lat' dir='ltr'>Aug„</span> <span class='ocrx_word' id='word_1_543' title='bbox 323 2675 392 2705; x_wconf 70' lang='lat' dir='ltr'>ibid„</span> <span class='ocrx_word' id='word_1_544' title='bbox 406 2683 428 2701; x_wconf 78' lang='lat' dir='ltr'>c·</span> <span class='ocrx_word' id='word_1_545' title='bbox 444 2681 557 2702; x_wconf 80' lang='lat' dir='ltr'>cx111-—</span> <span class='ocrx_word' id='word_1_546' title='bbox 567 2677 575 2692; x_wconf 85' lang='lat'>²</span> <span class='ocrx_word' id='word_1_547' title='bbox 588 2678 654 2708; x_wconf 61' lang='lat' dir='ltr'>Luc„</span> <span class='ocrx_word' id='word_1_548' title='bbox 672 2684 697 2707; x_wconf 86' lang='lat' dir='ltr'>v,</span> <span class='ocrx_word' id='word_1_549' title='bbox 711 2679 748 2703; x_wconf 80' lang='lat'>32.</span> <span class='ocrx_word' id='word_1_550' title='bbox 763 2692 791 2697; x_wconf 97' lang='lat'><em>-</em></span> <span class='ocrx_word' id='word_1_551' title='bbox 803 2680 814 2696; x_wconf 84' lang='lat'><strong>³</strong></span> <span class='ocrx_word' id='word_1_552' title='bbox 825 2680 904 2710; x_wconf 65' lang='lat' dir='ltr'>Rom„</span> <span class='ocrx_word' id='word_1_553' title='bbox 918 2685 953 2710; x_wconf 73' lang='lat' dir='ltr'>xi,</span> <span class='ocrx_word' id='word_1_554' title='bbox 968 2680 1006 2703; x_wconf 81' lang='lat'>33.</span> <span class='ocrx_word' id='word_1_555' title='bbox 1018 2692 1045 2697; x_wconf 95' lang='lat'><em>-</em></span> <span class='ocrx_word' id='word_1_556' title='bbox 1061 2679 1072 2697; x_wconf 69' lang='grc' dir='ltr'>ι</span> <span class='ocrx_word' id='word_1_557' title='bbox 1083 2680 1122 2705; x_wconf 75' lang='lat' dir='ltr'>Ps.</span> <span class='ocrx_word' id='word_1_558' title='bbox 1138 2684 1217 2710; x_wconf 77' lang='lat' dir='ltr'>xxxv,</span> <span class='ocrx_word' id='word_1_559' title='bbox 1231 2680 1287 2703; x_wconf 90' lang='lat'>7.—</span> <span class='ocrx_word' id='word_1_560' title='bbox 1301 2679 1311 2696; x_wconf 82' lang='lat'>⁵</span> <span class='ocrx_word' id='word_1_561' title='bbox 1324 2678 1423 2706; x_wconf 67' lang='lat' dir='ltr'>Mami„</span> <span class='ocrx_word' id='word_1_562' title='bbox 1436 2683 1496 2708; x_wconf 80' lang='lat' dir='ltr'>xxv,</span> <span class='ocrx_word' id='word_1_563' title='bbox 1507 2678 1544 2702; x_wconf 68' lang='lat'>46.</span> 
     </span>
    </p>
   </div>
   <div class='ocr_carea' id='block_1_4' title="bbox 1781 750 1884 893">
    <p class='ocr_par' dir='ltr' id='par_1_6' title="bbox 1782 750 1884 770">
     <span class='ocr_line' id='line_1_44' title="bbox 1782 750 1884 770; baseline 0 0"><span class='ocrx_word' id='word_1_564' title='bbox 1782 750 1884 770; x_wconf 79' lang='lat' dir='ltr'>Determi-</span> 
     </span>
    </p>

    <p class='ocr_par' dir='ltr' id='par_1_7' title="bbox 1781 784 1878 832">
     <span class='ocr_line' id='line_1_45' title="bbox 1781 784 1878 807; baseline 0 -6"><span class='ocrx_word' id='word_1_565' title='bbox 1781 784 1814 801; x_wconf 69' lang='lat' dir='ltr'>ua!</span> <span class='ocrx_word' id='word_1_566' title='bbox 1826 787 1878 807; x_wconf 80' lang='lat' dir='ltr'>prae-</span> 
     </span>
     <span class='ocr_line' id='line_1_46' title="bbox 1800 812 1872 832; baseline 0.014 -1"><span class='ocrx_word' id='word_1_567' title='bbox 1800 812 1872 832; x_wconf 82' lang='lat' dir='ltr'>missas</span> 
     </span>
    </p>

    <p class='ocr_par' dir='ltr' id='par_1_8' title="bbox 1782 844 1871 893">
     <span class='ocr_line' id='line_1_47' title="bbox 1782 844 1871 863; baseline -0.011 0"><span class='ocrx_word' id='word_1_568' title='bbox 1782 844 1871 863; x_wconf 78' lang='lat' dir='ltr'>auctori-</span> 
     </span>
     <span class='ocr_line' id='line_1_48' title="bbox 1800 875 1859 893; baseline 0.017 -2"><span class='ocrx_word' id='word_1_569' title='bbox 1800 875 1859 893; x_wconf 72' lang='lat' dir='ltr'>tates.</span> 
     </span>
    </p>
   </div>
   <div class='ocr_carea' id='block_1_5' title="bbox 1780 1838 1884 1951">
    <p class='ocr_par' dir='ltr' id='par_1_9' title="bbox 1780 1838 1884 1951">
     <span class='ocr_line' id='line_1_49' title="bbox 1780 1838 1879 1864; baseline 0 -5"><span class='ocrx_word' id='word_1_570' title='bbox 1780 1838 1810 1859; x_wconf 84' lang='lat' dir='ltr'>De</span> <span class='ocrx_word' id='word_1_571' title='bbox 1817 1839 1879 1864; x_wconf 79' lang='lat' dir='ltr'>justi-</span> 
     </span>
     <span class='ocr_line' id='line_1_50' title="bbox 1780 1869 1884 1889; baseline 0.01 -1"><span class='ocrx_word' id='word_1_572' title='bbox 1780 1869 1807 1888; x_wconf 79' lang='lat' dir='ltr'>tia</span> <span class='ocrx_word' id='word_1_573' title='bbox 1815 1872 1837 1889; x_wconf 86' lang='lat' dir='ltr'>et</span> <span class='ocrx_word' id='word_1_574' title='bbox 1847 1869 1884 1889; x_wconf 88' lang='lat' dir='ltr'>mi-</span> 
     </span>
     <span class='ocr_line' id='line_1_51' title="bbox 1788 1900 1875 1920; baseline 0 0"><span class='ocrx_word' id='word_1_575' title='bbox 1788 1900 1875 1920; x_wconf 86' lang='lat' dir='ltr'>sericor-</span> 
     </span>
     <span class='ocr_line' id='line_1_52' title="bbox 1780 1930 1873 1951; baseline 0.011 -1"><span class='ocrx_word' id='word_1_576' title='bbox 1780 1931 1812 1950; x_wconf 72' lang='lat' dir='ltr'>dia</span> <span class='ocrx_word' id='word_1_577' title='bbox 1824 1930 1873 1951; x_wconf 85' lang='lat' dir='ltr'>Dei.</span> 
     </span>
    </p>
   </div>
  </div>
 </body>
</html>
