1991 3006
1086 210 1092 219 ι
1097 210 1107 219 x
1113 210 1119 219 ι
1124 211 1130 219 ι
1137 210 1168 220 um
1174 211 1182 220 ι
1189 211 1208 221 u
1213 210 1686 226 ινιωνννιωνιωννικνινιὶωννννννιωνννιινη
1691 215 1741 226 ww

333 361 846 424 SENTENTIAE
909 362 1583 429 SENTENTIARUM

787 505 933 532 CARMlNE
954 505 1102 533 DlGESTAE
1120 506 1126 521 ¹

746 756 1171 802 ARGUMENTUM

834 856 886 890 (Eae
900 856 963 883 edit.
982 856 1082 891 Vatic.)

204 946 384 979 Sententia.»
407 947 654 980 Sententiarum
679 948 876 992 opusculum
900 949 960 981 hoc
991 949 1207 991 inscribitur,
1232 951 1283 984 vel
1309 952 1387 996 quia
1411 952 1565 985 brevibus
1588 954 1756 987 sententiis

160 1004 302 1037 carmine
326 1004 477 1047 digestis,
494 1016 566 1048 qnae
588 1005 622 1037 in
652 1009 795 1049 quatuor
818 1006 971 1049 Magistri
996 1006 1241 1040 Sententiarum
1264 1009 1357 1042 libris
1381 1010 1605 1051 continentur,
1625 1016 1754 1044 sanctus

160 1061 392 1094 Bonaventura
406 1063 556 1106 exponit,
573 1063 625 1095 vel
641 1063 682 1095 oh
707 1063 933 1096 excellentiam
956 1064 1106 1108 opusculi
1122 1091 1129 1105 ,
1146 1065 1197 1097 vel
1221 1066 1261 1098 oh
1282 1067 1433 1100 Auctoris
1454 1068 1623 1111 ingenium
1640 1095 1647 1110 ‚
1665 1069 1752 1113 quod

161 1119 195 1151 in
213 1131 250 1152 eo
270 1120 385 1152 elucet.
405 1120 559 1152 Carmina
581 1124 688 1152 autem
712 1121 743 1153 in
771 1121 920 1164 singulos
936 1122 1184 1156 Sententiarum
1210 1124 1310 1157 libros
1330 1125 1425 1169 juxta
1448 1126 1672 1160 distinctiones
1687 1127 1755 1160 Ma-

160 1177 252 1220 gistri
275 1178 423 1210 distincta
446 1182 532 1210 sunt.
556 1178 706 1220 Magistri
729 1190 805 1211 vero
828 1180 1006 1222 sententia,
1024 1193 1123 1225 quam
1147 1193 1325 1215 consensus
1345 1182 1473 1217 Scholae
1489 1185 1674 1218 communis
1688 1197 1753 1218 non

160 1235 333 1280 approbat,
360 1236 507 1268 versibus
530 1236 666 1268 minime
691 1237 896 1280 exprimitur.
915 1238 1116 1272 Prooemium
1143 1251 1274 1284 quoque
1295 1241 1336 1273 ab
1357 1242 1495 1275 Auctore
1519 1243 1750 1286 p1·ae‚-.1ittitui·,

160 1293 303 1325 carmine
325 1292 436 1325 itidem
460 1294 674 1337 compositum
700 1307 707 1326 :

733 1295 790 1326 ubi
815 1299 957 1339 quatuor
983 1297 1182 1329 animalibus
1214 1298 1314 1331 libros
1340 1303 1483 1343 quatuor
1507 1300 1752 1333 Sententiarum

161 1362 355 1395 comparans
366 1377 373 1391 ‚
392 1351 470 1395 quid
488 1351 520 1383 in
538 1363 739 1396 unoquoque
755 1357 926 1393 tractetur,
946 1355 1027 1387 miro
1042 1355 1179 1388 artificio
1193 1356 1449 1400 comprehendit.

812 1486 1101 1526 PROOEMIUM

196 1585 218 1615 O
234 1585 301 1615 fons
315 1584 498 1624 splendoris,
512 1594 567 1615 vas
578 1585 724 1622 dulcoris,
742 1585 794 1615 sed
810 1586 928 1615 amoris

157 1637 275 1675 Naxus,
287 1647 357 1677 spes
372 1638 470 1675 ssoris,
486 1639 541 1668 «los
554 1639 644 1676 roris,
658 1639 777 1677 dogma
794 1639 925 1677 saporis,

155 1691 286 1728 Verum,
299 1692 373 1728 vita,
391 1691 457 1728 via,
473 1691 551 1720 mihi
565 1692 614 1727 da,
629 1691 711 1730 quod
730 1691 929 1730 philosophia

157 1744 278 1782 Tradit,
295 1747 477 1775 sanctorum
492 1745 573 1775 votis
587 1746 735 1784 praestare
750 1746 891 1774 tuorum.

430 1837 514 1858 LquR
536 1836 652 1857 ruimus.

291 1895 354 1924 Quid
372 1895 514 1925 contiueat,
533 1896 558 1918 et
575 1894 615 1917 cui
633 1893 792 1917 assimiletur.

197 1959 230 1989 Iu
245 1959 356 1999 primis
369 1960 484 1999 aquilae
499 1960 621 1999 primus
632 1959 711 1989 liber
725 1959 925 1995 assimilatur,

156 2012 224 2049 Quo
238 2012 276 2042 de
291 2012 398 2043 divina
413 2014 528 2043 natura
544 2013 733 2042 notificatur.

156 2065 193 2096 Et
207 2065 244 2096 de
261 2065 401 2105 personis
416 2065 559 2096 distincte
574 2065 773 2095 clarificatur.

409 2158 492 2178 tunm
513 2157 669 2178 sncuunus.

295 2217 329 2239 De
347 2222 398 2246 quo
415 2215 531 2244 disserat,
549 2215 621 2238 cuivo
639 2215 727 2238 similis
745 2215 784 2239 sit.

197 2280 342 2310 Humana
356 2280 456 2320 specie
471 2280 612 2318 reliquus
627 2280 707 2310 liber
722 2280 894 2319 effigiatur,

156 2334 223 2370 Quo
233 2334 360 2371 coelum,
373 2336 466 2371 terra,
480 2336 665 2364 cunctorum
679 2333 780 2363 forma
791 2335 924 2363 creatur.

156 2387 236 2418 Hinc
246 2388 341 2418 homo
353 2387 540 2427 plasmatur,
553 2388 601 2417 cui
614 2389 716 2417 totum
728 2387 925 2425 subjiciatur.

155 2441 302 2481 Ejusdem
319 2442 440 2481 lapsus,
457 2444 487 2472 et
503 2444 665 2482 peccatum
684 2440 862 2480 replicatur.

420 2534 506 2554 LIBER
527 2533 660 2554 TERTIUS.

224 2592 289 2620 Quid
305 2593 406 2621 tractet,
425 2592 547 2622 cujusque
565 2592 635 2621 gerat
655 2590 854 2614 similitudinem.

196 2656 320 2686 'Tertius
338 2656 370 2685 in
385 2655 489 2686 Vitulo
509 2655 696 2695 perpulchre
713 2653 925 2692 significatur,

276 2717 349 2741 rou.
374 2718 416 2741 vr.

984 1586 1080 1625 Cujus
1093 1596 1279 1627 conspersus
1290 1589 1385 1620 homo
1397 1591 1553 1630 sanguine
1564 1592 1752 1624 vivificatur.

984 1640 1061 1670 Sum
1068 1642 1127 1679 psit
1142 1643 1181 1672 ob
1195 1643 1254 1672 hoc
1267 1653 1406 1681 carnem,
1422 1645 1590 1684 disponens
1606 1647 1688 1686 quod
1704 1657 1756 1687 pa-

1064 1695 1168 1734 tialur,

985 1746 1022 1776 Ut
1039 1756 1142 1786 genus
1161 1748 1341 1780 humanum
1360 1750 1484 1790 lapsum
1508 1761 1563 1791 per
1582 1762 1656 1784 eum
1672 1754 1755 1784 redi-

1064 1803 1180 1832 matur.

984 1854 1128 1894 Praecipit
1142 1857 1172 1885 et
1186 1855 1299 1893 donat,
1318 1857 1403 1894 beat,
1422 1861 1526 1897 ornat,
1546 1861 1753 1898 gratificatur.

1244 1948 1329 1969 LIBER
1348 1949 1495 1975 QUARTUS.

1112 2004 1148 2028 De
1166 2004 1258 2035 quibus
1274 2008 1346 2037 agat,
1365 2007 1456 2038 cuique
1474 2008 1507 2032 sit
1526 2009 1624 2033 similis.

1023 2068 1158 2099 Advenit
1174 2069 1205 2099 in
1222 2072 1337 2109 quarto
1358 2070 1419 2102 Leo
1437 2072 1474 2102 de
1493 2073 1588 2112 Juda,
1609 2074 1755 2106 domina-

1063 2124 1125 2153 tur.

984 2175 1043 2205 Per
1058 2179 1255 2207 sacramenta
1270 2178 1329 2208 sibi
1346 2180 1486 2210 mundus
1500 2182 1728 2219 reconciliatur,

983 2227 1021 2258 Et
1036 2229 1136 2259 servis
1151 2231 1221 2269 eJus
1238 2231 1378 2262 m'undus
1394 2233 1512 2264 servire
1528 2238 1666 2273 paratur.

983 2279 1060 2317 Quae
1074 2281 1176 2312 suerat
1187 2291 1270 2313 caeca
1279 2284 1347 2322 jam
1361 2284 1492 2324 dudum,
1508 2296 1587 2326 gens
1601 2289 1754 2320 oculatur.

983 2332 1062 2372 Ejus
1077 2335 1186 2373 rugitu
1204 2336 1342 2366 mundus
1358 2338 1498 2377 trepidus
1512 2341 1661 2380 agitatur.

984 2386 1127 2417 Defuncti
1144 2390 1298 2427 surgunt,
1316 2390 1512 2429 etjudiciuni
1532 2394 1715 2425 celebratur.

984 2439 1058 2471 Inde
1077 2444 1248 2471 coronatur
1261 2444 1380 2481 justus,
1404 2453 1477 2475 reus
1496 2445 1573 2485 igne
1588 2450 1756 2480 crematur.

983 2493 1087 2524 Gloria
1103 2504 1160 2525 seu
1175 2504 1269 2534 poena
1283 2505 1339 2535 per
1354 2498 1469 2528 saecula
1485 2502 1700 2539 perpetuatur.

1014 2593 1021 2608 ¹
1035 2593 1074 2623 Cf.
1091 2593 1158 2617 Edit.
1171 2594 1301 2624 Arqenlin,
1320 2597 1387 2625 1495,
1404 2598 1467 2626 part.
1483 2598 1500 2627 1,
1515 2605 1538 2628 p.
1556 2600 1581 2629 4;
1597 2600 1658 2624 Edit
1677 2601 1758 2626 Vatic.

983 2630 1051 2659 ¹595,
1065 2631 1116 2652 toni
1134 2630 1195 2659 vu,
1212 2637 1271 2660 pag.
1288 2633 1349 2661 215;
1367 2632 1436 2656 Edit.
1459 2633 1548 2658 Venet..
1572 2638 1637 2666 1611,
1656 2639 1717 2661 tom.
1739 2639 1757 2668 Ι,

982 2671 1039 2695 pag.
1055 2667 1084 2694 3;
1101 2665 1159 2688 Edit
1176 2665 1419 2696 Venet.1·1⁵5‚tom.
1437 2668 1477 2698 lx,
1491 2676 1548 2699 pag.
1565 2673 1585 2695 t.

1581 2719 1619 2748 40
