1991 3006
114 1475 201 1497 Divisio.

239 224 278 251 ΞΟ
791 217 1098 248 SENTENTIARIN
1120 217 1193 248 Lm.
1218 218 1266 248 lV.

240 291 308 320 erat
325 287 485 320 voluntas.
504 286 595 319 Sicut
610 285 698 318 enim
713 285 771 329 qui
787 285 893 328 tangit
913 284 1123 317 morticinum
1136 284 1188 317 vel
1205 284 1294 317 aliud
1310 283 1518 316 immundum
1533 310 1541 325 ,
1559 284 1603 316 ita
1617 284 1762 328 pollutus
1777 290 1824 319 est

240 349 310 388 post
326 348 445 377 tactum
459 370 466 384 ‚
484 354 655 387 quousque
675 343 826 383 lavatur,
843 343 926 374 sicut
949 341 1011 373 fuit
1026 341 1106 374 dum
1131 346 1295 383 tangeret¹
1314 354 1321 382 3
1345 341 1391 373 ita
1414 346 1484 385 post
1506 346 1613 374 actum
1638 343 1757 386 peccati
1780 343 1826 376 ita

242 402 366 446 polluta
389 405 533 433 remanet
558 400 668 432 anima
682 426 689 440 ‚
713 400 796 432 sicut
815 400 875 431 fuit
901 399 933 430 in
958 399 1026 442 ipso
1051 403 1123 431 actu
1150 399 1270 442 pcccati
1294 411 1300 430 :
1319 398 1398 442 quia
1415 399 1459 430 ita
1480 403 1527 431 est
1542 399 1637 442 longe
1651 411 1670 432 a
1687 399 1754 433 Deo
1769 411 1826 444 per

242 458 563 499 dissimilitudinem,
587 458 644 501 qui
663 461 709 490 est
730 457 797 489 vita
821 461 851 488 et
877 455 1038 488 munditia
1058 456 1175 488 mentis
1190 481 1198 496 ,
1220 455 1302 488 sicut
1324 456 1386 488 fuit
1409 456 1489 488 dum
1515 461 1680 500 peecatum
1705 461 1825 499 ageret.

240 516 312 559 Ipsa
335 527 411 557 ergo
436 515 669 548 dissimilitudo
695 527 770 559 quae
794 515 877 547 inest
901 514 1018 546 animae
1043 525 1080 545 ex
1106 517 1253 557 peccato,
1272 517 1303 545 ct
1328 517 1405 545 esta
1420 513 1486 545 Deo
1507 513 1691 556 elongatio,
1707 514 1826 548 animae

242 573 368 605 macula
391 572 610 615 intelligitur,
634 584 652 605 a
673 584 737 616 qua
763 575 923 616 purgatur
946 571 978 603 in
1005 570 1207 614 poenitentia.
1235 570 1303 603 Hoc
1326 574 1434 602 autem
1455 570 1541 603 solus
1555 570 1641 603 Deus
1657 571 1752 613 facit,
1768 572 1827 616 qui

240 630 328 661 solus
341 629 474 662 suscitat
489 630 631 662 animam
648 634 678 662 et
692 630 877 670 illuminat,
896 628 983 672 quod
1007 627 1187 660 sacerdotes
1212 630 1380 671 nequeunt
1395 652 1402 668 ,
1418 627 1476 671 qui
1491 631 1598 661 tamen
1619 628 1736 661 medici
1750 633 1827 662 sunt

240 687 436 719 animarum.
467 687 559 719 Unde
584 687 745 730 Propheta
766 692 775 706 ³
799 698 805 717 :
832 684 1005 729 Numquid
1028 684 1148 717 medici
1171 684 1392 724 suscitabunt,
1419 690 1449 716 et
1475 685 1717 728 confitebuntur
1743 686 1828 719 tibi?

240 743 334 782 Quod
358 755 522 789 exponens
541 744 747 786 Augustinus
770 743 815 775 ait
836 746 844 761 ³
864 755 869 774 :
887 756 903 773 «
920 742 1003 774 Boni
1018 742 1164 774 doctores
1180 747 1262 773 recte
1279 741 1392 773 medici
1413 741 1568 774 dicuntur
1585 754 1592 774 ε
1610 743 1668 787 qui
1682 743 1828 776 viventes

239 812 353 834 curare
371 802 550 834 ministerio
572 805 726 845 possunt,
749 800 802 833 sed
830 811 893 832 non
919 804 1064 832 mortuos
1091 799 1257 831 suscitare.
1284 798 1361 831 Sola
1384 798 1470 831 enim
1496 798 1553 831 Dei
1578 800 1683 842 gratia
1706 801 1827 833 mortui

240 859 449 892 reviviscunt.
468 872 483 890 »

423 977 629 1008 EXPOSITio
652 976 816 1008 TEXTUS.

319 1061 360 1085 Est
376 1060 438 1084 alius
455 1061 546 1084 modus
564 1060 655 1089 lig-indi
667 1077 673 1088 ‚
690 1062 715 1083 et
732 1059 861 1089 solvendi,
880 1060 927 1082 etc.

275 1138 378 1177 Supra
399 1139 466 1177 egit
487 1137 638 1176 Magister
662 1138 699 1167 de
723 1147 784 1167 0511
808 1139 837 1166 et
854 1136 1006 1175 potestate

235 1190 373 1220 clavium
394 1191 427 1220 iu
452 1192 518 1221 soro
538 1190 761 1230 poenitentiali,
784 1198 855 1228 quae
875 1188 1003 1227 quidem

234 1245 281 1274 est
294 1252 349 1282 per
364 1243 595 1273 absolutionem
619 1245 650 1272 et
672 1243 859 1281 ligationem
883 1241 915 1270 in
936 1241 1003 1270 soro

234 1296 298 1326 illo.
311 1296 366 1326 Hic
380 1296 518 1326 secundo
534 1297 601 1334 agit
615 1296 652 1325 de
667 1294 863 1325 absolutione
878 1295 909 1323 et
923 1293 1004 1331 liga-

233 1349 318 1378 tione
339 1349 372 1378 in
391 1348 628 1386 sorojudiciaH,
650 1356 722 1387 quae
737 1346 866 1385 quidem
882 1348 928 1375 est.
948 1354 1003 1384 per

231 1401 590 1431 excommunicationem
600 1409 607 1437 ;
619 1402 649 1429 et
664 1400 757 1429 habet
772 1399 840 1429 haee
856 1408 928 1437 pars
938 1400 1002 1428 tres

231 1459 335 1495 partes
352 1467 358 1486 z
376 1456 408 1485 in
431 1456 533 1495 prima
552 1455 691 1493 assignat
712 1455 798 1484 1111110
813 1453 943 1483 modum
963 1453 1004 1482 li-

233 1509 346 1548 gandi,
373 1518 471 1548 quare
495 1510 526 1539 et
550 1508 685 1547 qualiter
714 1508 783 1544 tiat3
810 1507 842 1536 iu
867 1506 1004 1536 secunda

231 1571 307 1592 vero
321 1562 506 1592 auctoritate
521 1570 617 1591 sacrae
632 1560 804 1599 Seripturae
822 1560 1001 1595 confirmat,

230 1615 274 1644 ibi
289 1625 295 1644 z
316 1614 493 1646 Secundum
509 1614 562 1645 lios
580 1613 706 1652 liqamli
725 1616 752 1643 ec
773 1611 920 1644 solvendi
934 1620 1001 1642 mo-

230 1667 304 1705 d08;
318 1667 352 1697 in
367 1668 468 1704 tertia,
487 1667 526 1697 ad
541 1666 785 1705 intelligentiam
802 1665 930 1694 illarum
944 1674 1000 1694 au-

228 1720 409 1750 ctoritatum
423 1719 594 1759 quamdam
613 1719 821 1759 quaestionem
842 1718 957 1757 quaerit
972 1718 1002 1746 et

228 1773 434 1809 determinat,
451 1773 565 1803 scilicet
584 1781 657 1811 quae
674 1772 713 1801 sit
730 1772 846 1801 animae
866 1771 999 1808 macula,

228 1826 277 1857 vel
292 1827 440 1863 tenebra,
458 1835 476 1856 a
495 1835 557 1865 qua
580 1826 659 1855 11005
681 1824 834 1861 mundat,
852 1824 915 1854 ibi:
941 1824 1000 1854 Hic

228 1880 396 1918 quoerz'tur,
412 1887 482 1919 (μαι)
496 1880 540 1911 sit
557 1879 614 1910 illa
629 1879 765 1910 macula.

555 1973 622 1994 DUB.
648 1972 668 1993 1.

287 2031 402 2062 sibiipsis
416 2031 603 2061 relinquuntur,
618 2031 644 2053 ut
658 2029 690 2052 sit
704 2029 740 2052 eis
754 2028 870 2059 liberum,
886 2029 934 2052 etc.

268 2092 399 2124 Videtur
421 2093 501 2123 male
518 2092 637 2129 dicere,
658 2091 733 2130 quia
753 2090 889 2120 liberum
912 2089 998 2120 arbi—

228 2146 326 2176 trium
350 2155 415 2176 non
439 2146 549 2185 recipit
570 2144 690 2183 magis,
713 2146 743 2173 et
767 2143 892 2173 minus:
920 2151 998 2182 ergo

228 2208 292 2229 non
318 2201 365 2229 est
386 2199 480 2229 modo
499 2198 629 2228 liberius
649 2199 717 2236 post
737 2196 997 2226 excommunica-

228 2251 346 2282 tionem
361 2251 400 2281 ad
413 2252 588 2290 peccatum,
604 2258 701 2288 quam
716 2251 799 2279 ante.
815 2248 893 2278 Item
905 2250 999 2288 juxta

227 2304 287 2334 hoc
301 2304 471 2344 quaeritur,
489 2312 560 2343 quae
581 2303 642 2332 sint
662 2302 761 2339 mala,
777 2310 850 2340 quae
866 2302 999 2332 incurrit

228 2357 299 2396 quis
314 2366 370 2396 per
385 2355 755 2387 excommunicationem.

269 2409 360 2449 Resp.
390 2409 562 2440 Dicendum
587 2408 671 2448 quod
697 2408 825 2438 libertas
849 2407 997 2446 peccandi

227 2472 292 2493 non
312 2465 359 2493 est
376 2463 519 2499 libertas,
536 2462 586 2492 sed
608 2461 745 2492 desectus
764 2460 928 2491 libertatis.
945 2460 998 2490 Li-

228 2517 341 2547 berum
360 2525 441 2555 ergo
461 2515 648 2551 arbitrium,
669 2517 763 2554 prout
784 2515 898 2545 dicitur
919 2514 996 2544 libe-

229 2579 303 2600 rum
315 2579 333 2600 a
347 2569 450 2609 culpa,
465 2569 540 2609 quia
550 2569 600 2598 bic
616 2577 680 2598 non
692 2570 739 2598 est
753 2568 880 2598 libertas
894 2577 998 2598 essen-

229 2623 310 2653 tIalis
322 2647 330 2660 ‚
361 2622 416 2653 sed
444 2621 643 2652 accidentalis
654 2645 661 2657 ,
690 2621 804 2651 dicitur
834 2621 937 2659 magis
968 2624 998 2652 et

262 2687 269 2700 ¹
279 2685 365 2713 Lavit„
381 2690 417 2715 xi,
434 2685 478 2714 40;
492 2683 578 2712 Num„
591 2688 646 2712 mx,
660 2683 698 2706 22.
711 2695 735 2698 —
752 2682 762 2698 ²
772 2683 811 2706 1³5.
828 2688 943 2713 Lxxxwi,
959 2685 996 2706 11.

1063 977 1168 1007 11111105
1182 976 1318 1006 liberum
1333 987 1339 1006 z
1357 978 1387 1006 et
1402 978 1478 1006 tunc
1492 976 1596 1015 magis
1617 978 1663 1006 est
1677 976 1831 1015 liberum,

1062 1029 1188 1068 quando
1204 1029 1317 1059 melius
1328 1038 1360 1059 se
1374 1031 1473 1068 potest
1483 1029 1647 1059 defendere
1659 1040 1667 1067 ;
1680 1032 1711 1060 et
1725 1030 1833 1060 minus

1060 1082 1214 1119 liberum,
1233 1082 1361 1121 quando
1381 1082 1488 1111 miuus
1502 1091 1535 1112 se
1551 1084 1651 1121 potest
1664 1082 1832 1114 defendere

1060 1144 1079 1166 a
1094 1136 1210 1175 peccati
1235 1135 1386 1165 dominio.
1409 1134 1565 1171 Quoniam
1586 1135 1687 1174 igitur
1711 1135 1832 1165 meritis

1060 1188 1241 1218 orationum
1268 1187 1413 1218 Ecclesiae
1442 1187 1533 1217 multi
1561 1189 1778 1218 sustentantur
1801 1189 1832 1218 et

1059 1240 1270 1271 defenduntur
1293 1249 1311 1270 a
1337 1239 1454 1279 culpis,
1479 1241 1554 1269 tunc
1578 1240 1726 1270 dicuntur
1749 1239 1831 1270 libe-

1060 1294 1158 1324 riores
1190 1294 1229 1324 ad
1257 1296 1421 1333 peccatum
1457 1293 1701 1332 perpetrandum
1736 1293 1805 1324 fieri
1820 1317 1829 1331 ‚

1059 1349 1186 1388 quando
1211 1349 1401 1378 auferuntur
1423 1348 1468 1377 eis
1492 1348 1647 1387 suffragia
1672 1348 1829 1379 Ecclesiae.

1060 1400 1145 1431 Unde
1167 1403 1251 1440 patet
1273 1401 1431 1440 quomodo
1455 1401 1532 1431 illud
1554 1401 1690 1432 verbum
1713 1401 1828 1432 intelli-

1058 1455 1156 1493 gitur.
1173 1454 1209 1485 Et
1224 1457 1298 1484 nota
1311 1454 1396 1494 quod
1412 1454 1512 1484 multa
1527 1457 1602 1484 sunt
1616 1454 1828 1491 incommoda,

1057 1516 1129 1546 quae
1145 1507 1311 1537 incurrunt
1326 1506 1602 1544 excommunicati,
1625 1515 1697 1546 quae
1714 1508 1827 1537 notan-

1058 1562 1109 1590 tur
1124 1560 1172 1590 his
1189 1560 1354 1591 versibus:

1089 1639 1173 1663 Gratia
1185 1639 1349 1668 subtrabitur,
1364 1639 1444 1669 magis
1456 1645 1485 1661 ac
1500 1638 1581 1669 magis
1593 1638 1667 1662 obice
1681 1641 1766 1669 rupto.

1089 1676 1124 1698 De
1140 1675 1201 1698 viiio
1216 1674 1265 1698 ruit
1280 1674 1306 1697 iu
1323 1674 1416 1703 vitium,
1435 1673 1555 1702 suffragia
1567 1673 1657 1704 perdit.

1089 1711 1118 1734 Et
1132 1712 1225 1733 satana:
1240 1709 1313 1733 citius
1328 1709 1460 1732 vexandus
1475 1709 1581 1732 traditur
1594 1709 1645 1740 ille,

1089 1746 1170 1773 Quem
1185 1745 1244 1775 ligat
1259 1751 1288 1768 ex
1304 1744 1413 1775 propriis
1427 1744 1647 1768 anathematizatio
1662 1744 1750 1775 culpis.

1096 1824 1133 1855 Et
1164 1824 1386 1862 intelliguntur
1409 1825 1564 1862 quantum
1593 1823 1632 1853 ad
1657 1824 1827 1863 expositio-

1055 1887 1148 1915 nem,
1165 1876 1215 1908 vel
1237 1876 1275 1906 de
1294 1885 1326 1906 se
1347 1876 1549 1915 eJectionem3
1574 1875 1655 1906 sieut
1674 1885 1731 1906 rex
1749 1876 1828 1907 diee-

1055 1932 1144 1961 retur
1167 1929 1301 1959 militem
1327 1928 1450 1958 tradere
1470 1927 1619 1965 inimico,
1644 1937 1739 1967 quem
1763 1937 1827 1959 non

1054 1982 1233 2013 defenderet
1247 1981 1287 2012 ab
1302 1982 1372 2019 ejus
1387 1980 1565 2011 vexatione.

1382 2083 1448 2104 DUB.
1472 2082 1504 2103 Π.

1053 2145 1104 2170 Sed
1124 2144 1316 2175 intelligendum
1341 2145 1378 2167 est
1401 2144 1450 2167 hoc
1472 2144 1498 2167 'm
1525 2143 1585 2173 illis,
1604 2150 1713 2175 quorum
1736 2144 1826 2168 merita

1228 2180 1292 2203 solvi
1306 2180 1347 2203 vel
1360 2179 1432 2210 ligari
1447 2179 1586 2210 postulant,
1601 2181 1650 2203 etc.

1093 2247 1254 2285 Quaeritur
1268 2247 1330 2285 hic,
1347 2246 1373 2275 si
1387 2246 1501 2285 aliquis
1515 2246 1554 2275 sit
1568 2246 1685 2285 injuste
1699 2255 1825 2277 excom-

1053 2302 1254 2338 municatus,
1282 2301 1393 2330 utrum
1420 2298 1538 2329 habere
1565 2308 1598 2328 se
1626 2299 1736 2329 debeat
1766 2308 1823 2338 pro

1052 2353 1339 2384 excommunicato.
1356 2351 1394 2382 Et
1412 2351 1496 2391 quod
1512 2351 1573 2388 sic,
1595 2351 1730 2389 videtur,
1747 2352 1823 2391 quia

1052 2407 1166 2437 dicitur
1194 2407 1227 2436 in
1252 2407 1324 2445 jure
1342 2405 1352 2421 ¹*
1379 2415 1386 2435 ε
1413 2404 1573 2435 Sententia
1600 2404 1732 2443 pastoris
1755 2404 1822 2434 sive

1049 2461 1147 2499 justa,
1165 2459 1232 2489 sive
1247 2459 1376 2498 injusta,
1392 2458 1527 2488 tenenda
1540 2459 1603 2492 est,
1624 2458 1654 2487 et
1668 2456 1818 2487 timenda.

1053 2513 1113 2543 Sed
1135 2515 1263 2542 contra:
1281 2511 1432 2550 Magister
1451 2510 1544 2546 dicit,
1560 2509 1645 2549 quod
1664 2508 1750 2539 illam
1773 2518 1821 2539 so-

1052 2566 1116 2597 lam
1147 2565 1335 2595 sententiam
1367 2563 1520 2603 approbat
1551 2563 1638 2593 curia
1666 2562 1818 2601 coelestis,

1053 2659 1082 2664 —
1094 2646 1103 2661 δ
1113 2646 1186 2676 Aug„
1201 2645 1293 2668 Εηαιϊ.
1309 2644 1333 2666 in
1348 2644 1389 2666 Ps.
1405 2648 1522 2670 Lxxxvn,
1537 2649 1561 2666 n.
1579 2644 1616 2666 10.
1627 2655 1653 2660 -—
1669 2642 1679 2658 ⁸
1690 2644 1775 2674 Greg„
1789 2642 1819 2673 ΙΙ,

1053 2689 1078 2712 q.
1095 2687 1132 2711 111,
1148 2680 1262 2711 Episcop.
1276 2678 1423 2710 presbyteri.
