<?xml version="1.0" encoding="UTF-8"?>
<!DOCTYPE html PUBLIC "-//W3C//DTD XHTML 1.0 Transitional//EN"
    "http://www.w3.org/TR/xhtml1/DTD/xhtml1-transitional.dtd">
<html xmlns="http://www.w3.org/1999/xhtml" xml:lang="en" lang="en">
 <head>
  <title>
</title>
<meta http-equiv="Content-Type" content="text/html;charset=utf-8" />
  <meta name='ocr-system' content='tesseract 3.04.00' />
  <meta name='ocr-capabilities' content='ocr_page ocr_carea ocr_par ocr_line ocrx_word'/>
</head>
<body>
  <div class='ocr_page' id='page_1' title='image "./operaomniasixtiv06bonauoft/operaomniasixtiv06bonauoft_0047.png"; bbox 0 0 1991 3006; ppageno 0'>
   <div class='ocr_carea' id='block_1_1' title="bbox 0 898 96 1014">
    <p class='ocr_par' dir='ltr' id='par_1_1' title="bbox 0 898 96 1014">
     <span class='ocr_line' id='line_1_1' title="bbox 7 898 94 919; baseline -0.011 0"><span class='ocrx_word' id='word_1_1' title='bbox 7 898 94 919; x_wconf 78' lang='lat' dir='ltr'>Exeom-</span> 
     </span>
     <span class='ocr_line' id='line_1_2' title="bbox 6 930 96 950; baseline -0.011 -1"><span class='ocrx_word' id='word_1_2' title='bbox 6 930 96 950; x_wconf 77' lang='lat' dir='ltr'>munica-</span> 
     </span>
     <span class='ocr_line' id='line_1_3' title="bbox 10 960 88 981; baseline -0.013 0"><span class='ocrx_word' id='word_1_3' title='bbox 10 961 38 981; x_wconf 78' lang='lat' dir='ltr'>tio</span> <span class='ocrx_word' id='word_1_4' title='bbox 52 960 88 980; x_wconf 86' lang='lat' dir='ltr'>du-</span> 
     </span>
     <span class='ocr_line' id='line_1_4' title="bbox 0 995 52 1014; baseline 0 0"><span class='ocrx_word' id='word_1_5' title='bbox 0 995 52 1014; x_wconf 63' lang='lat' dir='ltr'>alex.</span> 
     </span>
    </p>
   </div>
   <div class='ocr_carea' id='block_1_2' title="bbox 511 184 1715 220">
    <p class='ocr_par' dir='ltr' id='par_1_2' title="bbox 511 184 1715 220">
     <span class='ocr_line' id='line_1_5' title="bbox 511 184 1715 220; baseline 0.002 -3"><span class='ocrx_word' id='word_1_6' title='bbox 511 187 604 218; x_wconf 87' lang='lat' dir='ltr'>DIST.</span> <span class='ocrx_word' id='word_1_7' title='bbox 630 186 734 217; x_wconf 79' lang='lat' dir='ltr'>XVIII.</span> <span class='ocrx_word' id='word_1_8' title='bbox 762 185 875 215; x_wconf 64' lang='lat' dir='ltr'>PART.</span> <span class='ocrx_word' id='word_1_9' title='bbox 902 184 937 214; x_wconf 89' lang='lat' dir='ltr'>II.</span> <span class='ocrx_word' id='word_1_10' title='bbox 963 185 1051 215; x_wconf 73' lang='lat' dir='ltr'>ART.</span> <span class='ocrx_word' id='word_1_11' title='bbox 1078 186 1098 215; x_wconf 94' lang='lat' dir='ltr'>I.</span> <span class='ocrx_word' id='word_1_12' title='bbox 1124 186 1273 220; x_wconf 68' lang='lat' dir='ltr'><strong>‹‚·1JAEST.</strong></span> <span class='ocrx_word' id='word_1_13' title='bbox 1297 188 1333 219; x_wconf 81' lang='lat' dir='ltr'>V.</span> <span class='ocrx_word' id='word_1_14' title='bbox 1682 193 1715 220; x_wconf 77' lang='lat'>31</span> 
     </span>
    </p>
   </div>
   <div class='ocr_carea' id='block_1_3' title="bbox 119 251 889 504">
    <p class='ocr_par' dir='ltr' id='par_1_3' title="bbox 119 251 889 504">
     <span class='ocr_line' id='line_1_6' title="bbox 120 251 888 292; baseline -0.003 -9"><span class='ocrx_word' id='word_1_15' title='bbox 120 260 233 283; x_wconf 88' lang='lat' dir='ltr'>verum</span> <span class='ocrx_word' id='word_1_16' title='bbox 261 255 324 292; x_wconf 88' lang='lat' dir='ltr'>est,</span> <span class='ocrx_word' id='word_1_17' title='bbox 349 263 422 284; x_wconf 91' lang='lat' dir='ltr'>cum</span> <span class='ocrx_word' id='word_1_18' title='bbox 445 254 504 283; x_wconf 85' lang='lat' dir='ltr'>ista</span> <span class='ocrx_word' id='word_1_19' title='bbox 527 253 683 284; x_wconf 90' lang='lat' dir='ltr'>medicina</span> <span class='ocrx_word' id='word_1_20' title='bbox 707 253 746 282; x_wconf 87' lang='lat' dir='ltr'>sit</span> <span class='ocrx_word' id='word_1_21' title='bbox 767 251 888 283; x_wconf 78' lang='lat' dir='ltr'>occasio</span> 
     </span>
     <span class='ocr_line' id='line_1_7' title="bbox 119 304 888 345; baseline -0.001 -10"><span class='ocrx_word' id='word_1_22' title='bbox 119 305 294 336; x_wconf 90' lang='lat' dir='ltr'>multorum</span> <span class='ocrx_word' id='word_1_23' title='bbox 313 306 542 345; x_wconf 84' lang='lat' dir='ltr'>periculorum,</span> <span class='ocrx_word' id='word_1_24' title='bbox 561 306 686 336; x_wconf 87' lang='lat' dir='ltr'>videtur</span> <span class='ocrx_word' id='word_1_25' title='bbox 706 308 783 336; x_wconf 89' lang='lat' dir='ltr'>tunc</span> <span class='ocrx_word' id='word_1_26' title='bbox 803 304 888 344; x_wconf 90' lang='lat' dir='ltr'>quod</span> 
     </span>
     <span class='ocr_line' id='line_1_8' title="bbox 119 357 889 398; baseline -0.003 -10"><span class='ocrx_word' id='word_1_27' title='bbox 119 367 184 389; x_wconf 93' lang='lat' dir='ltr'>non</span> <span class='ocrx_word' id='word_1_28' title='bbox 199 359 238 389; x_wconf 83' lang='lat' dir='ltr'>sit</span> <span class='ocrx_word' id='word_1_29' title='bbox 252 359 425 397; x_wconf 79' lang='lat' dir='ltr'>medicina,</span> <span class='ocrx_word' id='word_1_30' title='bbox 441 359 494 389; x_wconf 89' lang='lat' dir='ltr'>sed</span> <span class='ocrx_word' id='word_1_31' title='bbox 510 359 658 394; x_wconf 87' lang='lat' dir='ltr'>morbus;</span> <span class='ocrx_word' id='word_1_32' title='bbox 678 361 708 389; x_wconf 87' lang='lat' dir='ltr'>et</span> <span class='ocrx_word' id='word_1_33' title='bbox 722 357 805 398; x_wconf 84' lang='lat' dir='ltr'>quod</span> <span class='ocrx_word' id='word_1_34' title='bbox 821 357 889 396; x_wconf 89' lang='lat' dir='ltr'>qui-</span> 
     </span>
     <span class='ocr_line' id='line_1_9' title="bbox 119 410 888 451; baseline -0.001 -11"><span class='ocrx_word' id='word_1_35' title='bbox 119 420 255 451; x_wconf 84' lang='lat' dir='ltr'>cumque</span> <span class='ocrx_word' id='word_1_36' title='bbox 273 412 366 442; x_wconf 85' lang='lat' dir='ltr'>infert</span> <span class='ocrx_word' id='word_1_37' title='bbox 389 421 477 449; x_wconf 83' lang='lat' dir='ltr'>eam,</span> <span class='ocrx_word' id='word_1_38' title='bbox 504 421 577 442; x_wconf 93' lang='lat' dir='ltr'>cum</span> <span class='ocrx_word' id='word_1_39' title='bbox 601 413 696 450; x_wconf 81' lang='lat' dir='ltr'>ponat</span> <span class='ocrx_word' id='word_1_40' title='bbox 717 411 833 441; x_wconf 86' lang='lat' dir='ltr'>multos</span> <span class='ocrx_word' id='word_1_41' title='bbox 854 410 888 439; x_wconf 91' lang='lat' dir='ltr'>in</span> 
     </span>
     <span class='ocr_line' id='line_1_10' title="bbox 120 463 776 504; baseline -0.003 -10"><span class='ocrx_word' id='word_1_42' title='bbox 120 463 212 502; x_wconf 85' lang='lat' dir='ltr'>gravi</span> <span class='ocrx_word' id='word_1_43' title='bbox 226 464 366 503; x_wconf 88' lang='lat' dir='ltr'>periculo</span> <span class='ocrx_word' id='word_1_44' title='bbox 379 488 386 501; x_wconf 81' lang='lat'>‚</span> <span class='ocrx_word' id='word_1_45' title='bbox 404 464 490 504; x_wconf 89' lang='lat' dir='ltr'>quod</span> <span class='ocrx_word' id='word_1_46' title='bbox 504 464 646 503; x_wconf 83' lang='lat' dir='ltr'>graviter</span> <span class='ocrx_word' id='word_1_47' title='bbox 662 465 776 503; x_wconf 86' lang='lat' dir='ltr'>peccet.</span> 
     </span>
    </p>
   </div>
   <div class='ocr_carea' id='block_1_4' title="bbox 371 578 632 610">
    <p class='ocr_par' dir='ltr' id='par_1_4' title="bbox 371 578 632 610">
     <span class='ocr_line' id='line_1_11' title="bbox 371 578 632 610; baseline 0.004 -1"><span class='ocrx_word' id='word_1_48' title='bbox 371 578 632 610; x_wconf 89' lang='lat' dir='ltr'>CONCLUSIO.</span> 
     </span>
    </p>
   </div>
   <div class='ocr_carea' id='block_1_5' title="bbox 119 667 888 827">
    <p class='ocr_par' dir='ltr' id='par_1_5' title="bbox 119 667 888 827">
     <span class='ocr_line' id='line_1_12' title="bbox 119 667 888 704; baseline 0.003 -10"><span class='ocrx_word' id='word_1_49' title='bbox 119 667 343 695; x_wconf 78' lang='lat' dir='ltr'>Communicantes</span> <span class='ocrx_word' id='word_1_50' title='bbox 371 676 429 695; x_wconf 78' lang='lat' dir='ltr'>cum</span> <span class='ocrx_word' id='word_1_51' title='bbox 452 669 675 695; x_wconf 61' lang='lat' dir='ltr'>excommunicato</span> <span class='ocrx_word' id='word_1_52' title='bbox 700 676 751 695; x_wconf 76' lang='lat' dir='ltr'>non</span> <span class='ocrx_word' id='word_1_53' title='bbox 775 671 888 704; x_wconf 79' lang='lat' dir='ltr'>propter</span> 
     </span>
     <span class='ocr_line' id='line_1_13' title="bbox 152 713 885 747; baseline 0.003 -9"><span class='ocrx_word' id='word_1_54' title='bbox 152 713 349 744; x_wconf 72' lang='lat' dir='ltr'>necessitatem,</span> <span class='ocrx_word' id='word_1_55' title='bbox 366 715 413 739; x_wconf 80' lang='lat' dir='ltr'>aut</span> <span class='ocrx_word' id='word_1_56' title='bbox 432 714 628 747; x_wconf 61' lang='lat' dir='ltr'>ignorantiam,</span> <span class='ocrx_word' id='word_1_57' title='bbox 643 714 684 740; x_wconf 66' lang='lat' dir='ltr'>vicl</span> <span class='ocrx_word' id='word_1_58' title='bbox 705 715 885 740; x_wconf 65' lang='lat' dir='ltr'>excommuni—</span> 
     </span>
     <span class='ocr_line' id='line_1_14' title="bbox 151 756 885 787; baseline 0.004 -6"><span class='ocrx_word' id='word_1_59' title='bbox 151 756 208 781; x_wconf 81' lang='lat' dir='ltr'>cati</span> <span class='ocrx_word' id='word_1_60' title='bbox 221 756 377 787; x_wconf 77' lang='lat' dir='ltr'><em>utilitatem,</em></span> <span class='ocrx_word' id='word_1_61' title='bbox 393 758 456 783; x_wconf 77' lang='lat' dir='ltr'>sunt</span> <span class='ocrx_word' id='word_1_62' title='bbox 470 758 693 784; x_wconf 73' lang='lat' dir='ltr'>caecommunicati</span> <span class='ocrx_word' id='word_1_63' title='bbox 708 759 885 785; x_wconf 74' lang='lat' dir='ltr'>eoecommtmi-</span> 
     </span>
     <span class='ocr_line' id='line_1_15' title="bbox 151 800 375 827; baseline 0 -2"><span class='ocrx_word' id='word_1_64' title='bbox 151 800 255 826; x_wconf 80' lang='lat' dir='ltr'>catione</span> <span class='ocrx_word' id='word_1_65' title='bbox 268 801 375 827; x_wconf 74' lang='lat' dir='ltr'>minori.</span> 
     </span>
    </p>
   </div>
   <div class='ocr_carea' id='block_1_6' title="bbox 108 887 886 2674">
    <p class='ocr_par' dir='ltr' id='par_1_6' title="bbox 108 887 886 2674">
     <span class='ocr_line' id='line_1_16' title="bbox 157 887 885 928; baseline 0.004 -10"><span class='ocrx_word' id='word_1_66' title='bbox 157 887 248 926; x_wconf 87' lang='lat' dir='ltr'>Resp.</span> <span class='ocrx_word' id='word_1_67' title='bbox 261 888 299 918; x_wconf 90' lang='lat' dir='ltr'>ad</span> <span class='ocrx_word' id='word_1_68' title='bbox 309 897 378 927; x_wconf 83' lang='lat' dir='ltr'>arg.</span> <span class='ocrx_word' id='word_1_69' title='bbox 391 889 665 928; x_wconf 84' lang='lat' dir='ltr'>Dicendumquod,</span> <span class='ocrx_word' id='word_1_70' title='bbox 678 890 757 921; x_wconf 85' lang='lat' dir='ltr'>sicut</span> <span class='ocrx_word' id='word_1_71' title='bbox 768 893 885 921; x_wconf 86' lang='lat' dir='ltr'>tactum</span> 
     </span>
     <span class='ocr_line' id='line_1_17' title="bbox 116 940 886 981; baseline 0.004 -11"><span class='ocrx_word' id='word_1_72' title='bbox 116 942 164 970; x_wconf 84' lang='lat' dir='ltr'>est</span> <span class='ocrx_word' id='word_1_73' title='bbox 173 963 182 977; x_wconf 87' lang='lat'>‚</span> <span class='ocrx_word' id='word_1_74' title='bbox 198 940 315 980; x_wconf 83' lang='lat' dir='ltr'>duplex</span> <span class='ocrx_word' id='word_1_75' title='bbox 329 943 376 971; x_wconf 88' lang='lat' dir='ltr'>est</span> <span class='ocrx_word' id='word_1_76' title='bbox 389 942 683 981; x_wconf 75' lang='lat' dir='ltr'>excommunicatio,</span> <span class='ocrx_word' id='word_1_77' title='bbox 700 943 815 973; x_wconf 89' lang='lat' dir='ltr'>scilicet</span> <span class='ocrx_word' id='word_1_78' title='bbox 829 944 886 973; x_wconf 89' lang='lat' dir='ltr'>mi-</span> 
     </span>
     <span class='ocr_line' id='line_1_18' title="bbox 116 994 883 1035; baseline 0.007 -13"><span class='ocrx_word' id='word_1_79' title='bbox 116 1001 185 1030; x_wconf 87' lang='lat' dir='ltr'>nor,</span> <span class='ocrx_word' id='word_1_80' title='bbox 201 995 232 1022; x_wconf 87' lang='lat' dir='ltr'>et</span> <span class='ocrx_word' id='word_1_81' title='bbox 247 994 350 1032; x_wconf 84' lang='lat' dir='ltr'>major</span> <span class='ocrx_word' id='word_1_82' title='bbox 366 1005 372 1023; x_wconf 90' lang='lat'><strong>:</strong></span> <span class='ocrx_word' id='word_1_83' title='bbox 389 994 494 1024; x_wconf 88' lang='lat' dir='ltr'>minor</span> <span class='ocrx_word' id='word_1_84' title='bbox 506 996 630 1025; x_wconf 86' lang='lat' dir='ltr'>tantum</span> <span class='ocrx_word' id='word_1_85' title='bbox 654 998 777 1035; x_wconf 83' lang='lat' dir='ltr'>separat</span> <span class='ocrx_word' id='word_1_86' title='bbox 791 1006 810 1026; x_wconf 86' lang='lat' dir='ltr'>a</span> <span class='ocrx_word' id='word_1_87' title='bbox 833 1006 883 1027; x_wconf 86' lang='lat' dir='ltr'>sa-</span> 
     </span>
     <span class='ocr_line' id='line_1_19' title="bbox 114 1045 885 1085; baseline 0.006 -11"><span class='ocrx_word' id='word_1_88' title='bbox 114 1045 299 1083; x_wconf 87' lang='lat' dir='ltr'>cramentis;</span> <span class='ocrx_word' id='word_1_89' title='bbox 316 1047 419 1085; x_wconf 64' lang='lat' dir='ltr'>maior</span> <span class='ocrx_word' id='word_1_90' title='bbox 435 1056 510 1077; x_wconf 88' lang='lat' dir='ltr'>vero</span> <span class='ocrx_word' id='word_1_91' title='bbox 532 1057 597 1078; x_wconf 90' lang='lat' dir='ltr'>non</span> <span class='ocrx_word' id='word_1_92' title='bbox 612 1050 735 1078; x_wconf 86' lang='lat' dir='ltr'>tantum</span> <span class='ocrx_word' id='word_1_93' title='bbox 749 1058 768 1079; x_wconf 90' lang='lat' dir='ltr'>a</span> <span class='ocrx_word' id='word_1_94' title='bbox 782 1058 885 1079; x_wconf 83' lang='lat' dir='ltr'>sacra-</span> 
     </span>
     <span class='ocr_line' id='line_1_20' title="bbox 113 1098 882 1141; baseline 0.007 -14"><span class='ocrx_word' id='word_1_95' title='bbox 113 1098 228 1128; x_wconf 83' lang='lat' dir='ltr'>mentis</span> <span class='ocrx_word' id='word_1_96' title='bbox 246 1101 391 1137; x_wconf 84' lang='lat' dir='ltr'>separat,</span> <span class='ocrx_word' id='word_1_97' title='bbox 408 1100 462 1130; x_wconf 87' lang='lat' dir='ltr'>sed</span> <span class='ocrx_word' id='word_1_98' title='bbox 477 1101 572 1131; x_wconf 84' lang='lat' dir='ltr'>etiam</span> <span class='ocrx_word' id='word_1_99' title='bbox 586 1101 625 1130; x_wconf 80' lang='lat' dir='ltr'>ab</span> <span class='ocrx_word' id='word_1_100' title='bbox 640 1102 762 1132; x_wconf 81' lang='lat' dir='ltr'>actibus</span> <span class='ocrx_word' id='word_1_101' title='bbox 776 1102 882 1141; x_wconf 79' lang='lat' dir='ltr'>legiti-</span> 
     </span>
     <span class='ocr_line' id='line_1_21' title="bbox 111 1150 881 1190; baseline 0.008 -10"><span class='ocrx_word' id='word_1_102' title='bbox 111 1150 171 1180; x_wconf 86' lang='lat' dir='ltr'>mis</span> <span class='ocrx_word' id='word_1_103' title='bbox 193 1160 266 1181; x_wconf 88' lang='lat' dir='ltr'>cum</span> <span class='ocrx_word' id='word_1_104' title='bbox 287 1151 356 1181; x_wconf 88' lang='lat' dir='ltr'>aliis</span> <span class='ocrx_word' id='word_1_105' title='bbox 376 1153 530 1190; x_wconf 87' lang='lat' dir='ltr'>personis.</span> <span class='ocrx_word' id='word_1_106' title='bbox 549 1153 584 1183; x_wconf 86' lang='lat' dir='ltr'>Et</span> <span class='ocrx_word' id='word_1_107' title='bbox 603 1154 672 1184; x_wconf 88' lang='lat' dir='ltr'>ideo</span> <span class='ocrx_word' id='word_1_108' title='bbox 696 1164 881 1186; x_wconf 83' lang='lat' dir='ltr'>excommu-</span> 
     </span>
     <span class='ocr_line' id='line_1_22' title="bbox 110 1203 881 1248; baseline 0.009 -16"><span class='ocrx_word' id='word_1_109' title='bbox 110 1203 226 1234; x_wconf 82' lang='lat' dir='ltr'>nicatio</span> <span class='ocrx_word' id='word_1_110' title='bbox 240 1204 346 1234; x_wconf 90' lang='lat' dir='ltr'>minor</span> <span class='ocrx_word' id='word_1_111' title='bbox 362 1207 408 1235; x_wconf 89' lang='lat' dir='ltr'>est</span> <span class='ocrx_word' id='word_1_112' title='bbox 431 1206 560 1236; x_wconf 84' lang='lat' dir='ltr'>morbus</span> <span class='ocrx_word' id='word_1_113' title='bbox 585 1207 755 1245; x_wconf 76' lang='lat' dir='ltr'>respiciens</span> <span class='ocrx_word' id='word_1_114' title='bbox 774 1217 881 1248; x_wconf 87' lang='lat' dir='ltr'>perso-</span> 
     </span>
     <span class='ocr_line' id='line_1_23' title="bbox 111 1256 884 1300; baseline 0.008 -15"><span class='ocrx_word' id='word_1_115' title='bbox 111 1264 185 1285; x_wconf 89' lang='lat' dir='ltr'>nam</span> <span class='ocrx_word' id='word_1_116' title='bbox 200 1256 341 1287; x_wconf 87' lang='lat' dir='ltr'>absolute</span> <span class='ocrx_word' id='word_1_117' title='bbox 354 1268 361 1295; x_wconf 83' lang='lat'><em>3</em></span> <span class='ocrx_word' id='word_1_118' title='bbox 389 1260 676 1290; x_wconf 79' lang='lat' dir='ltr'>excommunicatio</span> <span class='ocrx_word' id='word_1_119' title='bbox 691 1269 767 1291; x_wconf 88' lang='lat' dir='ltr'>vero</span> <span class='ocrx_word' id='word_1_120' title='bbox 783 1263 884 1300; x_wconf 88' lang='lat' dir='ltr'>major</span> 
     </span>
     <span class='ocr_line' id='line_1_24' title="bbox 110 1309 884 1353; baseline 0.008 -15"><span class='ocrx_word' id='word_1_121' title='bbox 110 1310 157 1338; x_wconf 88' lang='lat' dir='ltr'>est</span> <span class='ocrx_word' id='word_1_122' title='bbox 169 1309 302 1340; x_wconf 84' lang='lat' dir='ltr'>morbus</span> <span class='ocrx_word' id='word_1_123' title='bbox 317 1311 487 1350; x_wconf 81' lang='lat' dir='ltr'>respiciens</span> <span class='ocrx_word' id='word_1_124' title='bbox 502 1321 684 1350; x_wconf 82' lang='lat' dir='ltr'>personam,</span> <span class='ocrx_word' id='word_1_125' title='bbox 701 1316 736 1342; x_wconf 81' lang='lat' dir='ltr'>ut</span> <span class='ocrx_word' id='word_1_126' title='bbox 750 1316 796 1343; x_wconf 88' lang='lat' dir='ltr'>est</span> <span class='ocrx_word' id='word_1_127' title='bbox 811 1323 884 1353; x_wconf 86' lang='lat' dir='ltr'>pars</span> 
     </span>
     <span class='ocr_line' id='line_1_25' title="bbox 111 1363 881 1403; baseline 0.008 -12"><span class='ocrx_word' id='word_1_128' title='bbox 111 1363 350 1393; x_wconf 79' lang='lat' dir='ltr'>communitatis</span> <span class='ocrx_word' id='word_1_129' title='bbox 364 1388 371 1401; x_wconf 84' lang='lat'>,</span> <span class='ocrx_word' id='word_1_130' title='bbox 395 1366 426 1394; x_wconf 87' lang='lat' dir='ltr'>et</span> <span class='ocrx_word' id='word_1_131' title='bbox 449 1373 599 1403; x_wconf 86' lang='lat' dir='ltr'>separans</span> <span class='ocrx_word' id='word_1_132' title='bbox 614 1375 632 1395; x_wconf 88' lang='lat' dir='ltr'>a</span> <span class='ocrx_word' id='word_1_133' title='bbox 647 1367 881 1397; x_wconf 74' lang='lat' dir='ltr'>communitate.</span> 
     </span>
     <span class='ocr_line' id='line_1_26' title="bbox 112 1413 882 1458; baseline 0.006 -15"><span class='ocrx_word' id='word_1_134' title='bbox 112 1413 186 1444; x_wconf 85' lang='lat' dir='ltr'>Haec</span> <span class='ocrx_word' id='word_1_135' title='bbox 199 1418 305 1457; x_wconf 83' lang='lat' dir='ltr'>autem</span> <span class='ocrx_word' id='word_1_136' title='bbox 326 1417 481 1455; x_wconf 78' lang='lat' dir='ltr'>separatio</span> <span class='ocrx_word' id='word_1_137' title='bbox 491 1440 500 1453; x_wconf 87' lang='lat'>,</span> <span class='ocrx_word' id='word_1_138' title='bbox 517 1426 590 1447; x_wconf 92' lang='lat' dir='ltr'>cum</span> <span class='ocrx_word' id='word_1_139' title='bbox 605 1417 643 1447; x_wconf 89' lang='lat' dir='ltr'>sit</span> <span class='ocrx_word' id='word_1_140' title='bbox 658 1418 768 1448; x_wconf 89' lang='lat' dir='ltr'>relatio</span> <span class='ocrx_word' id='word_1_141' title='bbox 783 1420 882 1458; x_wconf 84' lang='lat' dir='ltr'>aequi-</span> 
     </span>
     <span class='ocr_line' id='line_1_27' title="bbox 110 1468 883 1508; baseline 0.006 -12"><span class='ocrx_word' id='word_1_142' title='bbox 110 1468 279 1505; x_wconf 83' lang='lat' dir='ltr'>parantiae,</span> <span class='ocrx_word' id='word_1_143' title='bbox 308 1468 414 1498; x_wconf 83' lang='lat' dir='ltr'>locum</span> <span class='ocrx_word' id='word_1_144' title='bbox 428 1478 491 1499; x_wconf 91' lang='lat' dir='ltr'>non</span> <span class='ocrx_word' id='word_1_145' title='bbox 508 1469 639 1500; x_wconf 87' lang='lat' dir='ltr'>haberet</span> <span class='ocrx_word' id='word_1_146' title='bbox 652 1494 659 1508; x_wconf 85' lang='lat'>,</span> <span class='ocrx_word' id='word_1_147' title='bbox 677 1471 737 1500; x_wconf 89' lang='lat' dir='ltr'>nisi</span> <span class='ocrx_word' id='word_1_148' title='bbox 757 1471 809 1501; x_wconf 84' lang='lat' dir='ltr'>alii</span> <span class='ocrx_word' id='word_1_149' title='bbox 832 1482 883 1501; x_wconf 82' lang='lat' dir='ltr'>se-</span> 
     </span>
     <span class='ocr_line' id='line_1_28' title="bbox 109 1521 883 1562; baseline 0.008 -13"><span class='ocrx_word' id='word_1_150' title='bbox 109 1522 298 1558; x_wconf 79' lang='lat' dir='ltr'>pararentur</span> <span class='ocrx_word' id='word_1_151' title='bbox 306 1521 346 1551; x_wconf 88' lang='lat' dir='ltr'>ab</span> <span class='ocrx_word' id='word_1_152' title='bbox 361 1530 398 1552; x_wconf 92' lang='lat' dir='ltr'>eo</span> <span class='ocrx_word' id='word_1_153' title='bbox 416 1533 423 1552; x_wconf 76' lang='lat'>2</span> <span class='ocrx_word' id='word_1_154' title='bbox 440 1531 517 1560; x_wconf 84' lang='lat' dir='ltr'>ergo</span> <span class='ocrx_word' id='word_1_155' title='bbox 532 1522 569 1552; x_wconf 88' lang='lat' dir='ltr'>ad</span> <span class='ocrx_word' id='word_1_156' title='bbox 585 1523 642 1553; x_wconf 84' lang='lat' dir='ltr'>hoc</span> <span class='ocrx_word' id='word_1_157' title='bbox 655 1524 738 1562; x_wconf 86' lang='lat' dir='ltr'>quod</span> <span class='ocrx_word' id='word_1_158' title='bbox 750 1524 807 1554; x_wconf 85' lang='lat' dir='ltr'>ista</span> <span class='ocrx_word' id='word_1_159' title='bbox 824 1534 883 1555; x_wconf 86' lang='lat' dir='ltr'>ex-</span> 
     </span>
     <span class='ocr_line' id='line_1_29' title="bbox 109 1574 883 1616; baseline 0.008 -14"><span class='ocrx_word' id='word_1_160' title='bbox 109 1574 352 1605; x_wconf 83' lang='lat' dir='ltr'>communicatio</span> <span class='ocrx_word' id='word_1_161' title='bbox 367 1575 406 1605; x_wconf 86' lang='lat' dir='ltr'>sit</span> <span class='ocrx_word' id='word_1_162' title='bbox 421 1576 547 1611; x_wconf 80' lang='lat' dir='ltr'>efficax,</span> <span class='ocrx_word' id='word_1_163' title='bbox 569 1576 678 1606; x_wconf 79' lang='lat' dir='ltr'>statuit</span> <span class='ocrx_word' id='word_1_164' title='bbox 697 1578 751 1616; x_wconf 88' lang='lat' dir='ltr'>jus</span> <span class='ocrx_word' id='word_1_165' title='bbox 774 1580 809 1608; x_wconf 84' lang='lat' dir='ltr'>ut</span> <span class='ocrx_word' id='word_1_166' title='bbox 830 1579 883 1608; x_wconf 88' lang='lat' dir='ltr'>alii</span> 
     </span>
     <span class='ocr_line' id='line_1_30' title="bbox 109 1626 883 1669; baseline 0.009 -14"><span class='ocrx_word' id='word_1_167' title='bbox 109 1635 183 1656; x_wconf 90' lang='lat' dir='ltr'>eum</span> <span class='ocrx_word' id='word_1_168' title='bbox 197 1626 308 1656; x_wconf 86' lang='lat' dir='ltr'>vitent.</span> <span class='ocrx_word' id='word_1_169' title='bbox 331 1626 369 1657; x_wconf 90' lang='lat' dir='ltr'>Et</span> <span class='ocrx_word' id='word_1_170' title='bbox 383 1628 458 1666; x_wconf 88' lang='lat' dir='ltr'>quia</span> <span class='ocrx_word' id='word_1_171' title='bbox 473 1628 619 1659; x_wconf 80' lang='lat' dir='ltr'>homines</span> <span class='ocrx_word' id='word_1_172' title='bbox 639 1631 674 1659; x_wconf 89' lang='lat' dir='ltr'>ut</span> <span class='ocrx_word' id='word_1_173' title='bbox 689 1630 721 1659; x_wconf 90' lang='lat' dir='ltr'>in</span> <span class='ocrx_word' id='word_1_174' title='bbox 738 1630 883 1669; x_wconf 86' lang='lat' dir='ltr'>pluribus</span> 
     </span>
     <span class='ocr_line' id='line_1_31' title="bbox 109 1678 883 1722; baseline 0.009 -15"><span class='ocrx_word' id='word_1_175' title='bbox 109 1678 214 1717; x_wconf 84' lang='lat' dir='ltr'>magis</span> <span class='ocrx_word' id='word_1_176' title='bbox 239 1679 353 1710; x_wconf 89' lang='lat' dir='ltr'>timent</span> <span class='ocrx_word' id='word_1_177' title='bbox 378 1689 506 1720; x_wconf 69' lang='lat' dir='ltr'>poenam</span> <span class='ocrx_word' id='word_1_178' title='bbox 517 1705 524 1719; x_wconf 97' lang='lat'>,</span> <span class='ocrx_word' id='word_1_179' title='bbox 551 1691 646 1721; x_wconf 78' lang='lat' dir='ltr'>quam</span> <span class='ocrx_word' id='word_1_180' title='bbox 671 1683 796 1722; x_wconf 84' lang='lat' dir='ltr'>culpam</span> <span class='ocrx_word' id='word_1_181' title='bbox 811 1707 818 1720; x_wconf 86' lang='lat'>,</span> <span class='ocrx_word' id='word_1_182' title='bbox 850 1685 883 1714; x_wconf 91' lang='lat' dir='ltr'>in</span> 
     </span>
     <span class='ocr_line' id='line_1_32' title="bbox 109 1731 883 1774; baseline 0.009 -14"><span class='ocrx_word' id='word_1_183' title='bbox 109 1731 293 1762; x_wconf 88' lang='lat' dir='ltr'>firmitatem</span> <span class='ocrx_word' id='word_1_184' title='bbox 308 1734 472 1764; x_wconf 70' lang='lat' dir='ltr'>‚sententiae</span> <span class='ocrx_word' id='word_1_185' title='bbox 483 1734 631 1773; x_wconf 84' lang='lat' dir='ltr'>adjunxit</span> <span class='ocrx_word' id='word_1_186' title='bbox 640 1744 768 1774; x_wconf 82' lang='lat' dir='ltr'>poenam</span> <span class='ocrx_word' id='word_1_187' title='bbox 784 1738 883 1767; x_wconf 87' lang='lat' dir='ltr'>consi-</span> 
     </span>
     <span class='ocr_line' id='line_1_33' title="bbox 110 1783 882 1829; baseline 0.012 -17"><span class='ocrx_word' id='word_1_188' title='bbox 110 1783 236 1821; x_wconf 87' lang='lat' dir='ltr'>milem,</span> <span class='ocrx_word' id='word_1_189' title='bbox 261 1785 315 1815; x_wconf 85' lang='lat' dir='ltr'>sed</span> <span class='ocrx_word' id='word_1_190' title='bbox 339 1787 506 1817; x_wconf 86' lang='lat' dir='ltr'>minorem.</span> <span class='ocrx_word' id='word_1_191' title='bbox 525 1787 611 1818; x_wconf 82' lang='lat' dir='ltr'>Unde</span> <span class='ocrx_word' id='word_1_192' title='bbox 640 1798 704 1819; x_wconf 91' lang='lat' dir='ltr'>non</span> <span class='ocrx_word' id='word_1_193' title='bbox 724 1793 846 1829; x_wconf 86' lang='lat' dir='ltr'>separat</span> <span class='ocrx_word' id='word_1_194' title='bbox 865 1801 882 1821; x_wconf 92' lang='lat' dir='ltr'>a</span> 
     </span>
     <span class='ocr_line' id='line_1_34' title="bbox 109 1838 881 1878; baseline 0.012 -13"><span class='ocrx_word' id='word_1_195' title='bbox 109 1838 395 1868; x_wconf 87' lang='lat' dir='ltr'>communicatione</span> <span class='ocrx_word' id='word_1_196' title='bbox 411 1839 552 1870; x_wconf 83' lang='lat' dir='ltr'>fidelium</span> <span class='ocrx_word' id='word_1_197' title='bbox 565 1864 574 1878; x_wconf 85' lang='lat'>,</span> <span class='ocrx_word' id='word_1_198' title='bbox 599 1842 652 1871; x_wconf 86' lang='lat' dir='ltr'>sed</span> <span class='ocrx_word' id='word_1_199' title='bbox 669 1846 881 1874; x_wconf 82' lang='lat' dir='ltr'>sacramento-</span> 
     </span>
     <span class='ocr_line' id='line_1_35' title="bbox 108 1889 883 1926; baseline 0.009 -7"><span class='ocrx_word' id='word_1_200' title='bbox 108 1897 194 1920; x_wconf 89' lang='lat' dir='ltr'>rum.</span> <span class='ocrx_word' id='word_1_201' title='bbox 222 1889 258 1920; x_wconf 76' lang='lat' dir='ltr'>Et</span> <span class='ocrx_word' id='word_1_202' title='bbox 281 1890 340 1921; x_wconf 88' lang='lat' dir='ltr'>hoc</span> <span class='ocrx_word' id='word_1_203' title='bbox 362 1893 465 1921; x_wconf 89' lang='lat' dir='ltr'>totum</span> <span class='ocrx_word' id='word_1_204' title='bbox 486 1893 579 1922; x_wconf 84' lang='lat' dir='ltr'>dictat</span> <span class='ocrx_word' id='word_1_205' title='bbox 604 1894 685 1923; x_wconf 85' lang='lat' dir='ltr'>ratio</span> <span class='ocrx_word' id='word_1_206' title='bbox 711 1898 794 1925; x_wconf 84' lang='lat' dir='ltr'>recta</span> <span class='ocrx_word' id='word_1_207' title='bbox 816 1905 883 1926; x_wconf 88' lang='lat' dir='ltr'>esse</span> 
     </span>
     <span class='ocr_line' id='line_1_36' title="bbox 109 1942 884 1987; baseline 0.012 -17"><span class='ocrx_word' id='word_1_208' title='bbox 109 1942 332 1972; x_wconf 89' lang='lat' dir='ltr'>convenienter</span> <span class='ocrx_word' id='word_1_209' title='bbox 346 1943 465 1974; x_wconf 78' lang='lat' dir='ltr'>factum</span> <span class='ocrx_word' id='word_1_210' title='bbox 480 1947 509 1975; x_wconf 90' lang='lat' dir='ltr'>et</span> <span class='ocrx_word' id='word_1_211' title='bbox 534 1947 701 1976; x_wconf 83' lang='lat' dir='ltr'>statutum.</span> <span class='ocrx_word' id='word_1_212' title='bbox 721 1946 781 1977; x_wconf 86' lang='lat' dir='ltr'>Sed</span> <span class='ocrx_word' id='word_1_213' title='bbox 801 1957 884 1987; x_wconf 89' lang='lat' dir='ltr'>quo-</span> 
     </span>
     <span class='ocr_line' id='line_1_37' title="bbox 110 1994 883 2033; baseline 0.01 -10"><span class='ocrx_word' id='word_1_214' title='bbox 110 1994 197 2024; x_wconf 90' lang='lat' dir='ltr'>niam</span> <span class='ocrx_word' id='word_1_215' title='bbox 211 1995 387 2033; x_wconf 89' lang='lat' dir='ltr'>periculum</span> <span class='ocrx_word' id='word_1_216' title='bbox 404 1998 451 2027; x_wconf 85' lang='lat' dir='ltr'>est</span> <span class='ocrx_word' id='word_1_217' title='bbox 468 2006 577 2028; x_wconf 81' lang='lat' dir='ltr'>omnes</span> <span class='ocrx_word' id='word_1_218' title='bbox 593 2008 611 2027; x_wconf 88' lang='lat' dir='ltr'>a</span> <span class='ocrx_word' id='word_1_219' title='bbox 626 2000 883 2031; x_wconf 88' lang='lat' dir='ltr'>communicatio-</span> 
     </span>
     <span class='ocr_line' id='line_1_38' title="bbox 111 2045 883 2088; baseline 0.012 -15"><span class='ocrx_word' id='word_1_220' title='bbox 111 2053 151 2074; x_wconf 88' lang='lat' dir='ltr'>ne</span> <span class='ocrx_word' id='word_1_221' title='bbox 177 2045 301 2084; x_wconf 89' lang='lat' dir='ltr'>(utpote</span> <span class='ocrx_word' id='word_1_222' title='bbox 320 2047 374 2086; x_wconf 87' lang='lat' dir='ltr'>qui</span> <span class='ocrx_word' id='word_1_223' title='bbox 395 2048 577 2078; x_wconf 80' lang='lat' dir='ltr'>necessitate</span> <span class='ocrx_word' id='word_1_224' title='bbox 590 2072 597 2085; x_wconf 90' lang='lat'>,</span> <span class='ocrx_word' id='word_1_225' title='bbox 627 2050 677 2080; x_wconf 87' lang='lat' dir='ltr'>vel</span> <span class='ocrx_word' id='word_1_226' title='bbox 699 2051 883 2088; x_wconf 79' lang='lat' dir='ltr'>ignorantia</span> 
     </span>
     <span class='ocr_line' id='line_1_39' title="bbox 111 2099 883 2140; baseline 0.01 -13"><span class='ocrx_word' id='word_1_227' title='bbox 111 2099 346 2130; x_wconf 82' lang='lat' dir='ltr'>communicant</span> <span class='ocrx_word' id='word_1_228' title='bbox 359 2101 368 2137; x_wconf 96' lang='lat'>)</span> <span class='ocrx_word' id='word_1_229' title='bbox 394 2100 562 2139; x_wconf 86' lang='lat' dir='ltr'>prohibere</span> <span class='ocrx_word' id='word_1_230' title='bbox 572 2126 582 2140; x_wconf 81' lang='lat'>,</span> <span class='ocrx_word' id='word_1_231' title='bbox 612 2103 682 2133; x_wconf 90' lang='lat' dir='ltr'>ideo</span> <span class='ocrx_word' id='word_1_232' title='bbox 706 2103 883 2135; x_wconf 86' lang='lat' dir='ltr'>debuerunt</span> 
     </span>
     <span class='ocr_line' id='line_1_40' title="bbox 108 2150 881 2194; baseline 0.012 -14"><span class='ocrx_word' id='word_1_233' title='bbox 108 2150 186 2180; x_wconf 84' lang='lat' dir='ltr'>tales</span> <span class='ocrx_word' id='word_1_234' title='bbox 200 2160 344 2190; x_wconf 83' lang='lat' dir='ltr'>personae</span> <span class='ocrx_word' id='word_1_235' title='bbox 355 2153 455 2193; x_wconf 78' lang='lat' dir='ltr'>excipi</span> <span class='ocrx_word' id='word_1_236' title='bbox 467 2164 474 2184; x_wconf 90' lang='lat'>:</span> <span class='ocrx_word' id='word_1_237' title='bbox 487 2154 571 2185; x_wconf 89' lang='lat' dir='ltr'>unde</span> <span class='ocrx_word' id='word_1_238' title='bbox 581 2156 635 2194; x_wconf 92' lang='lat' dir='ltr'>qui</span> <span class='ocrx_word' id='word_1_239' title='bbox 646 2158 881 2189; x_wconf 84' lang='lat' dir='ltr'>communicant</span> 
     </span>
     <span class='ocr_line' id='line_1_41' title="bbox 109 2204 882 2249; baseline 0.012 -16"><span class='ocrx_word' id='word_1_240' title='bbox 109 2204 292 2235; x_wconf 83' lang='lat' dir='ltr'>necessitate</span> <span class='ocrx_word' id='word_1_241' title='bbox 302 2229 310 2243; x_wconf 88' lang='lat'>,</span> <span class='ocrx_word' id='word_1_242' title='bbox 328 2205 408 2237; x_wconf 84' lang='lat' dir='ltr'>sicut</span> <span class='ocrx_word' id='word_1_243' title='bbox 422 2206 479 2236; x_wconf 84' lang='lat' dir='ltr'>filii</span> <span class='ocrx_word' id='word_1_244' title='bbox 493 2210 523 2237; x_wconf 88' lang='lat' dir='ltr'>et</span> <span class='ocrx_word' id='word_1_245' title='bbox 539 2208 612 2239; x_wconf 68' lang='lat' dir='ltr'>filiae</span> <span class='ocrx_word' id='word_1_246' title='bbox 626 2233 636 2246; x_wconf 85' lang='lat'>,</span> <span class='ocrx_word' id='word_1_247' title='bbox 652 2211 795 2249; x_wconf 87' lang='lat' dir='ltr'>quandiu</span> <span class='ocrx_word' id='word_1_248' title='bbox 809 2214 882 2242; x_wconf 91' lang='lat' dir='ltr'>sunt</span> 
     </span>
     <span class='ocr_line' id='line_1_42' title="bbox 109 2257 878 2303; baseline 0.012 -16"><span class='ocrx_word' id='word_1_249' title='bbox 109 2257 169 2287; x_wconf 89' lang='lat' dir='ltr'>sub</span> <span class='ocrx_word' id='word_1_250' title='bbox 185 2267 284 2289; x_wconf 87' lang='lat' dir='ltr'>manu</span> <span class='ocrx_word' id='word_1_251' title='bbox 297 2261 572 2299; x_wconf 70' lang='lat' dir='ltr'>parentum,[sicut</span> <span class='ocrx_word' id='word_1_252' title='bbox 585 2272 678 2301; x_wconf 85' lang='lat' dir='ltr'>uxor,</span> <span class='ocrx_word' id='word_1_253' title='bbox 692 2263 772 2294; x_wconf 91' lang='lat' dir='ltr'>sicut</span> <span class='ocrx_word' id='word_1_254' title='bbox 785 2265 878 2303; x_wconf 84' lang='lat' dir='ltr'>servi,</span> 
     </span>
     <span class='ocr_line' id='line_1_43' title="bbox 110 2311 881 2356; baseline 0.012 -17"><span class='ocrx_word' id='word_1_255' title='bbox 110 2312 140 2339; x_wconf 84' lang='lat' dir='ltr'>et</span> <span class='ocrx_word' id='word_1_256' title='bbox 154 2311 343 2350; x_wconf 79' lang='lat' dir='ltr'>servientes,</span> <span class='ocrx_word' id='word_1_257' title='bbox 363 2315 393 2343; x_wconf 86' lang='lat' dir='ltr'>et</span> <span class='ocrx_word' id='word_1_258' title='bbox 407 2313 546 2352; x_wconf 70' lang='lat' dir='ltr'>ancillae,</span> <span class='ocrx_word' id='word_1_259' title='bbox 563 2315 643 2346; x_wconf 90' lang='lat' dir='ltr'>sicut</span> <span class='ocrx_word' id='word_1_260' title='bbox 670 2318 831 2356; x_wconf 82' lang='lat' dir='ltr'>peregrini</span> <span class='ocrx_word' id='word_1_261' title='bbox 851 2320 881 2348; x_wconf 86' lang='lat' dir='ltr'>et</span> 
     </span>
     <span class='ocr_line' id='line_1_44' title="bbox 111 2364 880 2402; baseline 0.01 -10"><span class='ocrx_word' id='word_1_262' title='bbox 111 2371 282 2402; x_wconf 86' lang='lat' dir='ltr'>pauperes,</span> <span class='ocrx_word' id='word_1_263' title='bbox 299 2364 375 2395; x_wconf 88' lang='lat' dir='ltr'>dum</span> <span class='ocrx_word' id='word_1_264' title='bbox 402 2366 485 2397; x_wconf 88' lang='lat' dir='ltr'>unde</span> <span class='ocrx_word' id='word_1_265' title='bbox 510 2369 728 2399; x_wconf 76' lang='lat' dir='ltr'>sustententur</span> <span class='ocrx_word' id='word_1_266' title='bbox 743 2379 807 2400; x_wconf 92' lang='lat' dir='ltr'>non</span> <span class='ocrx_word' id='word_1_267' title='bbox 822 2371 880 2400; x_wconf 88' lang='lat' dir='ltr'>ha·</span> 
     </span>
     <span class='ocr_line' id='line_1_45' title="bbox 111 2414 880 2457; baseline 0.013 -13"><span class='ocrx_word' id='word_1_268' title='bbox 111 2414 203 2453; x_wconf 82' lang='lat' dir='ltr'>bent,</span> <span class='ocrx_word' id='word_1_269' title='bbox 220 2416 253 2446; x_wconf 93' lang='lat' dir='ltr'>in</span> <span class='ocrx_word' id='word_1_270' title='bbox 274 2417 389 2448; x_wconf 78' lang='lat' dir='ltr'>talibus</span> <span class='ocrx_word' id='word_1_271' title='bbox 405 2419 460 2457; x_wconf 81' lang='lat' dir='ltr'>jus</span> <span class='ocrx_word' id='word_1_272' title='bbox 474 2421 662 2450; x_wconf 82' lang='lat' dir='ltr'>sententiam</span> <span class='ocrx_word' id='word_1_273' title='bbox 678 2422 810 2453; x_wconf 79' lang='lat' dir='ltr'>relaxat.</span> <span class='ocrx_word' id='word_1_274' title='bbox 830 2424 880 2454; x_wconf 86' lang='lat' dir='ltr'>Si-</span> 
     </span>
     <span class='ocr_line' id='line_1_46' title="bbox 112 2467 881 2512; baseline 0.013 -14"><span class='ocrx_word' id='word_1_275' title='bbox 112 2467 226 2499; x_wconf 88' lang='lat' dir='ltr'>militer</span> <span class='ocrx_word' id='word_1_276' title='bbox 236 2470 291 2509; x_wconf 89' lang='lat' dir='ltr'>qui</span> <span class='ocrx_word' id='word_1_277' title='bbox 303 2473 538 2503; x_wconf 85' lang='lat' dir='ltr'>communicant</span> <span class='ocrx_word' id='word_1_278' title='bbox 547 2482 586 2504; x_wconf 85' lang='lat' dir='ltr'>ex</span> <span class='ocrx_word' id='word_1_279' title='bbox 600 2474 744 2512; x_wconf 80' lang='lat' dir='ltr'>utilitate,</span> <span class='ocrx_word' id='word_1_280' title='bbox 758 2479 793 2507; x_wconf 87' lang='lat' dir='ltr'>ut</span> <span class='ocrx_word' id='word_1_281' title='bbox 806 2486 881 2508; x_wconf 91' lang='lat' dir='ltr'>con-</span> 
     </span>
     <span class='ocr_line' id='line_1_47' title="bbox 112 2522 878 2565; baseline 0.013 -15"><span class='ocrx_word' id='word_1_282' title='bbox 112 2522 254 2552; x_wconf 85' lang='lat' dir='ltr'>vertatur</span> <span class='ocrx_word' id='word_1_283' title='bbox 267 2526 410 2563; x_wconf 86' lang='lat' dir='ltr'>peccator</span> <span class='ocrx_word' id='word_1_284' title='bbox 425 2535 443 2555; x_wconf 88' lang='lat' dir='ltr'>a</span> <span class='ocrx_word' id='word_1_285' title='bbox 457 2525 509 2556; x_wconf 90' lang='lat' dir='ltr'>via</span> <span class='ocrx_word' id='word_1_286' title='bbox 523 2535 581 2556; x_wconf 89' lang='lat' dir='ltr'>sua</span> <span class='ocrx_word' id='word_1_287' title='bbox 603 2527 703 2565; x_wconf 83' lang='lat' dir='ltr'>mala,</span> <span class='ocrx_word' id='word_1_288' title='bbox 734 2538 807 2559; x_wconf 90' lang='lat' dir='ltr'>cum</span> <span class='ocrx_word' id='word_1_289' title='bbox 829 2539 878 2560; x_wconf 91' lang='lat' dir='ltr'>se—</span> 
     </span>
     <span class='ocr_line' id='line_1_48' title="bbox 113 2573 881 2618; baseline 0.014 -17"><span class='ocrx_word' id='word_1_290' title='bbox 113 2573 251 2603; x_wconf 83' lang='lat' dir='ltr'>cundum</span> <span class='ocrx_word' id='word_1_291' title='bbox 266 2575 370 2614; x_wconf 82' lang='lat' dir='ltr'>legem</span> <span class='ocrx_word' id='word_1_292' title='bbox 385 2577 544 2608; x_wconf 83' lang='lat' dir='ltr'>charitatis</span> <span class='ocrx_word' id='word_1_293' title='bbox 561 2580 737 2618; x_wconf 82' lang='lat' dir='ltr'>ambulent,</span> <span class='ocrx_word' id='word_1_294' title='bbox 754 2590 818 2612; x_wconf 91' lang='lat' dir='ltr'>non</span> <span class='ocrx_word' id='word_1_295' title='bbox 833 2592 881 2612; x_wconf 80' lang='lat' dir='ltr'>ar-</span> 
     </span>
     <span class='ocr_line' id='line_1_49' title="bbox 112 2626 881 2674; baseline 0.017 -21"><span class='ocrx_word' id='word_1_296' title='bbox 112 2626 234 2656; x_wconf 84' lang='lat' dir='ltr'>centur.</span> <span class='ocrx_word' id='word_1_297' title='bbox 251 2626 401 2661; x_wconf 84' lang='lat' dir='ltr'>Similiter</span> <span class='ocrx_word' id='word_1_298' title='bbox 416 2631 471 2670; x_wconf 89' lang='lat' dir='ltr'>qui</span> <span class='ocrx_word' id='word_1_299' title='bbox 487 2633 723 2664; x_wconf 81' lang='lat' dir='ltr'>communicant</span> <span class='ocrx_word' id='word_1_300' title='bbox 736 2643 776 2665; x_wconf 77' lang='lat' dir='ltr'>ex</span> <span class='ocrx_word' id='word_1_301' title='bbox 789 2635 881 2674; x_wconf 83' lang='lat' dir='ltr'>igno-</span> 
     </span>
    </p>
   </div>
   <div class='ocr_carea' id='block_1_7' title="bbox 944 253 1720 656">
    <p class='ocr_par' dir='ltr' id='par_1_7' title="bbox 944 253 1720 656">
     <span class='ocr_line' id='line_1_50' title="bbox 945 253 1718 296; baseline 0.01 -17"><span class='ocrx_word' id='word_1_302' title='bbox 945 253 1065 288; x_wconf 83' lang='lat' dir='ltr'>rantia,</span> <span class='ocrx_word' id='word_1_303' title='bbox 1091 255 1355 284; x_wconf 85' lang='lat' dir='ltr'>excommunicati</span> <span class='ocrx_word' id='word_1_304' title='bbox 1379 264 1443 286; x_wconf 89' lang='lat' dir='ltr'>non</span> <span class='ocrx_word' id='word_1_305' title='bbox 1471 258 1566 292; x_wconf 89' lang='lat' dir='ltr'>sunt,</span> <span class='ocrx_word' id='word_1_306' title='bbox 1598 265 1656 296; x_wconf 87' lang='lat' dir='ltr'>pro</span> <span class='ocrx_word' id='word_1_307' title='bbox 1682 266 1718 287; x_wconf 92' lang='lat' dir='ltr'>eo</span> 
     </span>
     <span class='ocr_line' id='line_1_51' title="bbox 945 303 1720 343; baseline 0.009 -10"><span class='ocrx_word' id='word_1_308' title='bbox 945 303 1030 343; x_wconf 88' lang='lat' dir='ltr'>quod</span> <span class='ocrx_word' id='word_1_309' title='bbox 1044 303 1115 333; x_wconf 84' lang='lat' dir='ltr'>talis</span> <span class='ocrx_word' id='word_1_310' title='bbox 1134 304 1316 342; x_wconf 79' lang='lat' dir='ltr'>ignorantia</span> <span class='ocrx_word' id='word_1_311' title='bbox 1341 307 1412 337; x_wconf 84' lang='lat' dir='ltr'>facti</span> <span class='ocrx_word' id='word_1_312' title='bbox 1427 310 1557 339; x_wconf 81' lang='lat' dir='ltr'>excusat</span> <span class='ocrx_word' id='word_1_313' title='bbox 1575 320 1581 339; x_wconf 88' lang='lat'>:</span> <span class='ocrx_word' id='word_1_314' title='bbox 1604 309 1720 340; x_wconf 88' lang='lat' dir='ltr'>dicitur</span> 
     </span>
     <span class='ocr_line' id='line_1_52' title="bbox 945 356 1717 400; baseline 0.01 -15"><span class='ocrx_word' id='word_1_315' title='bbox 945 358 1052 386; x_wconf 87' lang='lat' dir='ltr'>autem</span> <span class='ocrx_word' id='word_1_316' title='bbox 1068 356 1119 386; x_wconf 91' lang='lat' dir='ltr'>hic</span> <span class='ocrx_word' id='word_1_317' title='bbox 1134 356 1302 396; x_wconf 79' lang='lat' dir='ltr'>ignorare,</span> <span class='ocrx_word' id='word_1_318' title='bbox 1327 361 1468 398; x_wconf 86' lang='lat' dir='ltr'>quandiu</span> <span class='ocrx_word' id='word_1_319' title='bbox 1492 362 1588 392; x_wconf 90' lang='lat' dir='ltr'>homo</span> <span class='ocrx_word' id='word_1_320' title='bbox 1603 363 1717 400; x_wconf 81' lang='lat' dir='ltr'>nescit,</span> 
     </span>
     <span class='ocr_line' id='line_1_53' title="bbox 946 409 1720 453; baseline 0.012 -16"><span class='ocrx_word' id='word_1_321' title='bbox 946 409 995 438; x_wconf 91' lang='lat' dir='ltr'>vel</span> <span class='ocrx_word' id='word_1_322' title='bbox 1008 418 1064 448; x_wconf 86' lang='lat' dir='ltr'>per</span> <span class='ocrx_word' id='word_1_323' title='bbox 1074 409 1355 449; x_wconf 85' lang='lat' dir='ltr'>denuntiationem,</span> <span class='ocrx_word' id='word_1_324' title='bbox 1369 413 1419 443; x_wconf 86' lang='lat' dir='ltr'>vel</span> <span class='ocrx_word' id='word_1_325' title='bbox 1428 423 1483 453; x_wconf 87' lang='lat' dir='ltr'>per</span> <span class='ocrx_word' id='word_1_326' title='bbox 1493 415 1620 445; x_wconf 88' lang='lat' dir='ltr'>famam.</span> <span class='ocrx_word' id='word_1_327' title='bbox 1632 415 1720 445; x_wconf 87' lang='lat' dir='ltr'>Unde</span> 
     </span>
     <span class='ocr_line' id='line_1_54' title="bbox 944 462 1717 502; baseline 0.01 -11"><span class='ocrx_word' id='word_1_328' title='bbox 944 471 1009 492; x_wconf 91' lang='lat' dir='ltr'>non</span> <span class='ocrx_word' id='word_1_329' title='bbox 1023 462 1115 492; x_wconf 88' lang='lat' dir='ltr'>debet</span> <span class='ocrx_word' id='word_1_330' title='bbox 1129 462 1188 492; x_wconf 85' lang='lat' dir='ltr'>sibi</span> <span class='ocrx_word' id='word_1_331' title='bbox 1203 463 1274 502; x_wconf 88' lang='lat' dir='ltr'>quis</span> <span class='ocrx_word' id='word_1_332' title='bbox 1289 464 1326 494; x_wconf 90' lang='lat' dir='ltr'>de</span> <span class='ocrx_word' id='word_1_333' title='bbox 1338 465 1420 495; x_wconf 82' lang='lat' dir='ltr'>facili</span> <span class='ocrx_word' id='word_1_334' title='bbox 1436 468 1657 498; x_wconf 84' lang='lat' dir='ltr'>conscientiam</span> <span class='ocrx_word' id='word_1_335' title='bbox 1672 468 1717 498; x_wconf 86' lang='lat' dir='ltr'>fa-</span> 
     </span>
     <span class='ocr_line' id='line_1_55' title="bbox 945 515 1720 557; baseline 0.01 -13"><span class='ocrx_word' id='word_1_336' title='bbox 945 523 1014 545; x_wconf 88' lang='lat' dir='ltr'>cere</span> <span class='ocrx_word' id='word_1_337' title='bbox 1030 539 1037 551; x_wconf 86' lang='lat'>,</span> <span class='ocrx_word' id='word_1_338' title='bbox 1064 515 1140 554; x_wconf 86' lang='lat' dir='ltr'>quia</span> <span class='ocrx_word' id='word_1_339' title='bbox 1164 515 1201 546; x_wconf 91' lang='lat' dir='ltr'>de</span> <span class='ocrx_word' id='word_1_340' title='bbox 1225 517 1366 555; x_wconf 85' lang='lat' dir='ltr'>quolibet</span> <span class='ocrx_word' id='word_1_341' title='bbox 1387 521 1647 557; x_wconf 83' lang='lat' dir='ltr'>praesumendum</span> <span class='ocrx_word' id='word_1_342' title='bbox 1673 523 1720 551; x_wconf 85' lang='lat' dir='ltr'>est</span> 
     </span>
     <span class='ocr_line' id='line_1_56' title="bbox 944 567 1720 610; baseline 0.009 -13"><span class='ocrx_word' id='word_1_343' title='bbox 944 567 1082 606; x_wconf 88' lang='lat' dir='ltr'>bonum,</span> <span class='ocrx_word' id='word_1_344' title='bbox 1103 569 1165 599; x_wconf 88' lang='lat' dir='ltr'>nisi</span> <span class='ocrx_word' id='word_1_345' title='bbox 1188 569 1338 608; x_wconf 83' lang='lat' dir='ltr'>probetur</span> <span class='ocrx_word' id='word_1_346' title='bbox 1362 573 1569 610; x_wconf 84' lang='lat' dir='ltr'>contrarium,</span> <span class='ocrx_word' id='word_1_347' title='bbox 1598 576 1629 604; x_wconf 89' lang='lat' dir='ltr'>et</span> <span class='ocrx_word' id='word_1_348' title='bbox 1650 574 1720 604; x_wconf 85' lang='lat' dir='ltr'>haec</span> 
     </span>
     <span class='ocr_line' id='line_1_57' title="bbox 944 621 1618 656; baseline 0.009 -6"><span class='ocrx_word' id='word_1_349' title='bbox 944 621 1189 652; x_wconf 85' lang='lat' dir='ltr'>circumstantiae</span> <span class='ocrx_word' id='word_1_350' title='bbox 1204 622 1263 652; x_wconf 88' lang='lat' dir='ltr'>hoc</span> <span class='ocrx_word' id='word_1_351' title='bbox 1280 632 1376 654; x_wconf 86' lang='lat' dir='ltr'>versu</span> <span class='ocrx_word' id='word_1_352' title='bbox 1391 625 1594 656; x_wconf 88' lang='lat' dir='ltr'>continentur</span> <span class='ocrx_word' id='word_1_353' title='bbox 1612 637 1618 656; x_wconf 91' lang='lat'>:</span> 
     </span>
    </p>
   </div>
   <div class='ocr_carea' id='block_1_8' title="bbox 1009 700 1598 734">
    <p class='ocr_par' dir='ltr' id='par_1_8' title="bbox 1009 700 1598 734">
     <span class='ocr_line' id='line_1_58' title="bbox 1009 700 1598 734; baseline 0.01 -11"><span class='ocrx_word' id='word_1_354' title='bbox 1009 700 1084 730; x_wconf 87' lang='lat' dir='ltr'>Utile,</span> <span class='ocrx_word' id='word_1_355' title='bbox 1099 700 1149 730; x_wconf 83' lang='lat' dir='ltr'>lex,</span> <span class='ocrx_word' id='word_1_356' title='bbox 1165 700 1268 729; x_wconf 74' lang='lat' dir='ltr'>humile,</span> <span class='ocrx_word' id='word_1_357' title='bbox 1286 708 1328 725; x_wconf 81' lang='lat' dir='ltr'>res</span> <span class='ocrx_word' id='word_1_358' title='bbox 1343 702 1468 734; x_wconf 82' lang='lat' dir='ltr'>ignorata,</span> <span class='ocrx_word' id='word_1_359' title='bbox 1483 711 1598 729; x_wconf 84' lang='lat' dir='ltr'>necesse.</span> 
     </span>
    </p>
   </div>
   <div class='ocr_carea' id='block_1_9' title="bbox 936 779 1722 2574">
    <p class='ocr_par' dir='ltr' id='par_1_9' title="bbox 941 779 1722 1139">
     <span class='ocr_line' id='line_1_59' title="bbox 988 779 1721 821; baseline 0.008 -12"><span class='ocrx_word' id='word_1_360' title='bbox 988 779 1023 809; x_wconf 91' lang='lat' dir='ltr'>In</span> <span class='ocrx_word' id='word_1_361' title='bbox 1037 789 1100 818; x_wconf 92' lang='lat' dir='ltr'>quo</span> <span class='ocrx_word' id='word_1_362' title='bbox 1115 782 1165 810; x_wconf 86' lang='lat' dir='ltr'>tan</span> <span class='ocrx_word' id='word_1_363' title='bbox 1172 780 1260 818; x_wconf 80' lang='lat' dir='ltr'>gitur</span> <span class='ocrx_word' id='word_1_364' title='bbox 1274 781 1343 811; x_wconf 81' lang='lat' dir='ltr'>haec</span> <span class='ocrx_word' id='word_1_365' title='bbox 1358 781 1474 821; x_wconf 78' lang='lat' dir='ltr'>triplex</span> <span class='ocrx_word' id='word_1_366' title='bbox 1492 792 1585 814; x_wconf 86' lang='lat' dir='ltr'>causa</span> <span class='ocrx_word' id='word_1_367' title='bbox 1596 808 1603 821; x_wconf 95' lang='lat'>,</span> <span class='ocrx_word' id='word_1_368' title='bbox 1621 786 1651 814; x_wconf 87' lang='lat' dir='ltr'>et</span> <span class='ocrx_word' id='word_1_369' title='bbox 1664 794 1721 815; x_wconf 89' lang='lat' dir='ltr'>ne-</span> 
     </span>
     <span class='ocr_line' id='line_1_60' title="bbox 943 833 1722 876; baseline 0.006 -14"><span class='ocrx_word' id='word_1_370' title='bbox 943 833 1070 863; x_wconf 85' lang='lat' dir='ltr'>cessitas</span> <span class='ocrx_word' id='word_1_371' title='bbox 1085 833 1322 872; x_wconf 83' lang='lat' dir='ltr'>comprehendit</span> <span class='ocrx_word' id='word_1_372' title='bbox 1336 835 1396 865; x_wconf 83' lang='lat' dir='ltr'>tria</span> <span class='ocrx_word' id='word_1_373' title='bbox 1411 836 1569 866; x_wconf 87' lang='lat' dir='ltr'>membra.</span> <span class='ocrx_word' id='word_1_374' title='bbox 1585 836 1640 866; x_wconf 88' lang='lat' dir='ltr'>His</span> <span class='ocrx_word' id='word_1_375' title='bbox 1655 846 1722 876; x_wconf 86' lang='lat' dir='ltr'>per-</span> 
     </span>
     <span class='ocr_line' id='line_1_61' title="bbox 945 885 1721 930; baseline 0.008 -15"><span class='ocrx_word' id='word_1_376' title='bbox 945 885 1029 916; x_wconf 90' lang='lat' dir='ltr'>sonis</span> <span class='ocrx_word' id='word_1_377' title='bbox 1041 886 1190 925; x_wconf 79' lang='lat' dir='ltr'>exceptiS,</span> <span class='ocrx_word' id='word_1_378' title='bbox 1204 887 1246 916; x_wconf 88' lang='lat' dir='ltr'>sic</span> <span class='ocrx_word' id='word_1_379' title='bbox 1257 888 1528 919; x_wconf 84' lang='lat' dir='ltr'>communicantes</span> <span class='ocrx_word' id='word_1_380' title='bbox 1538 889 1605 919; x_wconf 90' lang='lat' dir='ltr'>sine</span> <span class='ocrx_word' id='word_1_381' title='bbox 1616 890 1721 930; x_wconf 85' lang='lat' dir='ltr'>aliqua</span> 
     </span>
     <span class='ocr_line' id='line_1_62' title="bbox 942 937 1721 973; baseline 0.008 -6"><span class='ocrx_word' id='word_1_382' title='bbox 942 937 1058 968; x_wconf 86' lang='lat' dir='ltr'>harum</span> <span class='ocrx_word' id='word_1_383' title='bbox 1069 939 1287 969; x_wconf 78' lang='lat' dir='ltr'>conditionum</span> <span class='ocrx_word' id='word_1_384' title='bbox 1300 939 1585 971; x_wconf 72' lang='lat' dir='ltr'>intervenientium</span> <span class='ocrx_word' id='word_1_385' title='bbox 1596 951 1721 973; x_wconf 82' lang='lat' dir='ltr'>excom-</span> 
     </span>
     <span class='ocr_line' id='line_1_63' title="bbox 942 992 1720 1035; baseline 0.009 -14"><span class='ocrx_word' id='word_1_386' title='bbox 942 992 1112 1022; x_wconf 73' lang='lat' dir='ltr'>municatis</span> <span class='ocrx_word' id='word_1_387' title='bbox 1126 1017 1132 1031; x_wconf 91' lang='lat'>,</span> <span class='ocrx_word' id='word_1_388' title='bbox 1149 994 1323 1024; x_wconf 88' lang='lat' dir='ltr'>secundum</span> <span class='ocrx_word' id='word_1_389' title='bbox 1340 995 1484 1033; x_wconf 83' lang='lat' dir='ltr'>regulam</span> <span class='ocrx_word' id='word_1_390' title='bbox 1497 996 1579 1035; x_wconf 79' lang='lat' dir='ltr'>Juris</span> <span class='ocrx_word' id='word_1_391' title='bbox 1594 1006 1720 1028; x_wconf 86' lang='lat' dir='ltr'>excom-</span> 
     </span>
     <span class='ocr_line' id='line_1_64' title="bbox 942 1045 1719 1081; baseline 0.009 -8"><span class='ocrx_word' id='word_1_392' title='bbox 942 1045 1094 1075; x_wconf 87' lang='lat' dir='ltr'>municati</span> <span class='ocrx_word' id='word_1_393' title='bbox 1118 1048 1192 1076; x_wconf 81' lang='lat' dir='ltr'>sunt</span> <span class='ocrx_word' id='word_1_394' title='bbox 1217 1047 1331 1077; x_wconf 84' lang='lat' dir='ltr'>minori</span> <span class='ocrx_word' id='word_1_395' title='bbox 1357 1049 1684 1080; x_wconf 83' lang='lat' dir='ltr'>excommunicatione</span> <span class='ocrx_word' id='word_1_396' title='bbox 1712 1062 1719 1081; x_wconf 90' lang='lat'>:</span> 
     </span>
     <span class='ocr_line' id='line_1_65' title="bbox 941 1097 1718 1139; baseline 0.008 -12"><span class='ocrx_word' id='word_1_397' title='bbox 941 1099 971 1127; x_wconf 85' lang='lat' dir='ltr'>et</span> <span class='ocrx_word' id='word_1_398' title='bbox 985 1097 1046 1127; x_wconf 84' lang='lat' dir='ltr'>hoc</span> <span class='ocrx_word' id='word_1_399' title='bbox 1060 1098 1188 1137; x_wconf 88' lang='lat' dir='ltr'>quidem</span> <span class='ocrx_word' id='word_1_400' title='bbox 1210 1099 1395 1130; x_wconf 82' lang='lat' dir='ltr'>rationabile</span> <span class='ocrx_word' id='word_1_401' title='bbox 1410 1103 1473 1139; x_wconf 82' lang='lat' dir='ltr'>est,</span> <span class='ocrx_word' id='word_1_402' title='bbox 1492 1104 1526 1132; x_wconf 91' lang='lat' dir='ltr'>ut</span> <span class='ocrx_word' id='word_1_403' title='bbox 1540 1102 1646 1132; x_wconf 86' lang='lat' dir='ltr'>visum</span> <span class='ocrx_word' id='word_1_404' title='bbox 1661 1105 1718 1133; x_wconf 86' lang='lat' dir='ltr'>est.</span> 
     </span>
    </p>

    <p class='ocr_par' dir='ltr' id='par_1_10' title="bbox 938 1151 1720 1723">
     <span class='ocr_line' id='line_1_66' title="bbox 982 1151 1720 1194; baseline 0.009 -15"><span class='ocrx_word' id='word_1_405' title='bbox 982 1153 1009 1186; x_wconf 85' lang='grc'>1,</span> <span class='ocrx_word' id='word_1_406' title='bbox 1023 1153 1040 1180; x_wconf 68' lang='lat'><strong>2</strong></span> <span class='ocrx_word' id='word_1_407' title='bbox 1055 1153 1085 1181; x_wconf 89' lang='lat' dir='ltr'>et</span> <span class='ocrx_word' id='word_1_408' title='bbox 1101 1153 1128 1181; x_wconf 88' lang='lat'>3.</span> <span class='ocrx_word' id='word_1_409' title='bbox 1142 1151 1187 1181; x_wconf 79' lang='lat' dir='ltr'>Ex</span> <span class='ocrx_word' id='word_1_410' title='bbox 1200 1151 1249 1181; x_wconf 86' lang='lat' dir='ltr'>his</span> <span class='ocrx_word' id='word_1_411' title='bbox 1260 1155 1367 1191; x_wconf 82' lang='lat' dir='ltr'>patent</span> <span class='ocrx_word' id='word_1_412' title='bbox 1375 1154 1517 1193; x_wconf 86' lang='lat' dir='ltr'>objecta:</span> <span class='ocrx_word' id='word_1_413' title='bbox 1531 1155 1618 1194; x_wconf 84' lang='lat' dir='ltr'>quod</span> <span class='ocrx_word' id='word_1_414' title='bbox 1633 1156 1720 1186; x_wconf 90' lang='lat' dir='ltr'>enim</span> 
     </span>
     <span class='ocr_line' id='line_1_67' title="bbox 940 1203 1719 1247; baseline 0.008 -14"><span class='ocrx_word' id='word_1_415' title='bbox 940 1203 1088 1241; x_wconf 72' lang='lat' dir='ltr'>objicitur</span> <span class='ocrx_word' id='word_1_416' title='bbox 1101 1204 1139 1234; x_wconf 88' lang='lat' dir='ltr'>de</span> <span class='ocrx_word' id='word_1_417' title='bbox 1154 1204 1223 1234; x_wconf 85' lang='lat' dir='ltr'>aliis</span> <span class='ocrx_word' id='word_1_418' title='bbox 1238 1206 1374 1244; x_wconf 88' lang='lat' dir='ltr'>peccatis</span> <span class='ocrx_word' id='word_1_419' title='bbox 1385 1230 1392 1243; x_wconf 89' lang='lat'>,</span> <span class='ocrx_word' id='word_1_420' title='bbox 1410 1209 1441 1237; x_wconf 87' lang='lat' dir='ltr'>et</span> <span class='ocrx_word' id='word_1_421' title='bbox 1456 1207 1494 1237; x_wconf 91' lang='lat' dir='ltr'>de</span> <span class='ocrx_word' id='word_1_422' title='bbox 1509 1208 1698 1247; x_wconf 82' lang='lat' dir='ltr'>contagione</span> <span class='ocrx_word' id='word_1_423' title='bbox 1709 1233 1719 1247; x_wconf 83' lang='lat'>,</span> 
     </span>
     <span class='ocr_line' id='line_1_68' title="bbox 940 1256 1717 1300; baseline 0.009 -16"><span class='ocrx_word' id='word_1_424' title='bbox 940 1258 969 1284; x_wconf 86' lang='lat' dir='ltr'>et</span> <span class='ocrx_word' id='word_1_425' title='bbox 984 1256 1022 1286; x_wconf 92' lang='lat' dir='ltr'>de</span> <span class='ocrx_word' id='word_1_426' title='bbox 1041 1257 1123 1294; x_wconf 85' lang='lat' dir='ltr'>filio,</span> <span class='ocrx_word' id='word_1_427' title='bbox 1142 1258 1173 1287; x_wconf 83' lang='lat' dir='ltr'>in</span> <span class='ocrx_word' id='word_1_428' title='bbox 1188 1259 1336 1289; x_wconf 86' lang='lat' dir='ltr'>omnibus</span> <span class='ocrx_word' id='word_1_429' title='bbox 1352 1261 1436 1298; x_wconf 88' lang='lat' dir='ltr'>patet</span> <span class='ocrx_word' id='word_1_430' title='bbox 1450 1261 1623 1299; x_wconf 76' lang='lat' dir='ltr'>responsio,</span> <span class='ocrx_word' id='word_1_431' title='bbox 1642 1261 1717 1300; x_wconf 88' lang='lat' dir='ltr'>quia</span> 
     </span>
     <span class='ocr_line' id='line_1_69' title="bbox 940 1309 1718 1344; baseline 0.008 -6"><span class='ocrx_word' id='word_1_432' title='bbox 940 1309 1000 1339; x_wconf 86' lang='lat' dir='ltr'>hoc</span> <span class='ocrx_word' id='word_1_433' title='bbox 1010 1309 1082 1339; x_wconf 65' lang='lat' dir='ltr'>facit</span> <span class='ocrx_word' id='word_1_434' title='bbox 1097 1310 1251 1340; x_wconf 87' lang='lat' dir='ltr'>institutio</span> <span class='ocrx_word' id='word_1_435' title='bbox 1265 1320 1272 1341; x_wconf 92' lang='lat'>:</span> <span class='ocrx_word' id='word_1_436' title='bbox 1285 1314 1315 1341; x_wconf 89' lang='lat' dir='ltr'>et</span> <span class='ocrx_word' id='word_1_437' title='bbox 1327 1312 1405 1341; x_wconf 85' lang='lat' dir='ltr'>ratio</span> <span class='ocrx_word' id='word_1_438' title='bbox 1417 1312 1620 1343; x_wconf 84' lang='lat' dir='ltr'>iustitutionis</span> <span class='ocrx_word' id='word_1_439' title='bbox 1634 1314 1718 1344; x_wconf 86' lang='lat' dir='ltr'>dicta</span> 
     </span>
     <span class='ocr_line' id='line_1_70' title="bbox 939 1363 1718 1405; baseline 0.008 -15"><span class='ocrx_word' id='word_1_440' title='bbox 939 1363 1006 1398; x_wconf 86' lang='lat' dir='ltr'>est,</span> <span class='ocrx_word' id='word_1_441' title='bbox 1034 1364 1064 1391; x_wconf 88' lang='lat' dir='ltr'>et</span> <span class='ocrx_word' id='word_1_442' title='bbox 1086 1363 1306 1393; x_wconf 83' lang='lat' dir='ltr'>convenientia</span> <span class='ocrx_word' id='word_1_443' title='bbox 1329 1365 1521 1403; x_wconf 78' lang='lat' dir='ltr'>exceptionis</span> <span class='ocrx_word' id='word_1_444' title='bbox 1537 1366 1555 1402; x_wconf 85' lang='lat'>¹,</span> <span class='ocrx_word' id='word_1_445' title='bbox 1572 1368 1603 1396; x_wconf 87' lang='lat' dir='ltr'>et</span> <span class='ocrx_word' id='word_1_446' title='bbox 1618 1375 1718 1405; x_wconf 82' lang='lat' dir='ltr'>quare</span> 
     </span>
     <span class='ocr_line' id='line_1_71' title="bbox 940 1415 1718 1457; baseline 0.009 -15"><span class='ocrx_word' id='word_1_447' title='bbox 940 1415 1042 1452; x_wconf 76' lang='lat' dir='ltr'>majcn·</span> <span class='ocrx_word' id='word_1_448' title='bbox 1057 1416 1184 1451; x_wconf 75' lang='lat' dir='ltr'>transit,</span> <span class='ocrx_word' id='word_1_449' title='bbox 1207 1418 1236 1445; x_wconf 89' lang='lat' dir='ltr'>et</span> <span class='ocrx_word' id='word_1_450' title='bbox 1255 1425 1319 1446; x_wconf 90' lang='lat' dir='ltr'>uon</span> <span class='ocrx_word' id='word_1_451' title='bbox 1335 1417 1450 1447; x_wconf 88' lang='lat' dir='ltr'>minor.</span> <span class='ocrx_word' id='word_1_452' title='bbox 1468 1417 1506 1447; x_wconf 87' lang='lat' dir='ltr'>Et</span> <span class='ocrx_word' id='word_1_453' title='bbox 1521 1418 1590 1448; x_wconf 85' lang='lat' dir='ltr'>ideo</span> <span class='ocrx_word' id='word_1_454' title='bbox 1604 1419 1718 1457; x_wconf 81' lang='lat' dir='ltr'>regula</span> 
     </span>
     <span class='ocr_line' id='line_1_72' title="bbox 938 1467 1718 1505; baseline 0.008 -10"><span class='ocrx_word' id='word_1_455' title='bbox 938 1468 1001 1502; x_wconf 83' lang='lat' dir='ltr'>est,</span> <span class='ocrx_word' id='word_1_456' title='bbox 1031 1467 1115 1505; x_wconf 81' lang='lat' dir='ltr'>quod</span> <span class='ocrx_word' id='word_1_457' title='bbox 1144 1469 1431 1499; x_wconf 74' lang='lat' dir='ltr'>excommunicatio</span> <span class='ocrx_word' id='word_1_458' title='bbox 1459 1479 1522 1500; x_wconf 87' lang='lat' dir='ltr'>nou</span> <span class='ocrx_word' id='word_1_459' title='bbox 1549 1472 1659 1501; x_wconf 85' lang='lat' dir='ltr'>transit</span> <span class='ocrx_word' id='word_1_460' title='bbox 1685 1472 1718 1501; x_wconf 93' lang='lat' dir='ltr'>in</span> 
     </span>
     <span class='ocr_line' id='line_1_73' title="bbox 941 1521 1718 1564; baseline 0.008 -14"><span class='ocrx_word' id='word_1_461' title='bbox 941 1521 1066 1551; x_wconf 82' lang='lat' dir='ltr'>tertiam</span> <span class='ocrx_word' id='word_1_462' title='bbox 1079 1531 1257 1561; x_wconf 73' lang='lat' dir='ltr'>personam.</span> <span class='ocrx_word' id='word_1_463' title='bbox 1272 1523 1360 1553; x_wconf 84' lang='lat' dir='ltr'>Patet</span> <span class='ocrx_word' id='word_1_464' title='bbox 1371 1524 1467 1554; x_wconf 86' lang='lat' dir='ltr'>etiam</span> <span class='ocrx_word' id='word_1_465' title='bbox 1479 1525 1562 1564; x_wconf 85' lang='lat' dir='ltr'>quod</span> <span class='ocrx_word' id='word_1_466' title='bbox 1577 1535 1718 1556; x_wconf 89' lang='lat' dir='ltr'>commu—</span> 
     </span>
     <span class='ocr_line' id='line_1_74' title="bbox 939 1574 1717 1618; baseline 0.008 -15"><span class='ocrx_word' id='word_1_467' title='bbox 939 1574 1046 1604; x_wconf 84' lang='lat' dir='ltr'>nicans</span> <span class='ocrx_word' id='word_1_468' title='bbox 1066 1584 1131 1605; x_wconf 86' lang='lat' dir='ltr'>non</span> <span class='ocrx_word' id='word_1_469' title='bbox 1150 1577 1364 1606; x_wconf 73' lang='lat' dir='ltr'>communicat</span> <span class='ocrx_word' id='word_1_470' title='bbox 1388 1577 1420 1606; x_wconf 90' lang='lat' dir='ltr'>in</span> <span class='ocrx_word' id='word_1_471' title='bbox 1447 1578 1554 1617; x_wconf 86' lang='lat' dir='ltr'>culpa·‚</span> <span class='ocrx_word' id='word_1_472' title='bbox 1573 1578 1626 1608; x_wconf 87' lang='lat' dir='ltr'>sed</span> <span class='ocrx_word' id='word_1_473' title='bbox 1641 1579 1717 1618; x_wconf 84' lang='lat' dir='ltr'>quia</span> 
     </span>
     <span class='ocr_line' id='line_1_75' title="bbox 939 1627 1710 1669; baseline 0.008 -14"><span class='ocrx_word' id='word_1_474' title='bbox 939 1636 1002 1656; x_wconf 89' lang='lat' dir='ltr'>non</span> <span class='ocrx_word' id='word_1_475' title='bbox 1017 1627 1145 1657; x_wconf 78' lang='lat' dir='ltr'>adhibet</span> <span class='ocrx_word' id='word_1_476' title='bbox 1156 1628 1293 1658; x_wconf 82' lang='lat' dir='ltr'>debitam</span> <span class='ocrx_word' id='word_1_477' title='bbox 1307 1628 1520 1660; x_wconf 82' lang='lat' dir='ltr'>reverentiam</span> <span class='ocrx_word' id='word_1_478' title='bbox 1535 1632 1710 1669; x_wconf 74' lang='lat' dir='ltr'>sententiae,</span> 
     </span>
     <span class='ocr_line' id='line_1_76' title="bbox 939 1679 1624 1723; baseline 0.007 -14"><span class='ocrx_word' id='word_1_479' title='bbox 939 1679 1014 1710; x_wconf 88' lang='lat' dir='ltr'>hinc</span> <span class='ocrx_word' id='word_1_480' title='bbox 1027 1681 1149 1718; x_wconf 76' lang='lat' dir='ltr'>justum</span> <span class='ocrx_word' id='word_1_481' title='bbox 1167 1684 1213 1711; x_wconf 86' lang='lat' dir='ltr'>est</span> <span class='ocrx_word' id='word_1_482' title='bbox 1229 1682 1314 1721; x_wconf 82' lang='lat' dir='ltr'>quod</span> <span class='ocrx_word' id='word_1_483' title='bbox 1330 1685 1469 1722; x_wconf 86' lang='lat' dir='ltr'>reportet</span> <span class='ocrx_word' id='word_1_484' title='bbox 1485 1692 1624 1723; x_wconf 76' lang='lat' dir='ltr'>poenani.</span> 
     </span>
    </p>

    <p class='ocr_par' dir='ltr' id='par_1_11' title="bbox 936 1733 1717 2574">
     <span class='ocr_line' id='line_1_77' title="bbox 979 1733 1717 1776; baseline 0.008 -14"><span class='ocrx_word' id='word_1_485' title='bbox 979 1735 1008 1763; x_wconf 73' lang='lat'>4.</span> <span class='ocrx_word' id='word_1_486' title='bbox 1025 1733 1074 1763; x_wconf 90' lang='lat' dir='ltr'>Ad</span> <span class='ocrx_word' id='word_1_487' title='bbox 1092 1734 1168 1764; x_wconf 82' lang='lat' dir='ltr'>illud</span> <span class='ocrx_word' id='word_1_488' title='bbox 1186 1735 1270 1773; x_wconf 77' lang='lat' dir='ltr'>quod</span> <span class='ocrx_word' id='word_1_489' title='bbox 1287 1735 1457 1774; x_wconf 74' lang='lat' dir='ltr'>objicitur,</span> <span class='ocrx_word' id='word_1_490' title='bbox 1478 1737 1567 1776; x_wconf 86' lang='lat' dir='ltr'>&#39;quod</span> <span class='ocrx_word' id='word_1_491' title='bbox 1593 1737 1652 1768; x_wconf 83' lang='lat' dir='ltr'>ista</span> <span class='ocrx_word' id='word_1_492' title='bbox 1670 1740 1717 1768; x_wconf 86' lang='lat' dir='ltr'>est</span> 
     </span>
     <span class='ocr_line' id='line_1_78' title="bbox 938 1787 1716 1827; baseline 0.008 -12"><span class='ocrx_word' id='word_1_493' title='bbox 938 1794 1032 1824; x_wconf 86' lang='lat' dir='ltr'>poena</span> <span class='ocrx_word' id='word_1_494' title='bbox 1045 1788 1170 1817; x_wconf 86' lang='lat' dir='ltr'>tantum</span> <span class='ocrx_word' id='word_1_495' title='bbox 1188 1787 1363 1818; x_wconf 83' lang='lat' dir='ltr'>mortaliter</span> <span class='ocrx_word' id='word_1_496' title='bbox 1380 1789 1595 1827; x_wconf 78' lang='lat' dir='ltr'>peccantium,</span> <span class='ocrx_word' id='word_1_497' title='bbox 1613 1791 1716 1821; x_wconf 90' lang='lat' dir='ltr'>dicen-</span> 
     </span>
     <span class='ocr_line' id='line_1_79' title="bbox 941 1838 1715 1881; baseline 0.008 -14"><span class='ocrx_word' id='word_1_498' title='bbox 941 1838 1017 1868; x_wconf 88' lang='lat' dir='ltr'>dum</span> <span class='ocrx_word' id='word_1_499' title='bbox 1031 1839 1115 1878; x_wconf 89' lang='lat' dir='ltr'>quod</span> <span class='ocrx_word' id='word_1_500' title='bbox 1131 1840 1307 1870; x_wconf 87' lang='lat' dir='ltr'>secundum</span> <span class='ocrx_word' id='word_1_501' title='bbox 1324 1841 1447 1881; x_wconf 80' lang='lat' dir='ltr'>aliquos</span> <span class='ocrx_word' id='word_1_502' title='bbox 1463 1842 1622 1873; x_wconf 89' lang='lat' dir='ltr'>conclusio</span> <span class='ocrx_word' id='word_1_503' title='bbox 1637 1852 1715 1873; x_wconf 88' lang='lat' dir='ltr'>con-</span> 
     </span>
     <span class='ocr_line' id='line_1_80' title="bbox 942 1891 1713 1934; baseline 0.009 -14"><span class='ocrx_word' id='word_1_504' title='bbox 942 1891 1072 1921; x_wconf 84' lang='lat' dir='ltr'>ceditur.</span> <span class='ocrx_word' id='word_1_505' title='bbox 1091 1892 1206 1922; x_wconf 89' lang='lat' dir='ltr'>Dicunt</span> <span class='ocrx_word' id='word_1_506' title='bbox 1220 1894 1305 1923; x_wconf 91' lang='lat' dir='ltr'>enim</span> <span class='ocrx_word' id='word_1_507' title='bbox 1321 1895 1407 1933; x_wconf 89' lang='lat' dir='ltr'>quod</span> <span class='ocrx_word' id='word_1_508' title='bbox 1422 1898 1537 1934; x_wconf 83' lang='lat' dir='ltr'>praeter</span> <span class='ocrx_word' id='word_1_509' title='bbox 1551 1905 1642 1926; x_wconf 89' lang='lat' dir='ltr'>casus</span> <span class='ocrx_word' id='word_1_510' title='bbox 1658 1906 1713 1928; x_wconf 86' lang='lat' dir='ltr'>ex-</span> 
     </span>
     <span class='ocr_line' id='line_1_81' title="bbox 938 1948 1716 1989; baseline 0.008 -13"><span class='ocrx_word' id='word_1_511' title='bbox 938 1949 1047 1986; x_wconf 88' lang='lat' dir='ltr'>ceptos</span> <span class='ocrx_word' id='word_1_512' title='bbox 1068 1948 1242 1978; x_wconf 82' lang='lat' dir='ltr'>mortaliter</span> <span class='ocrx_word' id='word_1_513' title='bbox 1264 1952 1370 1987; x_wconf 85' lang='lat' dir='ltr'>peccat</span> <span class='ocrx_word' id='word_1_514' title='bbox 1384 1953 1406 1987; x_wconf 76' lang='lat'>²,</span> <span class='ocrx_word' id='word_1_515' title='bbox 1424 1950 1499 1989; x_wconf 85' lang='lat' dir='ltr'>quia</span> <span class='ocrx_word' id='word_1_516' title='bbox 1515 1951 1587 1981; x_wconf 81' lang='lat' dir='ltr'>facit</span> <span class='ocrx_word' id='word_1_517' title='bbox 1607 1954 1716 1982; x_wconf 82' lang='lat' dir='ltr'>contra</span> 
     </span>
     <span class='ocr_line' id='line_1_82' title="bbox 940 2000 1715 2039; baseline 0.009 -10"><span class='ocrx_word' id='word_1_518' title='bbox 940 2000 1086 2031; x_wconf 73' lang='lat' dir='ltr'>Ecclesiae</span> <span class='ocrx_word' id='word_1_519' title='bbox 1100 2001 1297 2039; x_wconf 84' lang='lat' dir='ltr'>mandatum,</span> <span class='ocrx_word' id='word_1_520' title='bbox 1313 2005 1344 2032; x_wconf 85' lang='lat' dir='ltr'>et</span> <span class='ocrx_word' id='word_1_521' title='bbox 1358 2003 1491 2034; x_wconf 87' lang='lat' dir='ltr'>scienter</span> <span class='ocrx_word' id='word_1_522' title='bbox 1506 2004 1632 2035; x_wconf 87' lang='lat' dir='ltr'>videtur</span> <span class='ocrx_word' id='word_1_523' title='bbox 1645 2014 1715 2036; x_wconf 89' lang='lat' dir='ltr'>con-</span> 
     </span>
     <span class='ocr_line' id='line_1_83' title="bbox 947 2055 1715 2097; baseline 0.008 -14"><span class='ocrx_word' id='word_1_524' title='bbox 947 2056 1089 2084; x_wconf 84' lang='lat' dir='ltr'>temnere</span> <span class='ocrx_word' id='word_1_525' title='bbox 1100 2055 1287 2085; x_wconf 86' lang='lat' dir='ltr'>sententiam</span> <span class='ocrx_word' id='word_1_526' title='bbox 1298 2055 1454 2087; x_wconf 84' lang='lat' dir='ltr'>Ecclesiae.</span> <span class='ocrx_word' id='word_1_527' title='bbox 1465 2057 1524 2088; x_wconf 82' lang='lat' dir='ltr'>Sed</span> <span class='ocrx_word' id='word_1_528' title='bbox 1538 2058 1613 2097; x_wconf 84' lang='lat' dir='ltr'>quia</span> <span class='ocrx_word' id='word_1_529' title='bbox 1624 2058 1715 2089; x_wconf 84' lang='lat' dir='ltr'>valde</span> 
     </span>
     <span class='ocr_line' id='line_1_84' title="bbox 938 2107 1715 2147; baseline 0.008 -12"><span class='ocrx_word' id='word_1_530' title='bbox 938 2107 1055 2136; x_wconf 87' lang='lat' dir='ltr'>durum</span> <span class='ocrx_word' id='word_1_531' title='bbox 1082 2107 1207 2138; x_wconf 85' lang='lat' dir='ltr'>videtur</span> <span class='ocrx_word' id='word_1_532' title='bbox 1228 2108 1306 2139; x_wconf 90' lang='lat' dir='ltr'>illud</span> <span class='ocrx_word' id='word_1_533' title='bbox 1329 2109 1432 2140; x_wconf 88' lang='lat' dir='ltr'>dicere</span> <span class='ocrx_word' id='word_1_534' title='bbox 1450 2134 1459 2147; x_wconf 91' lang='lat'>,</span> <span class='ocrx_word' id='word_1_535' title='bbox 1482 2112 1512 2140; x_wconf 87' lang='lat' dir='ltr'>et</span> <span class='ocrx_word' id='word_1_536' title='bbox 1538 2111 1715 2141; x_wconf 87' lang='lat' dir='ltr'>maximum</span> 
     </span>
     <span class='ocr_line' id='line_1_85' title="bbox 938 2160 1716 2198; baseline 0.009 -9"><span class='ocrx_word' id='word_1_537' title='bbox 938 2160 1118 2198; x_wconf 88' lang='lat' dir='ltr'>periculum</span> <span class='ocrx_word' id='word_1_538' title='bbox 1134 2164 1213 2192; x_wconf 79' lang='lat' dir='ltr'>essct</span> <span class='ocrx_word' id='word_1_539' title='bbox 1235 2171 1346 2193; x_wconf 89' lang='lat' dir='ltr'>omnes</span> <span class='ocrx_word' id='word_1_540' title='bbox 1367 2164 1637 2196; x_wconf 87' lang='lat' dir='ltr'>communicantes</span> <span class='ocrx_word' id='word_1_541' title='bbox 1659 2175 1716 2196; x_wconf 85' lang='lat' dir='ltr'>ex-</span> 
     </span>
     <span class='ocr_line' id='line_1_86' title="bbox 937 2213 1715 2257; baseline 0.009 -15"><span class='ocrx_word' id='word_1_542' title='bbox 937 2213 1166 2243; x_wconf 86' lang='lat' dir='ltr'>communicari</span> <span class='ocrx_word' id='word_1_543' title='bbox 1193 2239 1199 2251; x_wconf 86' lang='lat'>,</span> <span class='ocrx_word' id='word_1_544' title='bbox 1239 2217 1273 2245; x_wconf 84' lang='lat' dir='ltr'>ut</span> <span class='ocrx_word' id='word_1_545' title='bbox 1309 2216 1503 2248; x_wconf 86' lang='lat' dir='ltr'>declinemus</span> <span class='ocrx_word' id='word_1_546' title='bbox 1537 2218 1715 2257; x_wconf 89' lang='lat' dir='ltr'>periculum</span> 
     </span>
     <span class='ocr_line' id='line_1_87' title="bbox 937 2267 1714 2309; baseline 0.008 -14"><span class='ocrx_word' id='word_1_547' title='bbox 937 2268 1114 2305; x_wconf 86' lang='lat' dir='ltr'>utrumque</span> <span class='ocrx_word' id='word_1_548' title='bbox 1136 2267 1205 2297; x_wconf 81' lang='lat' dir='ltr'>sIne</span> <span class='ocrx_word' id='word_1_549' title='bbox 1227 2269 1429 2307; x_wconf 83' lang='lat' dir='ltr'>praejudicio,</span> <span class='ocrx_word' id='word_1_550' title='bbox 1452 2270 1503 2300; x_wconf 90' lang='lat' dir='ltr'>hic</span> <span class='ocrx_word' id='word_1_551' title='bbox 1518 2270 1714 2309; x_wconf 81' lang='lat' dir='ltr'>distinguen-</span> 
     </span>
     <span class='ocr_line' id='line_1_88' title="bbox 937 2318 1715 2361; baseline 0.009 -14"><span class='ocrx_word' id='word_1_552' title='bbox 937 2319 1014 2348; x_wconf 91' lang='lat' dir='ltr'>dum</span> <span class='ocrx_word' id='word_1_553' title='bbox 1031 2318 1168 2349; x_wconf 84' lang='lat' dir='ltr'>videtur.</span> <span class='ocrx_word' id='word_1_554' title='bbox 1187 2320 1294 2351; x_wconf 88' lang='lat' dir='ltr'>Dicere</span> <span class='ocrx_word' id='word_1_555' title='bbox 1309 2322 1395 2351; x_wconf 78' lang='lat' dir='ltr'>enini</span> <span class='ocrx_word' id='word_1_556' title='bbox 1420 2323 1503 2361; x_wconf 84' lang='lat' dir='ltr'>quod</span> <span class='ocrx_word' id='word_1_557' title='bbox 1527 2325 1650 2354; x_wconf 89' lang='lat' dir='ltr'>tantum</span> <span class='ocrx_word' id='word_1_558' title='bbox 1675 2324 1715 2354; x_wconf 86' lang='lat' dir='ltr'>sit</span> 
     </span>
     <span class='ocr_line' id='line_1_89' title="bbox 938 2373 1711 2415; baseline 0.009 -15"><span class='ocrx_word' id='word_1_559' title='bbox 938 2376 1101 2410; x_wconf 85' lang='lat' dir='ltr'>peccatum</span> <span class='ocrx_word' id='word_1_560' title='bbox 1118 2373 1260 2411; x_wconf 83' lang='lat' dir='ltr'>veniale,</span> <span class='ocrx_word' id='word_1_561' title='bbox 1281 2383 1345 2404; x_wconf 91' lang='lat' dir='ltr'>non</span> <span class='ocrx_word' id='word_1_562' title='bbox 1362 2375 1487 2405; x_wconf 89' lang='lat' dir='ltr'>videtur</span> <span class='ocrx_word' id='word_1_563' title='bbox 1502 2377 1711 2415; x_wconf 85' lang='lat' dir='ltr'>conveniens,</span> 
     </span>
     <span class='ocr_line' id='line_1_90' title="bbox 937 2425 1713 2465; baseline 0.009 -12"><span class='ocrx_word' id='word_1_564' title='bbox 937 2433 1011 2453; x_wconf 88' lang='lat' dir='ltr'>cum</span> <span class='ocrx_word' id='word_1_565' title='bbox 1028 2425 1240 2455; x_wconf 85' lang='lat' dir='ltr'>communiter</span> <span class='ocrx_word' id='word_1_566' title='bbox 1257 2435 1388 2465; x_wconf 87' lang='lat' dir='ltr'>parvam</span> <span class='ocrx_word' id='word_1_567' title='bbox 1405 2428 1469 2458; x_wconf 88' lang='lat' dir='ltr'>vim</span> <span class='ocrx_word' id='word_1_568' title='bbox 1484 2428 1598 2459; x_wconf 82' lang='lat' dir='ltr'>saciant</span> <span class='ocrx_word' id='word_1_569' title='bbox 1615 2429 1713 2460; x_wconf 90' lang='lat' dir='ltr'>homi-</span> 
     </span>
     <span class='ocr_line' id='line_1_91' title="bbox 939 2477 1710 2519; baseline 0.006 -12"><span class='ocrx_word' id='word_1_570' title='bbox 939 2486 994 2507; x_wconf 85' lang='lat' dir='ltr'>nes</span> <span class='ocrx_word' id='word_1_571' title='bbox 1015 2477 1047 2507; x_wconf 90' lang='lat' dir='ltr'>in</span> <span class='ocrx_word' id='word_1_572' title='bbox 1072 2478 1206 2517; x_wconf 81' lang='lat' dir='ltr'>peccatis</span> <span class='ocrx_word' id='word_1_573' title='bbox 1232 2479 1418 2511; x_wconf 76' lang='lat' dir='ltr'>venialibus.</span> <span class='ocrx_word' id='word_1_574' title='bbox 1446 2481 1551 2511; x_wconf 86' lang='lat' dir='ltr'>Dicere</span> <span class='ocrx_word' id='word_1_575' title='bbox 1577 2481 1691 2512; x_wconf 90' lang='lat' dir='ltr'>iterum</span> <span class='ocrx_word' id='word_1_576' title='bbox 1703 2506 1710 2519; x_wconf 79' lang='grc'>,</span> 
     </span>
     <span class='ocr_line' id='line_1_92' title="bbox 936 2531 1713 2574; baseline 0.006 -14"><span class='ocrx_word' id='word_1_577' title='bbox 936 2531 1018 2569; x_wconf 85' lang='lat' dir='ltr'>quod</span> <span class='ocrx_word' id='word_1_578' title='bbox 1038 2540 1094 2570; x_wconf 91' lang='lat' dir='ltr'>pro</span> <span class='ocrx_word' id='word_1_579' title='bbox 1109 2532 1249 2571; x_wconf 78' lang='lat' dir='ltr'>quolibet</span> <span class='ocrx_word' id='word_1_580' title='bbox 1270 2534 1367 2564; x_wconf 83' lang='lat' dir='ltr'>verbo</span> <span class='ocrx_word' id='word_1_581' title='bbox 1388 2534 1611 2573; x_wconf 74' lang='lat' dir='ltr'>humanitatis,</span> <span class='ocrx_word' id='word_1_582' title='bbox 1629 2535 1713 2574; x_wconf 85' lang='lat' dir='ltr'>quod</span> 
     </span>
    </p>
   </div>
   <div class='ocr_carea' id='block_1_10' title="bbox 935 2611 1713 2678">
    <p class='ocr_par' dir='ltr' id='par_1_12' title="bbox 935 2611 1713 2678">
     <span class='ocr_line' id='line_1_93' title="bbox 971 2611 1713 2643; baseline 0.004 -10"><span class='ocrx_word' id='word_1_583' title='bbox 971 2612 976 2624; x_wconf 79' lang='lat'><strong>¹</strong></span> <span class='ocrx_word' id='word_1_584' title='bbox 991 2611 1065 2634; x_wconf 71' lang='lat' dir='ltr'>Caus.</span> <span class='ocrx_word' id='word_1_585' title='bbox 1082 2617 1117 2640; x_wconf 71' lang='lat' dir='ltr'>xl,</span> <span class='ocrx_word' id='word_1_586' title='bbox 1134 2618 1158 2641; x_wconf 76' lang='lat' dir='ltr'>q.</span> <span class='ocrx_word' id='word_1_587' title='bbox 1176 2617 1213 2641; x_wconf 75' lang='lat'>111,</span> <span class='ocrx_word' id='word_1_588' title='bbox 1229 2619 1250 2635; x_wconf 92' lang='lat' dir='ltr'>c.</span> <span class='ocrx_word' id='word_1_589' title='bbox 1277 2612 1397 2641; x_wconf 78' lang='lat' dir='ltr'>Quoniam</span> <span class='ocrx_word' id='word_1_590' title='bbox 1413 2613 1510 2636; x_wconf 68' lang='lat' dir='ltr'>mullos.</span> <span class='ocrx_word' id='word_1_591' title='bbox 1521 2626 1550 2630; x_wconf 91' lang='lat'>—-</span> <span class='ocrx_word' id='word_1_592' title='bbox 1566 2615 1573 2627; x_wconf 93' lang='grc'>“-’</span> <span class='ocrx_word' id='word_1_593' title='bbox 1590 2613 1661 2643; x_wconf 85' lang='lat' dir='ltr'>lbi‹I.‚</span> <span class='ocrx_word' id='word_1_594' title='bbox 1677 2613 1713 2636; x_wconf 79' lang='lat' dir='ltr'>Dc</span> 
     </span>
     <span class='ocr_line' id='line_1_94' title="bbox 935 2645 1710 2678; baseline 0.004 -10"><span class='ocrx_word' id='word_1_595' title='bbox 935 2645 1022 2669; x_wconf 82' lang='lat' dir='ltr'>cretal.</span> <span class='ocrx_word' id='word_1_596' title='bbox 1036 2646 1120 2677; x_wconf 56' lang='lat' dir='ltr'>Greq„</span> <span class='ocrx_word' id='word_1_597' title='bbox 1135 2647 1173 2670; x_wconf 88' lang='lat' dir='ltr'>tit.</span> <span class='ocrx_word' id='word_1_598' title='bbox 1186 2653 1228 2677; x_wconf 79' lang='lat' dir='ltr'>XL,</span> <span class='ocrx_word' id='word_1_599' title='bbox 1241 2654 1262 2672; x_wconf 89' lang='lat' dir='ltr'>c.</span> <span class='ocrx_word' id='word_1_600' title='bbox 1277 2648 1370 2678; x_wconf 77' lang='lat' dir='ltr'>Sacris,</span> <span class='ocrx_word' id='word_1_601' title='bbox 1385 2648 1415 2671; x_wconf 79' lang='lat' dir='ltr'>[Ie</span> <span class='ocrx_word' id='word_1_602' title='bbox 1429 2649 1468 2672; x_wconf 75' lang='lat' dir='ltr'>his</span> <span class='ocrx_word' id='word_1_603' title='bbox 1477 2656 1531 2678; x_wconf 78' lang='lat' dir='ltr'>quoe</span> <span class='ocrx_word' id='word_1_604' title='bbox 1544 2649 1570 2671; x_wconf 85' lang='grc' dir='ltr'>υί</span> <span class='ocrx_word' id='word_1_605' title='bbox 1583 2648 1622 2671; x_wconf 82' lang='lat' dir='ltr'>vel</span> <span class='ocrx_word' id='word_1_606' title='bbox 1636 2649 1710 2672; x_wconf 81' lang='lat' dir='ltr'>metu.</span> 
     </span>
    </p>
   </div>
  </div>
 </body>
</html>
