1991 3006
249 223 307 250 (ιδ’).

250 288 416 327 Presbyter
431 287 582 324 absolvit,
602 286 661 316 boc
679 285 825 316 Ecclesiae
842 283 1016 314 referendo.

250 342 311 373 Nec
327 350 390 371 non
406 340 555 376 absolvit,
575 339 613 369 de
631 347 723 378 poena
738 337 813 377 quid
835 336 1017 371 minuendo,

251 394 283 425 Si
297 394 482 432 disponatur
497 393 534 430 is,
551 392 607 432 qui
622 391 680 421 sibi
696 391 883 421 confiteatur
900 401 906 420 ε

251 446 281 476 Si
299 446 370 485 quis
389 447 577 484 stringatur,
596 445 795 475 anathemate
810 452 924 482 nempe
939 442 1020 481 liga-

330 501 392 529 tur.

250 552 397 591 Quisquis
410 551 527 581 labitur
541 551 574 581 in
589 551 765 590 peccatum,
784 549 979 585 tenebratur,

250 604 395 644 Luceque
409 604 564 644 privatur,
582 612 656 634 cum
678 603 780 641 gratia
801 604 892 640 grata
912 601 1022 631 traha-

330 659 393 688 tur.

480 718 694 749 DISTINCTIO
718 718 793 748 xlx.

359 789 470 821 Quando
485 789 526 815 hoe
539 789 626 815 claves
641 788 742 814 dantur
752 808 759 821 ,
775 789 798 813 et
814 787 920 821 quibus.

307 867 443 895 Postquam
459 866 587 888 ostensum
603 865 649 893 est,
664 870 720 894 quae
735 865 792 886 sunt
807 862 900 890 claves,
917 864 964 885 ete.

291 923 367 953 Cum
381 931 467 952 sacer
481 922 558 952 ordo
575 921 678 958 datur,
696 920 781 951 hunc
796 920 892 951 clavis
908 928 1022 950 conco—

331 976 470 1005 mitatur.

251 1030 368 1060 Pravos
392 1029 593 1068 presbyteros
616 1028 719 1058 claves
742 1027 797 1057 tibi
823 1028 942 1057 constet
965 1026 1022 1056 ha-

331 1083 415 1113 bere.

251 1135 343 1166 Recto
354 1135 475 1174 judicio
491 1135 607 1165 multos
622 1135 755 1164 decerno
770 1142 886 1164 carere.

250 1188 396 1219 Clavibus
412 1190 521 1218 utetur
536 1188 649 1227 digne,
672 1187 728 1227 qui
748 1188 837 1227 jussa
854 1188 893 1223 (a)
910 1195 1023 1225 seque-

331 1243 382 1271 tur

253 1294 344 1325 Petri.
362 1293 510 1325 Viventes
525 1296 644 1331 sancte,
662 1293 833 1332 legemque
849 1293 1000 1326 tenentes,

251 1348 285 1378 ln
310 1348 426 1388 quibus
454 1350 501 1378 est
529 1348 690 1386 Christus,
720 1347 811 1387 plene
838 1345 1023 1377 benedicere

331 1401 407 1431 tales

252 1454 428 1494 Presbyteri
455 1456 601 1494 possunt.
636 1454 787 1494 quoniam
819 1455 892 1484 sunt
926 1452 1022 1493 spiri-

330 1507 441 1538 tuales.

253 1560 372 1591 Pravus
387 1570 441 1600 spe
461 1561 539 1591 lucri
560 1570 674 1601 pravos
692 1561 838 1591 homines
856 1559 1021 1590 benedicit.

252 1613 330 1644 Hinc
354 1613 508 1652 Propheta
529 1617 536 1633 ¹
555 1614 666 1651 refert,
696 1613 778 1652 quod
802 1613 847 1642 eis
873 1612 1024 1643 Dominus

332 1666 498 1697 maledicit·

490 1768 705 1800 DISTINCTIO
728 1768 790 1798 XX.

421 1847 456 1872 De
471 1846 528 1878 his,
545 1846 593 1879 qui
609 1847 637 1871 z'n
653 1846 702 1879 fine
715 1846 854 1879 poenitent.

278 1925 416 1949 Sciendum
431 1926 468 1948 est
483 1925 568 1954 etiam,
583 1924 651 1955 quod
662 1926 762 1955 tempus
775 1923 941 1954 poenitentias,
958 1925 1007 1946 etc.

294 1987 374 2017 Huic
389 1987 565 2026 indulgebit
581 1988 650 2018 fons
665 1988 839 2018 immensus
854 1987 989 2026 pietatis,

254 2040 311 2077 Qui
326 2041 364 2071 de
381 2041 513 2080 peccatis
529 2041 638 2071 saltem
659 2040 823 2071 moriendo
837 2040 963 2070 dolebit.

254 2093 331 2131 Quae
347 2103 409 2124 non
424 2094 557 2134 perfecte
573 2095 685 2124 vivens
701 2096 826 2134 peccata
840 2093 972 2130 lavabit,

255 2148 344 2187 Ignis
361 2149 525 2187 purgabit,
543 2151 573 2178 et
588 2149 631 2178 sic
645 2149 684 2179 ad
699 2157 800 2187 regna
816 2147 945 2177 volabit.

255 2200 287 2231 Si
301 2200 484 2230 lamenteris
498 2201 624 2237 faciens,
642 2201 729 2231 velut
743 2201 809 2240 ipse
825 2200 967 2237 mereris,

255 2254 297 2284 De
311 2256 341 2284 te
356 2254 538 2292 vindictam,
558 2257 628 2294 post
644 2256 778 2285 mortem
792 2254 837 2284 nil
853 2254 989 2294 patieris.

255 2306 383 2337 Poenam
400 2307 431 2338 vi
443 2308 527 2346 Juris
541 2316 605 2337 non
621 2308 764 2347 impones
781 2307 953 2337 morituris.

256 2359 404 2390 Praesulis
418 2369 545 2390 assensu
561 2360 689 2391 viduam
705 2360 753 2391 dic
768 2369 856 2400 posse
876 2369 998 2390 sacrare

255 2412 392 2444 Tantum
420 2413 656 2453 presbyterum,
678 2414 720 2443 sic
744 2413 898 2453 quosdam
921 2413 1024 2444 conci-

336 2466 423 2496 liare.

257 2521 287 2550 Si
303 2521 407 2551 subito
419 2522 525 2559 „Iustus
540 2521 733 2552 inconfessus
749 2523 915 2559 moriatur,

257 2573 373 2604 Secure
389 2574 459 2604 talis
474 2573 590 2604 oblatio
605 2574 804 2613 suscipiatur.

258 2626 405 2666 Quisquis
416 2627 447 2656 in
461 2627 593 2657 articulo
602 2628 738 2665 veniam,
749 2637 811 2658 non
822 2628 1023 2668 despiciatur.

294 2691 297 2702 ¹
312 2690 430 2720 malach„
446 2696 473 2720 11,
491 2692 525 2714 ¹3.

759 215 993 247 SENTENTIAE
1015 213 1184 246 SENTENI
1198 213 1332 245 immi.

1301 333 1518 366 DISTINCTIO
1537 335 1614 366 XXI.

1095 412 1130 437 De
1145 411 1275 444 peccatis,
1292 418 1349 443 quoe
1368 412 1428 444 post
1449 410 1515 437 hanc
1538 411 1622 436 vitam
1644 410 1827 439 dimittuntur.

1123 490 1191 515 Solet
1202 490 1276 514 etiam
1289 491 1368 522 quoeri
1379 510 1387 521 ,
1401 494 1485 516 utrum
1498 493 1554 523 post
1569 492 1633 516 hanc
1646 492 1733 522 vitam,
1750 495 1799 517 etc.

1117 548 1243 578 Constat
1267 550 1335 588 post
1362 551 1495 579 mortem
1522 549 1658 580 veniaIIa
1684 558 1768 590 saepe
1797 559 1846 581 re-

1158 601 1254 638 mitti,

1078 654 1114 685 Et
1129 654 1173 684 sic
1187 655 1309 685 admitti
1326 656 1512 695 promissam
1527 657 1630 686 visere
1644 658 1772 687 sortem.

1079 707 1114 738 ln
1129 708 1255 748 stipula,
1272 708 1371 747 ligno,
1390 709 1485 747 foeno,
1504 709 1638 740 venialia
1653 710 1756 749 signo.

1081 760 1138 792 Pro
1154 762 1308 800 gravibus
1322 761 1432 801 culpis,
1453 763 1605 792 confessio
1621 763 1660 792 sit
1674 762 1826 802 specialis.

1079 813 1194 844 oblitas
1209 814 1380 854 culpasque
1395 815 1479 845 leves
1491 815 1573 845 delet
1589 815 1757 855 generalis.

1079 868 1217 898 Crimina
1233 867 1282 898 vel
1297 868 1408 898 saltem
1423 868 1519 899 semel
1534 869 1591 899 uni
1607 869 1795 899 confitearis.

1078 920 1120 951 Te
1136 921 1179 951 sic
1194 930 1331 959 accuseS,
1349 930 1387 951 ne
1403 922 1541 952 mendax
1556 922 1738 952 inveniaris.

1081 974 1196 1014 Deponi
1212 974 1318 1011 debet,
1335 977 1371 1005 ut
1384 975 1467 1014 juris
1482 975 1595 1014 regula
1610 975 1744 1014 praehet,

1079 1027 1226 1066 Quisquis
1242 1036 1307 1058 non
1322 1028 1414 1065 celat,
1432 1028 1495 1058 imo
1511 1028 1651 1058 confessa
1666 1027 1795 1059 revelat.

1080 1080 1190 1111 Pastor
1207 1080 1321 1111 vitetur
1337 1081 1494 1121 proprius,
1509 1081 1534 1110 si
1551 1090 1680 1121 prorsus
1697 1081 1831 1112 habetur

1081 1133 1213 1171 Inscius,
1238 1135 1292 1164 aut
1316 1134 1447 1164 haeresis
1466 1136 1580 1164 sectam
1602 1134 1717 1164 sentire
1734 1133 1848 1174 probe-

1158 1189 1222 1224 tur,

1079 1240 1140 1271 Nec
1161 1249 1224 1271 non
1247 1241 1375 1279 vitatur,
1402 1242 1602 1272 anathemate
1620 1240 1747 1281 quando
1767 1241 1848 1280 liga-

1160 1297 1222 1325 tur.

1079 1348 1147 1380 Non
1162 1348 1239 1378 alias
1254 1347 1345 1379 debet
1359 1348 1468 1386 vitari,
1482 1349 1536 1387 Jus
1550 1348 1593 1378 ita
1608 1347 1738 1387 praehet.

1302 1453 1518 1485 DISTINCTIO
1541 1453 1633 1484 xxti.

1257 1532 1287 1558 Si
1300 1533 1411 1566 peccata
1425 1530 1539 1557 dimissa
1550 1530 1668 1557 redeant.

1151 1613 1263 1643 Cumque
1281 1612 1366 1635 multis
1379 1611 1570 1635 auctoritatibus
1585 1617 1661 1642 supra
1676 1610 1726 1640 sit,
1741 1612 1790 1634 etc.

1121 1670 1197 1706 Quae
1210 1671 1278 1709 jam
1293 1670 1393 1700 deleta
1410 1669 1512 1709 primo
1526 1670 1651 1708 peccata
1665 1668 1795 1698 fuerunt
1805 1692 1813 1705 ‚

1083 1723 1151 1753 Non
1166 1723 1282 1754 iterum
1299 1723 1448 1753 redeunt:
1466 1722 1526 1752 hoc
1540 1721 1647 1762 plures
1662 1730 1726 1752 non
1741 1723 1850 1752 tenue-

1162 1778 1248 1806 runt.

1084 1830 1118 1860 In
1146 1830 1272 1870 culpam
1306 1829 1429 1859 rediens
1458 1828 1604 1867 ingratus
1635 1827 1752 1868 quippe
1780 1836 1853 1868 pro-

1163 1883 1274 1919 batur;

1083 1937 1160 1967 Hinc
1177 1945 1260 1973 reuS,
1278 1938 1313 1966 ut
1329 1935 1442 1974 primo,
1457 1935 1538 1965 dicta
1553 1934 1674 1964 ratione
1690 1935 1832 1974 putatur.

1084 1990 1121 2020 Ut
1146 1989 1234 2020 dolor
1258 1988 1396 2019 exterior
1417 1996 1474 2027 pro
1497 1988 1589 2027 signo
1607 1996 1736 2026 prorsus
1754 1986 1854 2018 habe-

1164 2044 1227 2079 tur,

1083 2096 1134 2126 Sic
1149 2095 1236 2125 dolor
1251 2094 1380 2124 interior
1395 2103 1451 2133 pro
1467 2093 1560 2132 signo
1575 2102 1672 2134 reque
1686 2095 1822 2124 tenetur.

1083 2148 1219 2179 Tantum
1234 2156 1300 2184 reS,
1316 2147 1432 2177 horum
1447 2146 1588 2176 dimissio
1603 2147 1638 2177 fit
1652 2147 1815 2177 vitiorum.

1296 2252 1514 2284 DISTINCTIO
1535 2251 1641 2282 XXIII.

1212 2332 1248 2357 De
1260 2332 1425 2357 sacramento
1442 2329 1576 2355 Unctionis
1592 2330 1722 2355 eaetremoe.

1100 2414 1194 2436 Praeter
1206 2411 1346 2442 praemissa,
1360 2412 1398 2433 est
1411 2410 1486 2434 etiam
1501 2409 1566 2432 aliud
1579 2410 1776 2439 sacramentum,
1788 2412 1835 2434 ete.

1123 2469 1222 2509 AEger
1234 2469 1412 2507 inungatur
1427 2467 1507 2505 oleo,
1519 2467 1605 2507 quod
1619 2467 1832 2498 sanctificatur

1083 2522 1241 2554 Pontificis
1264 2522 1389 2558 dextra,
1422 2523 1527 2550 tamen
1553 2520 1659 2550 unctio
1683 2520 1726 2550 sic
1749 2520 1853 2560 tripli-

1163 2578 1252 2606 catur

1085 2629 1117 2659 ln
1132 2628 1362 2668 baptismalem,
1379 2627 1516 2664 finalem,
1534 2627 1756 2666 pontificalem.

1116 2691 1150 2720 1¹11]
1168 2690 1228 2714 Οτι-ἰ.
1241 2690 1300 2714 edit.
1313 2690 1390 2720 justa.
