1991 3006
908 225 1096 258 DISTINCT.
1121 226 1196 257 XLI.

447 351 648 383 EXPOSlTlO
670 349 833 381 TEXTUS.

386 433 458 456 Nunc
482 432 513 455 de
539 432 658 455 affinitate
681 432 820 455 videndum
844 434 889 455 est,

294 506 397 546 Supra
418 506 485 545 egit
504 506 653 544 Magister
673 506 710 536 de
730 505 1022 544 consanguinitate;

134 571 220 592 Divisio.
254 559 306 590 hic
320 559 389 598 agit
408 559 445 589 de
465 559 630 596 affinitate,
652 560 682 588 et
701 558 854 588 dividitur
871 558 938 588 haec
952 568 1025 597 pars

254 613 287 643 in
302 612 380 643 duas
394 623 400 642 ι
419 612 452 642 111
467 612 570 651 prima
583 611 772 641 determinat
789 611 908 649 gradus
922 612 1024 641 affini-

254 666 342 703 tatis;
365 666 399 695 in
420 665 556 696 secunda
580 665 648 703 agit
671 664 708 694 de
732 664 926 704 separatione
951 674 1026 695 con-

250 720 438 758 Junctorum
456 718 538 748 infra
560 718 726 757 praedictos
745 718 879 756 gradus,
900 718 943 747 ibi
959 729 965 748 :
985 719 1027 749 Et

254 774 300 803 est
316 771 478 803 sciendum
493 771 577 810 quod
595 771 739 802 Ecclesia
753 771 843 809 infra
858 770 1027 809 proedz'ctos

254 824 392 864 gradus,
415 826 473 854 etc.
499 824 603 854 Prima
622 833 695 863 pars
709 824 803 854 habet
819 825 882 853 tres
896 826 1000 863 partes
1019 835 1025 855 :

253 878 284 908 111
308 878 411 918 prima
437 877 624 908 determinat
650 877 769 916 gradus
794 877 956 907 affinitatis
978 888 1026 908 se-

253 931 394 961 cundum
417 931 469 969 jus
493 939 682 966 commune3
709 931 741 960 111
765 930 902 960 secunda
926 930 1026 961 deter-

254 985 353 1014 minat
373 984 549 1015 secundum
565 984 829 1023 dispensationem
845 984 1026 1023 specialem,

252 1036 296 1066 ibi
318 1048 324 1066 :
348 1036 414 1068 Sed
435 1037 496 1068 alit
516 1036 665 1068 videntur
688 1036 867 1073 concedere,
895 1038 970 1073 etc.;
997 1038 1029 1067 in

252 1090 344 1120 tertia
361 1099 453 1126 vere,
476 1090 514 1120 de
539 1090 675 1120 secundo
703 1099 820 1129 genere
846 1090 1026 1127 affinitatis,

253 1143 420 1173 ostendens
441 1143 526 1182 quod
549 1142 724 1173 secundum
746 1152 848 1181 genus
867 1143 1030 1173 affinitatis

253 1196 384 1236 impedit
397 1196 650 1233 matrimonium,
669 1195 711 1225 ibi
730 1206 736 1225 :
754 1195 839 1226 Illud
853 1196 948 1227 etiam
964 1204 1028 1227 non

253 1251 299 1280 est
316 1249 633 1287 praetermittendum,
650 1250 707 1278 etc.
726 1247 877 1278 Similiter
893 1248 1030 1278 secunda

253 1310 325 1341 pars
340 1301 435 1331 habet
451 1303 513 1331 tres
528 1310 535 1331 :
551 1301 583 1330 in
604 1301 707 1340 prima
728 1301 879 1338 ostendit,
897 1302 952 1340 qui
974 1302 1027 1332 de—

252 1355 347 1384 beant
358 1355 495 1393 separari
508 1365 515 1391 ;
532 1354 565 1384 in
581 1354 718 1384 secunda
728 1363 815 1392 vero,
830 1354 885 1393 qui
900 1364 965 1385 non
980 1355 1030 1385 ‹le-

253 1407 345 1437 beant
355 1407 493 1446 separari
505 1407 572 1437 sine
587 1406 767 1437 testimonio
785 1416 840 1446 per
859 1407 941 1446 quod
953 1417 1027 1446 pro-

250 1459 342 1489 betur
358 1460 396 1498 (α)
414 1459 612 1498 proximitas,
628 1461 659 1489 et
669 1459 866 1496 determinat,
884 1460 939 1499 qui
956 1470 1027 1499 pos-

251 1514 328 1542 sunt
343 1512 395 1542 hic
410 1512 580 1549 testificari,
597 1512 641 1542 ibi
656 1522 662 1543 :
678 1513 720 1544 St
734 1512 797 1543 cluo
810 1513 884 1550 otri,
901 1512 949 1544 vel
965 1516 1028 1545 tres

251 1565 581 1603 consanguinitatem,
598 1566 669 1601 etc.;
687 1565 720 1594 in
735 1565 844 1602 tertia,
861 1565 937 1604 quia
952 1575 1025 1596 con-

248 1618 353 1657 juncti
377 1618 459 1647 infra
481 1617 600 1656 gradus
625 1618 798 1657 prohibitos
826 1619 1028 1649 committunt

251 1670 423 1707 incestum,
444 1670 612 1709 distinguit
631 1671 676 1700 ibi
694 1680 812 1709 genera
827 1674 1027 1710 peccatorum

251 1723 334 1753 circa
344 1725 449 1753 actum
464 1724 578 1761 carnis,
595 1724 637 1753 ibi
651 1734 657 1753 z
671 1725 733 1755 Hic
748 1724 931 1763 dicendum,
944 1726 1027 1765 quod

250 1775 343 1807 aliud
357 1776 401 1808 sit
415 1776 600 1814 fornicatio,
617 1776 721 1814 aliud,
738 1779 795 1807 etc.

582 1870 650 1891 DUB.
674 1870 694 1890 1.

414 1927 526 1951 Ecclesia
551 1922 616 1950 infra
644 1927 797 1958 praedictos,
822 1930 870 1952 etc.

291 1987 448 2026 Ponatur,
478 1988 563 2028 quod
589 1988 723 2019 Ecclesia
749 1989 876 2029 decepta
903 1990 1025 2030 aliquos

249 2043 383 2081 separet,
393 2043 423 2071 et
433 2041 635 2081 postmodum
644 2042 864 2072 manifestetur
872 2043 1021 2083 deceptio,

249 2094 405 2133 quaeritur
431 2096 542 2124 utrum
570 2094 646 2125 tales
671 2095 733 2124 sint
757 2096 968 2134 rejungendi;
994 2098 1025 2126 et

248 2147 332 2187 quod
348 2147 408 2184 sic,
428 2147 572 2184 videtur;
597 2147 672 2186 quia
688 2149 844 2187 separatio
860 2158 916 2188 per
927 2150 1022 2188 111511-

248 2199 324 2229 tiam
347 2200 429 2229 facta
453 2202 499 2229 est
521 2209 528 2229 :
551 2208 631 2238 ergo
654 2200 797 2238 videtur,
823 2202 909 2241 quod
936 2202 1024 2233 nullo

248 2252 342 2282 modo
356 2253 455 2292 possit
469 2254 563 2290 stare,
581 2261 654 2283 cum
668 2254 887 2284 manifestetur
903 2263 1021 2294 praece-

248 2305 324 2335 dens
342 2305 500 2345 judicium
521 2305 616 2336 fuisse
639 2306 806 2345 injustum.
830 2307 944 2338 Contra
963 2308 1023 2338 hoc

247 2361 309 2395 est,
329 2358 406 2397 quia
426 2358 574 2398 possibile
589 2359 734 2398 estquod
756 2360 871 2399 aliquis
889 2363 957 2400 post
972 2370 1020 2391 se-

247 2411 443 2450 parationem
466 2411 499 2441 in
519 2411 596 2441 facie
620 2411 764 2442 Ecclesiae
787 2414 842 2443 fiat
860 2413 1020 2452 sacerdos,

247 2464 298 2494 vel
317 2464 487 2503 religiosus
504 2475 510 2495 ε
528 2465 581 2495 sed
605 2464 676 2494 talis
698 2474 763 2495 non
783 2468 884 2505 potest
906 2466 1023 2497 habere

249 2526 345 2548 usum
356 2518 550 2549 matrimonii
561 2529 567 2548 z
578 2527 658 2556 ergo
668 2527 734 2548 non
745 2519 835 2550 debet
846 2520 873 2549 ei
885 2520 1020 2550 restitui.

249 2569 345 2600 Juxta
364 2570 422 2600 hoc
443 2571 609 2611 quaeritur,
633 2572 759 2610 quando
780 2575 810 2602 et
828 2573 963 2612 qualiter
984 2573 1023 2603 sit

250 2622 406 2653 restitutio
420 2623 481 2654 viri
494 2623 634 2654 facienda
645 2624 750 2662 uxori,
764 2625 815 2655 vel
826 2634 843 2656 e
856 2634 1020 2656 converso.

283 2683 317 2715 (a)
333 2684 393 2710 coet.
408 2684 470 2710 edit.
485 2685 642 2718 prohibetur,
657 2686 737 2711 mend.
756 2699 786 2705 —-
801 2686 834 2717 (b)
852 2689 884 2712 et.

1792 228 1846 256 421

1120 293 1212 333 Resp.
1230 292 1402 323 Dicendum
1415 293 1501 333 quod
1516 293 1548 323 in
1558 293 1611 323 tali
1625 301 1700 323 casu
1709 292 1851 323 facienda

1080 349 1126 377 est
1142 345 1308 383 restitutio,
1325 346 1475 385 quoniam
1490 345 1626 377 Ecclesia
1638 346 1767 385 decepta
1780 345 1848 383 fuit,

1080 401 1111 430 et
1131 399 1228 430 altera
1250 408 1456 439 personarum
1478 400 1595 439 injuste
1614 399 1773 439 expoliata
1794 409 1800 429 :
1821 400 1853 429 et

1081 452 1231 492 quoniam
1261 451 1395 482 Ecclesia
1420 454 1520 492 potest
1544 454 1574 482 et
1596 452 1687 483 debet
1712 460 1853 482 errorem

1081 505 1256 544 corrigere,
1279 507 1310 534 et
1329 514 1392 534 11011
1414 505 1504 535 debet
1523 505 1662 544 aliquam
1684 513 1854 544 personam

1077 559 1151 596 jure
1165 565 1222 587 suo
1238 557 1377 596 privare;
1395 557 1464 587 ideo
1476 558 1656 597 deceptione
1668 558 1806 597 cognita,
1823 559 1854 588 et

1081 611 1106 641 si
1122 611 1210 647 alter,
1227 611 1281 649 qni
1297 611 1414 649 injuste
1428 611 1605 650 expoliatus
1618 614 1674 648 est,
1690 613 1785 651 petat,
1804 611 1854 641 de-

1082 663 1133 693 bet.
1147 663 1328 700 restituere,
1352 665 1382 693 et
1405 664 1429 693 si
1452 664 1583 694 intravit
1598 664 1803 702 religionem,
1825 666 1856 694 et

1082 718 1192 747 votum
1213 716 1330 753 emisit,
1352 719 1452 756 potest
1473 717 1615 747 debitum
1635 717 1780 754 reddere,
1802 717 1855 747 sed

1083 779 1146 799 non
1181 769 1272 799 debet
1300 778 1356 799 nec
1389 771 1490 809 potest
1523 770 1671 808 exigere,
1703 771 1855 810 quoniam

1083 822 1237 861 obligavit
1259 831 1291 851 se
1313 822 1351 852 ad
1374 822 1614 859 continentiam,
1635 826 1790 862 qnantum
1811 826 1857 854 est

1084 876 1116 905 in
1132 885 1175 905 se.
1195 876 1282 912 Quod
1298 876 1463 915 quaeritur,
1479 876 1617 915 qnando,
1629 878 1683 906 aut
1698 877 1856 915 quomodo

1084 928 1192 958 debeat
1215 937 1297 958 uxor
1321 927 1443 957 restitui
1466 927 1551 965 viro,
1578 929 1632 958 aut
1653 937 1670 957 e
1692 936 1854 965 converso,

1084 982 1253 1012 dicendum
1269 982 1354 1021 quod
1369 991 1450 1012 uxor
1463 984 1517 1012 aut
1530 982 1598 1021 agit
1609 982 1684 1021 jure
1699 982 1855 1021 petitorio,

1085 1036 1139 1065 aut
1154 1035 1356 1074 possessorio.
1375 1036 1462 1065 Tunc
1477 1035 1547 1074 agit
1559 1035 1716 1075 petitorio,
1731 1035 1859 1074 quando

1084 1087 1160 1117 dicit
1183 1087 1321 1127 aliquem
1346 1088 1404 1118 sibi
1429 1089 1601 1127 adjudicari
1626 1089 1659 1118 in
1686 1089 1857 1126 maritum,

1084 1141 1235 1179 quoniam
1257 1150 1329 1171 cum
1352 1151 1388 1171 ea
1410 1142 1584 1179 contraxit;
1606 1144 1683 1172 tunc
1702 1142 1859 1181 33111105-

1085 1194 1218 1224 sessorio
1234 1194 1371 1233 jndicio,
1397 1195 1523 1234 quando
1545 1195 1621 1234 petit
1641 1195 1780 1234 aliquem
1800 1194 1860 1225 sibi

1085 1246 1210 1277 restitui
1226 1255 1282 1286 pro
1297 1256 1344 1285 eo,
1360 1247 1435 1286 quia
1451 1248 1502 1277 vir
1514 1248 1584 1287 ejus
1599 1248 1674 1284 fuit,
1691 1249 1722 1277 et
1736 1256 1809 1278 cum
1824 1256 1861 1278 ea

1085 1299 1287 1329 cohabitavit.
1304 1299 1336 1330 Si
1351 1300 1420 1338 agit
1434 1300 1591 1339 petitorio,
1604 1302 1634 1330 et
1649 1301 1700 1331 vir
1712 1301 1859 1339 excipiat,

1084 1353 1188 1391 primo
1205 1352 1392 1382 tractabitur
1407 1353 1549 1392 exceptio
1560 1353 1675 1391 mariti,
1690 1355 1862 1393 antequam

1084 1406 1137 1435 fiat
1155 1405 1328 1441 restitutio,
1352 1405 1419 1435 sive
1441 1415 1537 1445 quam
1554 1406 1685 1436 satisfiat
1700 1406 1861 1445 petitioni,

1084 1467 1142 1497 pro
1162 1467 1198 1488 eo
1221 1458 1305 1497 quod
1327 1458 1458 1497 probata
1482 1459 1666 1497 exceptione
1690 1459 1812 1496 mariti,
1835 1460 1862 1489 si

1084 1513 1168 1541 recta
1185 1513 1229 1540 est
1252 1511 1434 1550 principalis
1456 1512 1605 1550 quaestio,
1631 1511 1810 1550 perimitur.
1829 1511 1862 1542 Si

1084 1573 1159 1595 vero
1185 1564 1253 1603 agit
1277 1564 1315 1593 de
1340 1564 1548 1603 possessorio,
1579 1565 1791 1595 restituendus
1816 1567 1862 1595 est

1084 1617 1226 1655 mulieri,
1249 1617 1345 1647 etiam
1363 1619 1535 1656 antequam
1551 1618 1703 1657 probetur
1718 1618 1862 1657 exceptio

1086 1669 1247 1708 OExtrav„
1262 1669 1299 1701 tle
1316 1670 1516 1700 restitutione
1528 1670 1709 1709 Spoliator.,
1730 1680 1756 1700 c.
1777 1672 1862 1703 Lite-

1082 1731 1146 1759 ras,
1156 1725 1185 1753 et
1197 1723 1325 1753 Extrav.
1336 1723 1374 1754 (16
1383 1723 1547 1759 Dz'vov’tiz‘s,
1558 1732 1583 1753 c.
1597 1723 1862 1763 Porro),exceptis

1081 1777 1224 1816 quinque
1251 1776 1386 1806 casibus.
1414 1775 1540 1805 Primus
1561 1777 1624 1813 est,
1648 1776 1674 1806 si
1694 1776 1862 1816 objiciatur

1081 1830 1207 1860 mulieri
1222 1830 1349 1870 publica
1359 1829 1535 1866 fornicatio,
1547 1832 1576 1860 et
1592 1830 1662 1860 haec
1680 1830 1775 1860 fuerit
1790 1840 1861 1870 pro-

1081 1883 1153 1912 bata
1167 1907 1174 1919 ,
1190 1882 1251 1912 nisi
1266 1883 1335 1922 ipsa
1348 1883 1485 1922 excipiat
1499 1883 1532 1912 in
1546 1883 1741 1914 contrarium
1754 1886 1864 1915 contra

1080 1936 1187 1966 virum
1202 1936 1240 1965 de
1255 1936 1460 1965 fornicatione
1477 1935 1622 1974 (Extrav.
1640 1936 1679 1968 de
1694 1937 1861 1976 Divert‘z'is,

1079 1998 1105 2019 c.
1120 1988 1344 2028 Sz'ynistcasti).
1359 1988 1523 2019 Secundus
1533 1998 1625 2019 casus
1635 1992 1691 2028 est,
1704 1990 1861 2030 siobjicia-

1079 2044 1131 2072 tur
1146 2041 1405 2080 consanguinitas
1420 2042 1527 2072 divina
1548 2042 1620 2081 lege
1636 2043 1794 2082 prohibita
1808 2044 1862 2074 in-

1078 2095 1252 2125 continenti
1263 2094 1435 2134 probanda,
1449 2095 1622 2126 differenda
1635 2099 1682 2127 est
1693 2096 1860 2129 restitutio,

1078 2157 1135 2178 nec
1149 2148 1240 2178 debet
1255 2148 1398 2187 compelli
1420 2157 1476 2188 per
1495 2149 1700 2187 sententiam,
1722 2159 1762 2180 ne
1782 2150 1862 2181 forte

1078 2201 1344 2240 superinducatur
1351 2202 1551 2241 perplexitas.
1562 2202 1591 2232 Si
1599 2211 1675 2233 vero
1684 2203 1858 2242 differatur,

1078 2256 1199 2294 oportet
1222 2255 1291 2284 fieri
1314 2255 1545 2285 restitutionem
1567 2265 1622 2295 per
1641 2256 1829 2286 sententiam
1850 2267 1856 2286 :

1078 2308 1130 2338 sed
1141 2310 1246 2338 tamen
1254 2316 1318 2337 non
1326 2310 1450 2347 oportet
1458 2308 1600 2339 debitum
1607 2308 1747 2346 reddere,
1758 2309 1812 2348 qui
1822 2309 1859 2347 (b)

1078 2361 1172 2391 habet
1187 2361 1224 2391 de
1239 2362 1519 2400 consanguinitate
1529 2362 1763 2392 conscientiam.
1783 2362 1789 2400 t
1802 2361 1859 2392 Ex-

1078 2416 1158 2444 trav.
1172 2413 1211 2445 de
1226 2415 1429 2446 restitutione
1443 2415 1672 2453 spoliatorum,
1689 2424 1716 2444 c.
1733 2415 1858 2446 Literas

1078 2467 1202 2497 Tertius
1216 2476 1307 2497 casus
1326 2469 1387 2505 est,
1403 2468 1429 2497 si
1448 2468 1623 2507 excipiatur
1638 2467 1682 2497 rei
1697 2466 1855 2506 judicatae,

1078 2530 1096 2550 a
1110 2530 1173 2559 qua
1190 2529 1253 2550 non
1270 2522 1315 2550 est
1329 2520 1533 2560 appellatum,
1549 2521 1779 2558 argumentum
1797 2520 1856 2558 (De

1077 2574 1183 2612 officio
1202 2574 1279 2604 lud.
1297 2573 1409 2613 deleo„
1430 2583 1457 2604 c.
1477 2574 1612 2604 Causam
1628 2572 1854 2611 matrimonii).

1078 2626 1214 2663 Quartus
1230 2629 1292 2665 est,
1316 2627 1442 2666 quando
1464 2628 1551 2656 tanta
1574 2627 1621 2655 est
1639 2624 1761 2655 saevitia
1776 2624 1854 2658 viri,

1078 2680 1162 2720 quod
1182 2689 1246 2711 11011
1268 2682 1369 2719 potest
1388 2679 1544 2711 sufficiens
1566 2677 1669 2709 cautio
1690 2677 1833 2709 adhiberi
1843 2700 1853 2716 ‚
