1991 3006
194 221 252 250 644

194 285 326 316 Sumere
339 284 377 315 de
391 282 490 313 nihilo
505 290 630 312 carnem
645 280 784 311 Verbum
799 280 962 320 potuisset,

195 340 239 369 Ac
252 339 347 370 etiam
363 345 475 367 sexum
490 334 676 365 muliebrem
686 358 693 372 ‚
711 334 735 364 si
751 334 892 364 libuisset
908 333 960 370 (α).

421 446 636 478 DISTINCTIO
659 445 737 476 XIII.

195 527 225 553 Si
240 525 361 552 Christus
375 523 515 550 secundum
526 524 651 548 naturam
663 521 775 547 hominis
787 522 816 547 in
829 521 964 555 supientia

281 571 303 596 et
317 569 407 602 qratia
418 568 543 602 proficere
556 567 646 600 potuit
657 586 665 596 ‚
682 566 724 591 vel
735 566 862 599 profecit.

299 650 423 672 Proeterea
438 647 568 671 sciendum
587 648 634 676 est,
652 645 794 675 Christum,
809 647 857 668 etc.

235 711 269 741 In
284 710 436 741 membris
457 709 614 745 Christus,
635 717 698 737 non
719 707 751 737 in
771 715 802 736 se
823 705 966 745 proficie-

272 765 342 801 bat,

194 817 270 857 EJus
285 817 436 847 virtutem
452 815 589 856 populus
605 823 678 845 cum
693 813 894 853 percipIebat.

420 924 635 957 DISTINCTIO
659 923 736 955 XIV.

193 1004 224 1031 Si
238 1005 328 1030 anima
348 1002 448 1029 Christi
467 1002 587 1028 habuerit
608 1001 772 1035 sapientiam
790 1008 884 1034 parem
907 1008 965 1026 cum

236 1048 305 1075 Deo.-
323 1050 347 1074 εἰ
362 1049 386 1074 si
401 1048 491 1073 omnia
506 1047 567 1077 scit,
584 1053 641 1079 qum
656 1046 724 1071 Deus
738 1045 787 1071 scit
797 1065 805 1076 ,
821 1052 866 1071 nec
882 1052 922 1071 ne.

256 1128 301 1152 uie
314 1128 392 1158 quaeri
409 1135 472 1158 opus
488 1128 523 1150 est
534 1146 540 1157 .-
558 1133 614 1150 t-um
629 1125 713 1149 anima
732 1125 837 1154 Christi,
855 1127 902 1149 etc.

233 1191 388 1221 concedas
397 1190 537 1220 ammam
548 1189 661 1219 Christi
674 1189 739 1219 fore
749 1190 861 1218 cuncta
869 1187 966 1217 scien-

274 1248 337 1275 tem
349 1256 356 1282 3

195 1298 292 1329 Porro
309 1308 371 1329 non
387 1298 488 1338 ipsam
504 1297 655 1328 concedas
670 1296 931 1335 omnipotentem.

429 1407 644 1440 DlsTtNC'rlo
667 1407 729 1438 XV.

197 1489 233 1515 De
248 1488 368 1515 omnibus
385 1487 545 1520 defectibus,
561 1494 623 1521 quos
643 1486 786 1519 assumpsit
805 1483 924 1510 Christus
938 1484 967 1508 iu

459 1532 577 1558 humana
592 1532 700 1557 natura.

257 1613 319 1637 Illud
337 1619 437 1644 quoque
453 1611 700 1643 praetermittendum
715 1617 766 1634 nou
782 1611 833 1637 est,
853 1611 902 1631 etc.

235 1675 376 1705 Defectus
398 1677 521 1704 nostros
545 1673 695 1712 sumpsit,
722 1671 777 1711 qui
799 1670 966 1701 couvenie-

274 1728 365 1764 bant,

195 1780 232 1811 Et
246 1780 381 1810 libertati
396 1781 511 1810 nostrae
527 1782 602 1809 tunc
616 1777 834 1817 expediebant.

195 1833 361 1870 Tristatur,
377 1833 480 1870 timet,
503 1834 533 1862 et
547 1832 693 1862 turbatur
709 1839 780 1869 pars
796 1828 927 1859 rationis

196 1886 324 1923 Infima3
349 1886 402 1916 sed
423 1894 589 1925 nunquam
606 1893 679 1923 pars
699 1882 855 1914 excellens
871 1883 964 1912 raho-

274 1940 333 1969 nis.

199 1992 317 2030 Passio,
343 1993 410 2023 sive
433 1992 521 2022 dolor
543 2001 562 2021 a
585 1991 705 2022 Christo
732 1999 795 2020 non
818 1998 966 2020 remove-

275 2048 337 2076 tur.

196 2099 344 2136 Causam,
364 2108 420 2129 seu
437 2098 602 2135 meritum,
624 2097 688 2127 tolli
703 2097 805 2127 solum
821 2096 966 2136 perhihe-

277 2156 338 2183 tur.

424 2221 637 2253 DISTINCTIO
660 2221 737 2252 XVI.

216 2298 259 2323 An
284 2297 312 2322 in
340 2296 444 2323 Christo
473 2295 556 2327 fuerit
575 2295 718 2319 necessitas
742 2292 881 2327 patiendi,
911 2293 950 2318 vel

303 2339 451 2369 moriendi,
470 2339 516 2372 qui
531 2340 569 2364 est
587 2337 703 2369 defectus
718 2337 860 2369 generalis.

417 2414 461 2437 Ille
474 2413 551 2437 oritur
563 2412 670 2443 quaestio
680 2430 686 2442 ,
699 2415 747 2435 ete.

237 2473 353 2512 Sponte
376 2480 501 2502 necesse
528 2471 589 2510 pati
611 2470 670 2500 sibi
695 2469 835 2499 Chri5tus
857 2477 966 2499 conso-

277 2526 384 2563 ciavit,

198 2580 340 2616 Quatuor
358 2588 398 2609 ex
417 2578 546 2609 statibus
565 2576 683 2616 aliquid
702 2576 760 2606 sibi
775 2574 965 2606 conciliavit.

231 2660 259 2685 (a)
275 2658 325 2681 Cant
347 2658 407 2682 edit.
423 2658 540 2681 licuisset.
551 2669 581 2673 -
597 2655 627 2685 (ὁ)
643 2657 701 2680 Caet.
722 2655 780 2678 eslii.
798 2656 853 2678 Nou
873 2661 906 2677 1111
922 2653 967 2677 sed

199 2701 269 2717 luero
284 2693 433 2717 meritorum
450 2700 546 2723 proque
562 2693 646 2715 ruis-se.

702 213 934 245 SENTENTIAE
957 213 1278 246 stcN'rEN'IIARUM.

1237 334 1452 366 DISTINCTIO
1477 333 1568 365 XVII.

1019 410 1049 438 Si
1064 412 1146 437 omnis
1162 410 1266 437 Christi
1282 412 1384 442 oratio,
1404 411 1445 437 vel
1459 411 1600 444 voluntas,
1616 411 1727 445 impleta
1740 410 1788 438 sit.

1128 491 1185 514 Post
1202 490 1323 521 praedicta
1338 490 1493 514 considerari
1508 492 1617 521 oportet,
1634 493 1682 514 etc.

1061 548 1095 578 ln
1111 548 1233 578 Christo
1249 550 1362 578 natura
1376 548 1492 588 duplex
1511 549 1537 578 si
1553 548 1749 585 discutIatur,

1020 600 1066 631 Ex
1082 601 1139 631 hoe
1161 601 1240 631 velle
1255 601 1371 640 duplex
1389 601 1421 630 in
1437 601 1559 632 Christo
1581 601 1790 640 significatur,

1022 654 1220 694 Diversisque
1236 654 1337 685 modis
1355 654 1484 685 volitum
1501 655 1741 686 diversificatur.

1234 765 1452 797 DISTINCTIO
1474 765 1580 797 XVIII.

1040 842 1071 868 Si
1087 841 1212 869 Christus
1227 842 1353 868 memet-it
1368 842 1422 868 sibi
1437 844 1460 868 et
1474 842 1548 868 nobis
1564 850 1570 868 z
1592 843 1617 868 et
1630 841 1696 876 quid
1708 841 1775 874 sibi,

1304 889 1329 913 et
1344 886 1411 921 quid
1425 887 1507 913 nobis.

1070 968 1105 991 De
1117 967 1208 991 merito
1220 967 1295 991 etiam
1310 967 1403 992 Christi
1417 966 1663 997 praeterniittendum
1677 984 1682 995 ,
1698 969 1747 991 etc.

1063 1029 1159 1060 Morte
1181 1030 1240 1059 sihi
1263 1029 1391 1069 quidam
1413 1029 1571 1060 Christum
1595 1029 1703 1060 dieunt
1725 1038 1793 1059 me-

1102 1083 1218 1120 ruisse,

1021 1136 1091 1166 Non
1099 1137 1143 1174 vi,
1151 1136 1203 1166 sed
1213 1144 1346 1166 numero
1355 1136 1543 1166 meritorum
1553 1136 1736 1175 proficuisse
1743 1136 1792 1176 (b).

1021 1189 1090 1220 Non
1106 1192 1151 1219 est
1166 1189 1236 1228 plus
1249 1189 1357 1218 anima
1373 1189 1486 1220 Christi
1500 1189 1631 1219 dicenda
1645 1189 1736 1220 beata

1022 1242 1095 1273 Post
1116 1244 1265 1279 mortem;
1288 1241 1339 1272 sed
1365 1242 1398 1272 in
1416 1241 1476 1272 hoe
1499 1242 1584 1282 quod
1604 1250 1666 1272 non
1685 1242 1796 1274 tolerat

1103 1293 1245 1324 tolerata.

1024 1349 1142 1379 Dicitur
1156 1357 1223 1378 esse
1237 1347 1347 1378 datum
1360 1356 1477 1378 nomen
1492 1357 1588 1387 super
1601 1357 1696 1379 omne
1707 1348 1793 1379 leva-

1102 1404 1169 1432 tum

1023 1455 1144 1486 Christo
1162 1464 1217 1494 per
1232 1456 1384 1493 mortem7
1407 1454 1482 1493 quia
1502 1456 1576 1484 tunc
1590 1457 1636 1485 est
1654 1455 1796 1485 notifica-

1103 1511 1183 1539 tum.

1023 1562 1091 1593 Non
1106 1564 1220 1592 natura
1236 1561 1319 1592 dedit
1335 1560 1466 1598 Christo,
1483 1560 1537 1591 sed
1553 1561 1657 1599 gratia
1672 1569 1745 1591 vere

1024 1615 1113 1652 Quod
1129 1623 1245 1645 nomen
1263 1613 1398 1644 sublime
1412 1613 1464 1643 Dei
1481 1613 1633 1652 potuisset
1646 1613 1773 1644 habere.

1025 1667 1092 1707 Ipse
1107 1667 1165 1697 sibi
1183 1667 1299 1697 meruit
1309 1691 1316 1704 ,
1333 1666 1454 1696 etiamsi
1469 1675 1532 1696 non
1547 1668 1718 1706 pateretur.

1025 1720 1157 1750 Mortem
1173 1720 1338 1757 sustinuit,
1353 1722 1390 1750 ut
1404 1719 1494 1749 nobis
1509 1719 1574 1749 vita
1587 1719 1727 1749 daretur.

1024 1773 1214 1813 Quanquam
1229 1782 1284 1803 nos
1295 1772 1386 1802 aliter
1399 1772 1522 1802 salvare
1533 1771 1614 1802 Deus
1626 1771 1794 1811 potuisset:

1025 1826 1084 1857 Per
1108 1826 1267 1857 Christum
1292 1825 1415 1863 decuit,
1441 1827 1477 1856 ut
1503 1835 1640 1864 regnum
1667 1825 1711 1855 sic
1739 1834 1797 1865 pa-

1104 1879 1224 1910 tuisset.

1251 1980 1470 2012 DISTINCTIO
1492 1980 1568 2011 XIX.

1026 2063 1076 2089 Hic
1091 2063 1218 2096 quoeri'tzir
1232 2063 1348 2096 qualiter
1368 2070 1385 2088 α
1406 2062 1526 2095 diabolo,
1544 2065 1566 2089 et
1589 2071 1605 2089 a
1625 2064 1730 2097 peccato
1749 2070 1795 2090 nos

1261 2106 1372 2132 redemit
1383 2114 1433 2140 per
1446 2109 1566 2133 mortem.

1057 2191 1127 2214 Nune
1144 2197 1205 2222 ergo
1218 2197 1371 2221 quaeramu5‚
1385 2197 1435 2221 quo
1446 2190 1523 2214 modo
1532 2197 1578 2221 per
1588 2192 1706 2219 mortem,
1716 2192 1763 2214 etc.

1065 2253 1124 2284 Per
1146 2256 1280 2284 mortem
1301 2253 1429 2290 Christi,
1451 2253 1589 2284 mundus
1608 2255 1683 2283 tunc
1700 2253 1795 2292 justi-

1105 2308 1228 2345 fleatur,

1027 2360 1113 2390 Intus
1128 2360 1204 2390 dum
1222 2368 1276 2399 per
1291 2369 1360 2389 eam
1378 2359 1500 2390 dilectio
1515 2358 1755 2398 multipIIcatur,

1025 2413 1128 2452 Atque
1147 2413 1241 2443 fidem
1257 2412 1368 2442 mortis
1383 2413 1452 2451 ejus
1468 2412 1597 2442 credens
1615 2412 1795 2442 meditatur.

1026 2465 1138 2496 Factus
1161 2466 1257 2496 homo
1282 2466 1433 2503 moritur,
1458 2468 1494 2495 ut
1515 2465 1611 2496 homo
1635 2465 1672 2496 de
1695 2467 1797 2495 morte

1105 2519 1259 2549 trahatur.

1028 2571 1076 2602 Nil
1091 2572 1205 2602 debens
1221 2571 1365 2609 moritur,
1383 2573 1420 2601 ut
1435 2570 1557 2601 debitor
1571 2571 1735 2610 eripiatur.

1027 2626 1112 2664 Ergo
1127 2627 1226 2664 patet,
1249 2624 1333 2663 quod
1349 2624 1444 2654 homo
1460 2632 1515 2662 per
1529 2632 1602 2653 eum
1614 2625 1699 2663 ι10510
1714 2623 1795 2654 redi-

1104 2680 1218 2708 matur.
