1991 3006
64 1005 124 1039 9001.

29 2222 126 2250 Exempl.

592 243 686 275 DlST.
709 243 772 276 n.
797 241 910 274 PART.
936 241 959 272 Ι.
981 243 1070 274 ART.
1096 245 1117 275 1.
1139 245 1288 283 QUAEST.
1312 249 1350 279 ΙΙ.
1715 258 1749 287 61

164 310 220 350 qui
229 310 301 350 plus
315 309 468 341 desiderat
477 318 666 349 supremum
679 311 812 347 bonum,
827 308 930 348 magis

163 362 206 392 ibi
221 363 402 394 delectatur.
420 361 456 392 In
470 362 530 393 hoc
545 363 632 393 enim
647 363 796 393 dissimile
814 365 861 393 est
873 362 927 392 de-

163 415 316 446 siderium
329 415 552 454 temporalium
567 419 597 446 et
617 416 830 456 corporalium
843 425 862 446 a
875 415 929 446 de-

161 467 275 498 siderio
289 468 513 507 spiritualium,
528 471 562 500 ut
574 470 709 500 ostendit
724 469 925 508 Augustinus

160 521 194 551 in
214 520 295 551 libro
315 521 484 552 LXXXIII
506 522 618 557 Qnoest.
645 522 683 553 Et
709 522 787 553 illud
810 522 925 552 verita-

159 575 224 604 tem
237 573 332 604 habet
350 574 489 605 maxime
510 584 583 605 cum
602 575 684 606 Deus
702 575 858 605 inhabitat
871 583 928 614 per

159 626 343 657 charitatem
356 627 390 657 in
399 628 516 657 anima.
529 627 711 658 Secundum
725 629 820 658 etiam
834 628 927 658 istam

158 679 312 710 rationem
327 689 420 719 poena
432 680 534 719 lymbi
547 681 687 711 maxima
701 682 793 718 esset,
810 682 839 711 et
853 679 927 710 tuis-

157 736 203 764 set
217 735 357 764 maxima
372 735 402 764 in
420 735 534 765 sanctis
548 736 700 774 patribus,
717 736 772 766 ubi
787 736 926 766 creditur

157 787 253 818 fuisse
268 788 393 827 requies
408 788 497 819 facta.
515 788 552 819 Et
567 789 626 819 ista
638 789 733 819 etiam
748 789 829 820 ratio
844 788 926 819 nihil

156 840 196 871 ad
211 842 407 880 propositum
420 842 504 879 facit,
523 842 550 872 si
564 842 635 882 quis
644 842 799 882 inspiciat,
816 851 873 882 pro
888 851 925 873 eo

156 894 239 933 quod
256 892 361 924 Sancti
376 903 441 925 non
455 894 493 925 de
507 895 646 926 carentia
658 895 836 935 loquuntur
845 919 854 932 ‚
870 896 925 926 sed

155 947 193 978 de
216 957 310 987 poena
331 948 496 986 afflictiva,
520 949 600 979 sicut
620 949 657 979 de
682 949 775 988 igne,
798 948 864 979 sive
887 949 925 979 de

155 1000 285 1030 flamma
312 1000 508 1040 purgatoria.
542 1001 614 1031 ldeo
647 1001 813 1032 dicendum
841 1001 925 1041 quod

157 1053 234 1083 ratio
252 1053 351 1093 hujus
371 1054 510 1084 sumitur
533 1063 573 1084 ex
594 1054 701 1084 divina
719 1054 864 1093 justitia:
895 1056 925 1084 et

155 1106 214 1137 ista
229 1109 274 1137 est
288 1107 368 1137 ratio
383 1108 467 1137 recta
479 1131 486 1144 ‚
512 1107 587 1146 quia
602 1107 685 1145 quod
699 1107 785 1145 ignis
801 1109 878 1145 agat
892 1107 923 1137 in

154 1159 294 1190 animam
305 1183 313 1196 ,
330 1161 365 1190 ut
388 1160 470 1190 infra
492 1160 500 1175 ¹
526 1159 700 1195 videbitur,
717 1168 782 1189 non
803 1161 924 1190 051113-

155 1214 246 1250 turae,
263 1213 315 1243 sed
328 1213 459 1252 justitiae
473 1221 480 1242 z
494 1214 525 1243 et
539 1212 608 1243 ideo
622 1212 706 1251 quod
719 1212 824 1251 magis
835 1215 922 1251 agat,

153 1265 269 1295 divinae
279 1265 411 1304 justitiae
431 1267 478 1295 est
498 1265 747 1295 attribuendum.
766 1264 923 1301 Quoniam

153 1327 233 1356 ergo
254 1317 336 1348 Deus
352 1319 458 1357 justus
480 1326 607 1357 poenam
625 1326 689 1347 11011
713 1319 853 1356 acceptat
873 1326 924 1347 se—

153 1371 294 1401 cundum
313 1371 396 1411 quod
414 1370 560 1410 punitiva
575 1372 699 1400 tantum
710 1393 720 1407 ,
737 1369 791 1400 sed
809 1379 921 1400 secun-

153 1423 229 1454 dum
244 1423 328 1463 quod
344 1422 414 1462 plus
428 1425 474 1453 est
490 1423 522 1452 in
539 1431 576 1452 ea
597 1422 677 1452 ratio
692 1422 812 1453 ordinis
828 1423 920 1459 recti;

151 1476 326 1506 secundum
348 1475 407 1506 1100
431 1475 675 1514 intelligendum
691 1477 757 1513 est,
775 1476 861 1515 quod
876 1478 921 1506 est

152 1537 245 1568 poena
258 1530 437 1567 assumpta,
454 1533 484 1558 et
506 1537 599 1567 poena
622 1527 751 1558 inflicta.
771 1527 806 1558 In
827 1537 922 1567 poena

151 1583 312 1621 assumpta
330 1590 395 1611 non
417 1583 542 1611 tantum
559 1581 659 1620 placet
686 1581 745 1611 Deo
765 1581 921 1612 ordinatio

151 1642 253 1673 poenae
267 1634 305 1664 ad
324 1633 466 1673 eulpam,
485 1633 539 1664 sed
558 1636 587 1663 et
609 1634 703 1670 ordo,
721 1636 751 1663 et
765 1634 920 1665 rectitudo

150 1695 223 1726 quae
250 1689 296 1717 est
321 1686 355 1716 in
382 1686 545 1716 voluntate
569 1689 750 1716 assumente
773 1698 779 1716 ι
806 1687 860 1717 sed
888 1687 918 1717 in

149 1748 242 1779 poena
256 1740 372 1770 inflicta
389 1739 488 1778 placet
500 1739 654 1770 ordinatio
676 1749 778 1779 poenae
797 1740 836 1770 ad
851 1740 918 1770 cul-

149 1801 233 1832 pam.
250 1792 404 1829 Quoniam
424 1792 525 1831 igitur
539 1802 632 1832 poena
648 1793 868 1832 poenitentium
884 1793 917 1823 in

150 1846 295 1885 praesenti
310 1845 381 1885 plus
403 1848 447 1876 est
471 1848 651 1884 assumpta,
670 1854 763 1884 poena
778 1846 918 1876 morien-

150 1899 230 1930 tium
244 1902 290 1930 est
304 1900 423 1929 inflicta
439 1899 472 1929 in
487 1899 691 1938 purgatorio,
710 1908 767 1938 pro
782 1908 818 1930 eo
833 1900 918 1939 quod

147 1953 216 1991 jam
232 1961 296 1983 non
310 1955 356 1983 est
371 1955 494 1991 tempus
510 1952 639 1990 agendi,
657 1952 711 1982 sed
725 1952 915 1991 recipiendi:

151 2005 220 2036 ideo
233 2005 354 2036 modica
365 2013 458 2044 poena
469 2004 500 2034 in
512 2004 658 2043 praesenti
668 2004 740 2044 plus
755 2005 914 2043 satisfacit,

150 2060 179 2089 et
194 2059 296 2098 magis
311 2061 358 2089 est
380 2058 417 2089 de
432 2067 469 2088 ea
492 2060 637 2088 contenta
655 2057 764 2088 divina
780 2058 914 2097 Justitia‚

148 2120 245 2151 quam
269 2111 306 2141 de
327 2119 444 2149 magna
468 2110 501 2140 in
523 2110 639 2140 futuro.
667 2109 705 2140 Et
728 2109 798 2140 ideo
825 2111 915 2150 quasi

147 2163 499 2204 improportionabiliter
522 2164 675 2202 maiorem
691 2163 810 2202 exigit,
832 2166 867 2194 ut
887 2163 915 2193 ei

146 2217 286 2247 satisfiat.
305 2216 494 2255 Exemplum
511 2218 618 2246 autem
636 2217 736 2254 potest
755 2216 865 2246 haberi
882 2216 914 2246 in

146 2270 212 2300 istis
227 2270 442 2301 materialibus
452 2269 562 2299 debitis
575 2278 581 2298 :
598 2268 733 2299 creditor
744 2269 827 2299 enim
843 2269 914 2308 plus

144 2325 281 2362 acceptat
295 2331 434 2352 marcam
449 2321 536 2359 auri,
553 2330 651 2360 quam
669 2321 776 2351 decem
791 2330 913 2351 marcas

144 2375 291 2414 argenti;
314 2377 345 2405 et
370 2383 464 2415 poena
490 2383 629 2413 praesens
657 2374 701 2403 illi
731 2376 913 2413 comparata

145 2428 244 2459 multo
259 2428 422 2468 pretiosior
437 2430 483 2458 est
498 2427 530 2457 in
545 2429 714 2466 conspectu
726 2427 798 2464 Dei,
814 2436 911 2466 quam

144 2481 183 2511 sit
201 2490 316 2512 aurum
337 2484 469 2520 argento
491 2480 523 2510 in
540 2482 709 2519 conspectu
728 2480 909 2510 hominum.

178 2544 184 2557 ¹
198 2543 258 2566 Uist.
274 2549 328 2571 xm,
344 2550 368 2572 p.
387 2548 402 2572 1,
419 2546 466 2565 ari.
482 2544 505 2564 *2⁴
521 2548 544 2572 q.
562 2546 576 2564 1.
589 2554 618 2558 -
634 2542 643 2556 Ξ
655 2541 714 2565 nist.
732 2548 755 2565 L.

986 309 1198 343 Concedendae
1221 322 1301 352 ergo
1323 317 1398 345 sunt
1423 316 1560 348 rationes
1585 320 1753 358 probantes

986 371 1111 401 poenam
1125 365 1213 395 illam
1228 367 1410 404 graviorem
1425 379 1502 401 esse.

1025 418 1053 445 1.
1086 417 1134 448 Ad
1159 418 1235 449 illud
1260 428 1340 458 ergo
1367 422 1452 460 quod
1476 423 1643 464 objicitur,
1669 427 1753 466 quod

984 471 1089 499 reatus
1105 479 1170 500 non
1185 473 1339 510 augetur,
1356 473 1525 506 dicendum
1539 478 1624 517 quod
1638 488 1752 511 verum

985 523 1046 557 est;
1076 522 1131 552 sed
1158 525 1262 554 reatus
1288 534 1392 564 poenae
1418 528 1532 559 melius
1556 530 1689 562 solvitur
1714 532 1753 563 de

985 573 1106 605 modica
1121 584 1215 614 poena
1225 576 1402 609 voluntarie
1415 584 1589 621 assumpta,
1603 592 1700 622 quam
1714 585 1753 616 de

984 635 1103 665 magna
1119 628 1248 659 inflicta.

1023 681 1052 710 Ξ.
1075 681 1123 711 Ad
1143 681 1220 712 illud
1240 683 1326 722 quod
1347 683 1511 724 objicitur,
1534 688 1619 726 quod
1634 692 1751 728 quanto

983 732 1086 771 magis
1105 736 1151 764 est
1171 735 1336 774 passibile,
1358 738 1463 777 magis
1484 740 1620 778 patitur,
1645 742 1749 774 dicen-

982 786 1059 818 dum
1073 789 1158 827 quod
1177 789 1255 820 illud
1273 794 1320 822 est
1341 801 1454 823 verum
1467 794 1588 824 caeteris
1602 796 1748 835 paribus:

982 840 1035 871 sed
1046 841 1153 872 divina
1170 843 1285 882 virtus,
1303 846 1395 884 cujus
1409 848 1455 876 est
1470 846 1521 877 ille
1536 847 1621 886 ignis
1636 848 1751 881 instru-

982 895 1147 933 mentum,
1171 896 1295 927 ordinat
1319 899 1355 927 111
1383 899 1495 937 puniat
1522 901 1666 938 gravius.
1696 903 1751 934 Vel

981 945 1150 977 dicendum
1168 949 1252 988 quod
1273 958 1368 989 pcena
1386 960 1452 982 non
1466 952 1630 991 judicatur
1650 957 1751 995 major

981 1001 1011 1029 et
1036 1000 1141 1031 minor
1167 1003 1342 1034 secundum
1368 1004 1552 1044 laesionem,
1583 1009 1650 1039 sive
1678 1019 1748 1049 pas-

981 1051 1122 1090 sionem,
1149 1054 1203 1084 sed
1227 1056 1402 1087 secundum
1422 1067 1550 1090 sensum
1574 1061 1747 1100 passionis,

981 1107 1075 1144 prout
1111 1115 1223 1138 sensus
1254 1109 1374 1149 refugit
1410 1111 1497 1142 illam
1534 1122 1673 1153 poenam.
1712 1115 1750 1146 Et

980 1159 1132 1198 quoniam
1159 1161 1308 1200 spiritus,
1335 1164 1407 1195 licet
1427 1165 1533 1197 minus
1556 1167 1689 1198 laedatur
1710 1169 1749 1199 ab

980 1212 1077 1251 igne,
1112 1223 1209 1253 quam
1246 1225 1376 1256 corpus,
1415 1219 1607 1251 vivaciorem
1642 1223 1749 1252 tamen

980 1265 1075 1296 habet
1101 1268 1166 1298 vim
1189 1269 1342 1300 sentiendi
1367 1272 1562 1311 passionem;
1580 1276 1610 1304 et
1633 1275 1748 1306 iterum

980 1319 1118 1350 maxime
1136 1321 1273 1360 refugit,
1298 1323 1373 1362 quia
1392 1324 1453 1355 hoc
1472 1328 1580 1356 contra
1599 1329 1747 1358 naturam

978 1380 1069 1401 suam
1091 1376 1150 1410 est,
1179 1384 1241 1404 non
1263 1376 1306 1405 sic
1328 1379 1438 1407 contra
1463 1381 1610 1410 naturam
1633 1390 1747 1421 corpo-

978 1424 1040 1454 ris:
1067 1425 1106 1463 (a)
1132 1426 1212 1463 ideo,
1243 1429 1390 1466 quamvis
1416 1429 1522 1460 minus
1551 1432 1698 1471 patiatur,
1717 1437 1747 1464 et

978 1477 1084 1508 minus
1114 1478 1269 1518 laedatur,
1302 1482 1445 1520 passione
1475 1486 1583 1515 tamen
1610 1487 1746 1517 naturali

977 1531 1080 1570 magis
1102 1532 1251 1571 punitur,
1269 1536 1299 1564 et
1321 1535 1424 1574 magis
1442 1536 1545 1568 dolet:
1564 1540 1594 1568 et
1615 1547 1672 1578 per
1686 1539 1747 1571 hoc

975 1586 1058 1622 patet
1073 1586 1235 1624 responsio
1250 1586 1288 1617 ad
1303 1587 1366 1618 duo
1383 1589 1506 1620 ultima.

1016 1638 1044 1667 3.
1067 1636 1155 1674 Quod
1180 1639 1264 1669 enim
1288 1639 1378 1677 dicit,
1406 1642 1492 1681 quod
1521 1644 1626 1682 magis
1655 1646 1747 1684 punit

975 1689 1061 1728 quod
1080 1689 1184 1729 abjicit
1203 1693 1232 1721 et
1254 1693 1461 1732 transmutat,
1478 1686 1746 1737 dicendum’quod

974 1741 1088 1772 falsum
1101 1746 1164 1781 est,
1182 1745 1257 1783 quia
1271 1745 1356 1784 ignis
1370 1747 1531 1778 infernalis
1545 1772 1552 1786 ‚
1567 1750 1622 1789 qui
1636 1751 1700 1781 urit
1715 1753 1745 1782 et

974 1801 1038 1823 non
1059 1795 1238 1833 consumit,
1266 1797 1399 1835 gravius
1427 1799 1542 1837 punit,
1565 1809 1662 1839 quam
1687 1801 1743 1832 iste

974 1845 1055 1876 alius
1069 1847 1166 1885 ignis,
1183 1849 1238 1887 qui
1254 1852 1427 1890 utrumque
1441 1851 1523 1882 facit.

1014 1901 1043 1929 4.
1073 1899 1225 1931 Similiter
1249 1902 1285 1932 de
1309 1903 1393 1941 alio,
1418 1905 1502 1943 quod
1525 1907 1629 1946 magis
1652 1909 1743 1947 punit

973 1952 1059 1990 quod
1074 1953 1154 1990 unit,
1173 1953 1342 1985 dicendum
1362 1957 1444 1995 quod
1460 1957 1573 1988 falsum
1588 1961 1649 1997 est,
1666 1961 1742 1999 quia

973 2005 1075 2043 maj0r
1096 2014 1189 2044 poena
1210 2009 1255 2037 est
1269 2007 1433 2039 brachium
1449 2012 1624 2048 conterere,
1644 2021 1741 2051 quam

971 2055 1066 2085 etiam
1083 2059 1248 2096 amputare
1259 2082 1267 2096 ‚
1289 2059 1363 2098 quia
1376 2064 1518 2091 remanet
1531 2060 1573 2091 ibi
1586 2071 1697 2093 sensus
1711 2067 1742 2094 et

971 2107 1060 2138 dolor
1075 2110 1254 2141 continuus.
1273 2112 1323 2142 Sic
1337 2115 1367 2142 et
1385 2113 1417 2143 in
1431 2115 1538 2145 anima
1548 2138 1556 2151 ,
1572 2124 1645 2155 quae
1658 2125 1740 2148 nun-

970 2169 1067 2199 qnam
1091 2162 1225 2200 dormit,
1250 2173 1374 2204 semper
1398 2169 1444 2196 est
1469 2168 1599 2198 actualis
1627 2178 1738 2201 sensus

970 2214 1094 2252 nocivi,
1119 2217 1150 2245 et
1175 2216 1357 2248 dissensus:
1386 2218 1429 2249 ita
1453 2220 1534 2259 quod
1564 2223 1738 2262 utrumque

969 2263 1075 2303 viget,
1093 2268 1123 2295 et
1142 2269 1253 2297 neuter
1273 2267 1441 2307 minuitur,
1459 2273 1614 2309 quantum
1635 2275 1737 2304 estex

969 2320 1054 2356 parte
1075 2318 1223 2357 spiritus:
1247 2322 1277 2350 et
1297 2320 1348 2351 ille
1370 2321 1458 2352 dolor
1475 2325 1522 2353 est
1541 2324 1685 2356 intensus
1706 2328 1737 2356 et

967 2371 1154 2409 continuus,
1178 2381 1215 2402 30
1238 2382 1295 2412 per
1320 2373 1378 2404 hoc
1406 2375 1546 2413 gravior.
1573 2377 1735 2415 Quomodo

967 2425 1073 2454 autem
1087 2434 1201 2464 corpus
1214 2428 1291 2464 agat
1310 2426 1344 2457 in
1363 2427 1525 2467 spiritum,
1543 2430 1576 2460 in
1590 2440 1648 2461 suo
1666 2431 1734 2462 1000

966 2475 1087 2507 dicetur
1095 2479 1117 2515 ²,
1129 2486 1202 2508 cum
1215 2481 1331 2517 agetur
1345 2480 1382 2510 de
1398 2481 1499 2520 poenis
1513 2482 1731 2515 infernalibus.

999 2537 1030 2567 (ιι)
1047 2539 1107 2561 Coet.
1119 2539 1179 2562 edit.
1195 2542 1227 2563 ei.
