1991 3006
63 786 165 807 Fundam,

178 174 237 203 290

179 237 273 268 uxori
291 235 386 266 etiam
405 230 581 267 fornicanti,
605 229 681 269 quia
699 237 763 259 non
784 228 856 258 lieet
877 227 947 257 viro

178 288 342 326 fornicari,
369 288 434 318 esto
457 284 542 325 quod
563 292 646 314 uxor
670 282 866 313 fornicetur:
894 279 948 310 sed

179 351 306 373 servare
336 340 431 370 tidem
456 340 503 369 est
530 336 671 368 debitum
699 334 828 366 reddere
859 344 866 364 :
894 342 947 363 er-

180 405 234 435 go,
251 397 309 425 etc.

219 450 248 478 3.
267 447 345 478 ltem
357 454 422 476 non
437 443 596 475 fornicans
610 443 711 482 potest
726 442 830 480 petere
845 450 850 468 :
869 447 948 477 ergo

179 501 336 532 fornicans
359 500 484 530 tenetur
503 496 633 527 reddere
654 506 661 526 ι
688 503 766 533 ergo
790 492 885 522 habet
897 492 949 531 jus

180 553 304 593 petendi
322 564 328 583 :
347 552 401 582 sed
426 550 590 581 vinculum
612 547 783 588 conjugale
810 548 856 576 est
878 554 950 575 mu-

180 610 272 638 tuum
289 618 295 637 z
311 615 388 645 ergo
399 607 534 644 uterque
544 603 639 633 habet
646 603 699 641 jus
711 599 834 641 petendi
851 610 856 628 :
875 607 951 637 ergo

181 660 207 690 si
228 660 386 691 fornicans
404 658 501 689 habet
519 658 574 697 jus
599 655 735 696 petendi,
757 655 883 692 justum
906 653 952 682 est

181 713 265 753 quod
283 713 362 744 alter
381 711 492 742 reddat
508 722 515 741 :
532 718 610 749 ergo
625 711 752 739 tenetur
767 705 908 736 reddere.

221 767 336 798 Contra
360 777 366 796 :
394 765 496 796 Potest
517 763 675 794 dimittere
698 768 834 792 uxorem
858 767 952 789 eausa

180 819 394 851 fornicationis
411 830 417 848 ;
433 826 512 857 ergo
521 826 585 847 non
600 817 725 846 tenetur
735 813 878 845 debitum
892 811 951 842 sol-

181 882 267 905 vere.

223 927 311 963 Item,
331 926 355 955 si
378 923 493 955 mulier
514 922 699 962 procuraret
714 919 881 956 abortum,
902 918 953 950 vir

182 989 246 1011 non
261 979 397 1013 deberet,
414 986 471 1007 nee
493 977 653 1006 teneretur
672 974 700 1004 ei
724 972 866 1003 debitum
881 971 954 1002 red-

182 1034 267 1071 dere,
291 1032 366 1072 quia
384 1030 453 1070 agit
473 1031 581 1060 contra
604 1028 726 1058 bonum
748 1026 844 1066 prolis
866 1036 872 1055 :
899 1025 953 1055 sed

182 1087 341 1118 fornicans
353 1085 418 1124 agit
428 1086 537 1115 contra
551 1083 672 1113 bonum
683 1080 754 1111 fidei
771 1089 779 1110 ε
797 1088 875 1118 ergo
889 1087 952 1109 non

182 1142 320 1171 tenetur.

222 1193 300 1223 Item
314 1193 470 1231 conjuges
484 1190 523 1220 ad
538 1189 626 1228 paria
643 1187 829 1226 judicantur
853 1193 954 1224 quan-

184 1250 254 1278 tum
273 1246 312 1276 ad
335 1248 442 1275 torum
461 1254 468 1273 ·.
494 1251 574 1281 ergo
591 1240 674 1281 quod
696 1248 760 1270 non
780 1238 854 1268 facit
871 1246 956 1267 unns

183 1300 285 1336 alteri,
298 1299 348 1330 vel
359 1307 424 1328 non
433 1297 503 1328 vult
516 1297 628 1332 facere,
639 1302 697 1324 nee
707 1293 809 1332 potest
824 1293 928 1331 petere
947 1301 953 1320 ε

184 1354 237 1384 sed
257 1363 297 1384 ex
318 1351 481 1392 supposito
501 1349 617 1380 mulier
635 1348 673 1387 (a)
691 1346 787 1377 fidem
805 1354 870 1375 non
893 1353 957 1374 ser-

184 1410 237 1439 vat
253 1419 260 1437 :
273 1415 353 1446 ergo
363 1415 420 1436 nee
432 1405 535 1445 potest
550 1411 663 1441 cogere
678 1401 798 1437 virum,
810 1401 847 1430 ut
862 1398 957 1429 fidem

184 1463 288 1492 servet
305 1472 311 1491 z
331 1469 410 1499 ergo
423 1468 482 1490 nee
498 1459 534 1488 ut
551 1456 693 1488 debitum
710 1454 822 1485 solvat.

459 1554 686 1589 CONCLUSIO.

186 1633 246 1660 Non
255 1634 357 1659 tenetur
368 1631 467 1665 aliquis
483 1629 631 1662 fornicanti
644 1626 753 1653 reddere
767 1624 885 1651 debitum
893 1631 901 1655 ,·
913 1622 959 1649 sed

221 1677 245 1703 si
253 1677 322 1703 alter
328 1677 361 1702 sit
368 1674 480 1709 ejusdem
490 1673 611 1700 criminis
620 1679 677 1698 reus
688 1670 720 1705 (b)
727 1691 733 1702 ,
743 1668 899 1696 alteralteri
908 1675 960 1693 non

219 1722 307 1756 potest
322 1720 447 1754 0l1jicere3
463 1720 488 1745 si
511 1720 597 1744 tamen
616 1717 738 1742 innocens
758 1715 852 1748 petat,
866 1713 959 1747 privat

223 1772 250 1791 se
264 1765 388 1791 libertate
403 1763 465 1789 illa.

228 1835 321 1874 Resp.
339 1834 378 1864 ad
392 1842 464 1872 arg.
482 1831 651 1862 Dicendum
670 1829 755 1870 quod
769 1828 795 1858 si
810 1826 888 1858 alter
902 1826 961 1856 for-

188 1889 322 1925 nicatur,
339 1890 369 1917 et
392 1887 452 1917 hoe
471 1887 573 1926 potest
587 1884 665 1914 alter
686 1882 765 1913 seire
787 1889 842 1920 per
867 1879 962 1918 signa

189 1940 363 1982 probabilia
387 1942 417 1970 et
434 1948 491 1979 per
513 1939 711 1978 conjecturas
731 1937 871 1975 apertas,
897 1941 962 1963 non

189 1997 315 2025 tenetur
324 1994 457 2032 solvere,
468 2001 526 2023 nee
535 1992 574 2022 ab
584 1990 720 2021 Ecclesia
727 1991 773 2019 est
786 1987 960 2026 cogendus,

190 2050 215 2079 si
238 2051 339 2088 potest
366 2047 441 2077 illud
464 2046 598 2086 probare
620 2056 626 2074 t
647 2044 673 2073 si
693 2046 800 2073 tamen
818 2042 895 2080 ipse,
912 2040 962 2070 vel

191 2103 270 2142 ipsa,
282 2110 346 2131 non
362 2100 401 2130 sit
416 2099 559 2139 ejusdem
574 2097 717 2128 criminis
729 2104 802 2126 reus
816 2094 850 2133 (bt
864 2105 869 2130 ;
888 2094 963 2133 quia

191 2156 217 2185 si
227 2157 301 2185 sunt
315 2155 349 2184 in
360 2154 471 2184 eodem
483 2151 627 2188 erimine,
641 2158 704 2179 non
718 2150 819 2188 potest
828 2148 906 2178 alter
917 2146 962 2177 al-

191 2208 250 2239 teri
265 2208 412 2247 objicere,
426 2206 510 2246 quod
525 2205 621 2235 habet
640 2204 672 2233 in
688 2212 731 2233 se.
749 2201 780 2232 Si
796 2204 903 2232 tamen
918 2201 964 2231 in-

192 2271 306 2293 nocens
320 2262 405 2301 petat
419 2259 571 2295 debitum,
589 2257 694 2297 privat
709 2265 741 2285 se
756 2255 909 2293 libertate,
933 2256 963 2285 et

193 2325 232 2346 ex
248 2315 309 2345 hoe
326 2314 447 2352 obligat
462 2322 494 2343 se
510 2312 548 2342 ad
564 2310 760 2341 reddendum
771 2333 780 2347 ,
796 2308 871 2349 quia
885 2308 963 2339 dum

192 2367 262 2398 vult
282 2366 423 2397 debitum
441 2365 500 2395 sibi
516 2364 603 2394 reddi
618 2373 637 2393 a
651 2363 836 2400 fornicante,
853 2364 882 2392 et
897 2362 963 2402 ipse

193 2430 226 2451 se
250 2420 351 2451 eidem
375 2418 508 2457 obligat.
533 2416 743 2448 Concedendae
766 2416 841 2445 sunt
861 2414 964 2453 igitur

192 2475 331 2505 rationes
354 2472 540 2512 probantes,
561 2470 646 2510 quod
667 2469 798 2500 reddere
822 2468 963 2498 debitum

193 2526 361 2558 fornicanti
374 2535 440 2557 non
454 2527 589 2555 tenetur.

235 2584 263 2610 rl.
280 2580 327 2610 Ad
341 2579 420 2610 illud
439 2577 524 2618 quod
540 2576 699 2616 objicitur,
716 2574 802 2615 quod
817 2576 963 2605 tenentur

226 2645 257 2673 (a)
274 2642 335 2666 Caet.
350 2641 408 2666 edit.
424 2640 469 2664 sed
488 2639 508 2663 si
527 2639 626 2663 mulier.
637 2651 666 2656 —-
681 2638 712 2668 (b)
733 2637 803 2662 deest
819 2644 885 2660 rens.

734 158 1043 192 SENTENTIARUM
1066 158 1138 190 LlB.
1164 158 1212 190 Ν.

1002 226 1106 264 ambo,
1125 226 1150 256 si
1164 225 1258 256 ambo
1274 228 1410 265 peccent,
1424 226 1592 257 dicendum
1613 227 1697 266 quod
1715 236 1771 258 ve-

1003 289 1076 311 rum
1098 282 1153 310 est.
1183 278 1271 309 Ratio
1295 278 1394 318 hujus
1415 281 1471 317 est,
1495 280 1571 319 quia
1594 282 1706 310 neuter
1728 282 1776 311 est

1004 336 1079 364 tune
1098 342 1193 373 super
1215 332 1362 363 alterum.
1388 333 1448 363 Sed
1475 342 1549 363 euni
1569 333 1683 372 aliquis
1705 333 1777 364 facit

1003 389 1112 418 eontra
1127 388 1246 418 bonum
1270 386 1483 424 matrimonii,
1501 386 1595 424 alter,
1616 386 1647 416 id
1661 388 1709 417 est
1725 385 1776 416 ille

1004 442 1056 481 qui
1082 441 1162 478 facit,
1187 444 1327 471 meretur
1349 440 1466 479 puniri,
1483 442 1513 470 et
1538 440 1615 470 alter
1637 442 1778 470 meretur

1004 494 1121 524 habere
1136 494 1326 524 libertatem.
1352 492 1442 523 Nune
1464 495 1570 523 antem
1595 494 1708 523 neuter
1731 494 1778 523 est

1004 548 1094 586 liber,
1115 548 1190 588 quia
1214 550 1346 586 uterque
1370 549 1490 586 peccat3
1508 549 1538 576 et
1558 546 1627 577 ideo
1642 555 1707 576 non
1731 549 1778 577 est

1005 601 1123 640 simile,
1141 602 1215 642 quin
1231 601 1314 641 quod
1332 610 1394 630 non
1411 603 1536 630 tenetur
1552 600 1682 630 reddere
1693 623 1701 636 ,
1718 599 1778 629 hoe

1006 664 1072 685 non
1086 657 1212 686 tantum
1233 658 1299 685 erat
1320 664 1413 695 poena
1429 654 1597 694 peccantis,
1614 653 1667 684 sed
1683 653 1778 684 etiam

1006 708 1132 738 libertas
1148 718 1213 739 non
1228 708 1396 749 peccantis.

1047 763 1077 791 Ξ.
1092 761 1139 791 Ad
1160 761 1238 791 illud
1260 760 1344 800 quod
1365 759 1525 799 objicitur,
1549 759 1632 799 quod
1654 761 1778 791 tenetur

1007 823 1134 845 servare
1156 813 1262 851 fidem,
1285 813 1453 844 dicendum
1468 812 1553 852 qnod
1576 813 1655 843 fides
1674 816 1778 844 atten-

1007 868 1094 898 ditur
1115 869 1271 906 quantum
1292 866 1330 896 ad
1356 866 1419 896 duo
1446 876 1452 895 :
1482 865 1632 905 primum,
1657 869 1692 896 ut
1715 875 1780 897 non

1008 922 1180 959 cognoscat
1187 920 1281 950 aliam
1291 931 1297 957 ;
1307 919 1456 955 secundo,
1463 921 1497 949 ut
1504 921 1669 957 eognoscat
1677 928 1779 950 suam.

1009 974 1099 1011 Quod
1113 984 1179 1005 non
1202 976 1372 1013 cognoseat
1391 973 1485 1003 aliam
1497 997 1504 1010 ,
1522 973 1582 1003 hoc
1603 973 1694 1004 debet
1715 982 1781 1004 esse

1009 1030 1160 1067 tanquam
1175 1026 1322 1058 naturale
1348 1026 1552 1057 matrimonio
1577 1035 1584 1056 ε
1609 1027 1693 1057 unde
1712 1026 1782 1057 talis

1009 1081 1087 1111 fides
1101 1090 1267 1120 nunquam
1284 1082 1385 1120 potest
1399 1079 1489 1117 solvi,
1510 1079 1712 1110 matrimonio
1727 1079 1783 1110 du-

1010 1137 1111 1165 rante.
1134 1134 1166 1164 Si
1190 1136 1296 1165 autem
1323 1133 1392 1163 haee
1416 1142 1480 1164 non
1500 1133 1606 1169 durat,
1625 1142 1697 1163 cum
1722 1133 1784 1163 alia

1011 1188 1148 1218 conditio
1173 1196 1268 1226 super
1292 1187 1352 1217 hae
1382 1186 1542 1224 fundetur,
1567 1195 1632 1216 non
1659 1187 1784 1216 tenetur

1011 1250 1139 1271 servare
1158 1240 1250 1278 hanc,
1271 1240 1321 1270 eui
1342 1240 1444 1280 prima
1458 1249 1521 1269 non
1536 1241 1702 1276 servatum
1727 1248 1784 1269 nec

1008 1295 1063 1333 jus
1075 1294 1170 1324 habet
1181 1293 1317 1334 petendi,
1334 1293 1388 1332 qui
1402 1293 1490 1332 prius
1506 1292 1663 1331 infringit.

1053 1350 1081 1378 3.
1098 1347 1146 1378 Ad
1162 1347 1248 1378 aliud
1263 1348 1347 1386 patet
1361 1346 1534 1386 responsio,
1551 1346 1625 1385 quia
1640 1355 1703 1377 non
1719 1346 1786 1377 for-

1012 1402 1122 1432 nicans
1136 1401 1231 1432 habet
1246 1402 1302 1440 jus
1322 1399 1458 1439 petendi,
1481 1400 1558 1439 quia
1579 1399 1658 1429 nihil
1679 1401 1789 1430 contra

1014 1455 1110 1485 fidem
1125 1455 1198 1485 feeit
1211 1463 1218 1484 :
1232 1453 1285 1484 sed
1300 1453 1380 1483 alius
1395 1453 1466 1483 feeit
1482 1454 1591 1483 eontra
1607 1451 1697 1482 :ideo
1713 1454 1743 1482 et
1754 1453 1787 1481 in

1013 1509 1074 1540 hoe
1088 1509 1188 1539 factus
1206 1510 1252 1538 est
1271 1507 1410 1543 inferior,
1437 1508 1468 1536 et
1490 1506 1599 1536 minus
1617 1506 1672 1544 jus
1692 1505 1787 1535 hahet

1014 1571 1111 1601 quam
1127 1561 1218 1592 alter.

1238 1673 1480 1708 ARTICULUS
1508 1673 1552 1707 111
1557 1700 1564 1707 .

1056 1775 1302 1815 Consequenter,
1324 1777 1481 1814 quantum
1501 1774 1540 1804 ad
1563 1773 1692 1804 tertium
1712 1772 1789 1803 arti-

1016 1828 1146 1866 culum,
1166 1828 1325 1868 quaeritur
1346 1828 1384 1858 de
1408 1827 1606 1866 obligatione
1631 1829 1788 1866 quantum

1016 1883 1055 1913 ad
1078 1884 1220 1922 tempus;
1249 1884 1279 1912 et
1303 1881 1386 1912 cirea
1414 1881 1474 1912 hoc
1497 1881 1561 1912 duo
1585 1883 1789 1920 quaeruntur.

1018 1935 1124 1966 Primo
1138 1935 1294 1975 quaeritur
1317 1937 1427 1966 utrum
1442 1937 1586 1975 tempore
1610 1935 1789 1964 menstruo-

1017 1999 1092 2020 rum
1113 1990 1276 2029 obligetur
1296 1989 1411 2020 mulier
1432 1990 1469 2020 ad
1496 1989 1639 2020 debitum
1656 1987 1789 2019 redden-

1018 2043 1107 2081 dum,
1119 2045 1150 2073 et
1160 2045 1269 2072 utrum
1279 2042 1375 2081 possit
1385 2045 1490 2081 petere
1498 2053 1505 2079 3
1519 2041 1668 2079 secundo,
1681 2043 1791 2072 utrum

1018 2099 1160 2136 tempore
1181 2095 1305 2126 dierum
1329 2094 1519 2125 solemnium
1546 2094 1687 2124 debitum
1709 2093 1792 2124 licite

1020 2149 1118 2189 possit
1132 2149 1195 2189 peti
1210 2150 1240 2178 et
1258 2148 1349 2179 solvi.

1283 2259 1459 2297 QUAESTlo
1482 2261 1508 2291 I.

1074 2344 1117 2370 A‘n
1134 2345 1247 2378 tempore
1258 2346 1447 2370 menstruorum
1458 2344 1542 2377 possit
1556 2343 1634 2370 reddi
1647 2345 1672 2370 et
1682 2344 1739 2378 peti

1327 2387 1440 2414 debitum
1455 2388 1473 2411 ¹.

1061 2469 1149 2506 Quod
1170 2471 1312 2510 tempore
1341 2471 1580 2500 menstruorum
1608 2478 1674 2500 non
1692 2470 1790 2508 possit
1805 2480 1908 2502 Fundam.

1053 2568 1058 2581 ¹
1076 2568 1116 2598 Cf.
1133 2568 1283 2597 meinardus,
1300 2568 1331 2591 lV
1347 2568 1426 2597 Sem„
1443 2567 1501 2590 dist.
1516 2573 1603 2598 xxxn,
1619 2569 1665 2591 art.
1685 2569 1712 2598 4,
1728 2575 1753 2599 q.
1769 2573 1787 2599 1;

1020 2604 1108 2634 Steph.
1127 2603 1230 2635 Brulef„
1251 2604 1280 2627 lv
1303 2604 1381 2633 Seni„
1400 2603 1457 2627 dist.
1477 2609 1565 2633 xxxii,
1581 2610 1605 2634 q.
1621 2609 1649 2633 v;
1670 2605 1736 2628 Petr.
1756 2603 1788 2627 de

1019 2639 1131 2670 'rai-ant„
1142 2640 1174 2664 lv
1187 2640 1266 2667 Seni„
1277 2639 1334 2664 dist.
1343 2644 1426 2669 xxxii,
1439 2645 1463 2670 q.
1474 2644 1518 2662 vu.
