1991 3006
43 1605 75 1626 Ad
95 1612 145 1632 opp.

646 187 741 218 DIST.
766 186 854 217 XXV.
878 187 967 218 ART.
994 187 1015 217 1.
1040 187 1186 224 QUAEST.
1214 188 1261 217 IV.

158 256 208 287 isti
222 265 297 286 vero
312 255 458 286 eumdem
470 254 621 294 Spiritum
633 255 776 284 sanctum
787 253 927 283 efficiunt

159 318 288 339 servum
308 317 412 338 suum.
429 318 443 336 >³
465 307 550 345 Ergo
569 307 694 337 videtur
716 305 800 346 quod
825 305 865 335 sit
885 306 927 335 ibi

159 362 344 401 impiissima
359 360 496 391 haeresis.

200 415 277 445 Item
294 414 397 444 omnis
412 413 467 452 qui
482 413 616 442 aestimat
633 412 753 442 donum
770 413 823 443 Dei
838 423 929 453 pecu-

159 468 211 498 nia
231 466 400 507 possideri7
425 468 525 503 errat,
550 468 580 495 et
598 466 769 496 haereticus
785 469 831 496 est
843 467 928 505 judi-

160 521 276 553 candus
293 531 298 550 :
319 521 372 550 sed
387 520 490 550 omnis
506 520 663 557 vendens,
688 520 736 549 vel
754 529 862 550 emens
877 529 929 550 or-

159 575 257 611 dines,
270 573 409 604 aestimat
419 573 538 604 donum
552 573 604 603 Dei
616 573 749 612 pecunia
759 573 925 612 possideri:

159 636 237 666 ergo
249 651 256 664 ,
275 629 332 657 etc.

199 679 276 710 Item
291 679 398 710 nullus
413 681 459 710 est
476 680 576 718 major
597 688 686 709 error
704 679 786 709 circa
801 681 929 709 natura-

158 734 218 772 lia,
249 743 345 773 quam
370 733 425 763 uni
451 732 606 763 contrario
638 732 811 763 attribuere
835 742 929 763 suum

159 787 363 824 contrarium,
379 788 414 817 ut
427 786 451 816 si
466 786 535 825 quis
547 787 642 825 ponat
656 786 764 815 album
777 786 927 824 nigrum;

160 841 191 870 et
212 840 293 870 circa
315 848 419 869 mores
432 839 540 869 nullus
563 840 675 878 major,
699 848 795 878 quam
815 848 930 878 ponere

160 893 279 923 honum
296 892 415 922 malum
432 903 437 922 :
464 901 543 930 ergo
565 901 623 921 nec
643 891 726 921 circa
749 891 857 921 divina
873 891 928 921 ali-

161 945 232 985 quis
246 947 291 975 est
306 945 407 984 major
422 953 520 981 error7
538 953 635 983 quam
652 953 769 983 ponere
785 944 837 974 Dei
854 953 930 982 gra-

160 998 236 1028 tiam
247 1007 309 1027 non
320 1006 386 1027 esse
398 997 535 1036 gratiam
550 1009 556 1027 :
573 998 632 1028 hoc
644 999 750 1027 autem
766 998 854 1037 ponit
866 1007 931 1028 om—

160 1050 207 1081 nis
223 1050 278 1089 qui
293 1059 362 1080 eam
379 1059 483 1080 emere
497 1074 504 1087 ,
528 1049 578 1080 vel
594 1050 729 1081 vendere
747 1051 907 1081 contendit
922 1060 928 1080 :

159 1113 239 1143 ergo
251 1128 258 1141 ‚
275 1105 333 1134 etc.

200 1157 277 1187 Item
299 1156 378 1186 sicut
400 1156 478 1186 Filio
492 1156 677 1186 attribuitur
697 1156 850 1196 sapientia
863 1181 870 1193 ‚
888 1157 932 1187 ita

161 1209 293 1249 Spiritui
309 1211 417 1239 sancto
432 1209 567 1248 largitas
582 1218 589 1239 ε
607 1209 660 1239 secl
678 1210 729 1248 qui
747 1210 932 1240 attribueret

160 1262 238 1293 Filio
261 1263 472 1302 insipientiam
487 1286 494 1299 ,
520 1263 679 1292 laberetur
703 1263 734 1292 iu
757 1263 929 1293 haeresim:

161 1325 237 1355 ergo
254 1316 308 1355 qui
325 1316 466 1346 attribuit
482 1314 612 1354 Spiritui
628 1317 736 1345 sancto
751 1315 930 1353 avaritiam,

160 1371 330 1402 haereticus
345 1373 411 1401 est:
434 1370 488 1401 sed
507 1370 563 1409 qui
583 1370 679 1400 credit
699 1370 781 1400 (lona
797 1370 933 1410 Spiritus

161 1424 260 1454 sancti
276 1433 332 1463 per
347 1423 515 1463 pecuniam
530 1423 635 1460 vendi,
652 1423 701 1453 vel
717 1424 798 1461 emi,
816 1426 861 1453 est
874 1423 933 1453 hu-

156 1479 294 1518 J'usmodi
307 1502 316 1516 ,
338 1478 412 1518 quia
427 1478 516 1517 ponit
532 1477 685 1517 Spiritum
706 1480 851 1508 sanctum
866 1488 932 1509 esse

160 1531 304 1562 venalem
319 1542 325 1561 z
345 1540 439 1570 ergo,
456 1532 514 1561 etc.

201 1584 313 1615 Contra
328 1595 334 1614 ι
354 1587 382 1614 l.
400 1583 493 1614 Nulla
505 1584 634 1615 haeresis
648 1586 695 1614 est
709 1584 742 1614 in
758 1586 931 1622 contractu,

161 1637 214 1668 sed
232 1637 265 1667 in
286 1637 487 1667 credulitate:
512 1637 566 1668 sed
586 1637 720 1667 simonia
743 1640 790 1668 est
805 1638 839 1668 in
854 1647 930 1668 con-

163 1692 261 1721 tractu
285 1690 453 1730 emptionis
478 1692 508 1720 et
533 1690 742 1721 venditionis:
768 1700 847 1730 ergo
869 1701 933 1722 non

160 1745 296 1782 videtur,
314 1744 397 1784 quod
413 1744 607 1775 simoniacus
622 1745 675 1775 fiat
689 1745 870 1776 haereticus.

201 1800 229 1827 2.
244 1797 321 1827 Item
336 1797 468 1827 haeresis
478 1800 523 1827 cst
534 1799 696 1836 peccatum
712 1798 744 1827 in
757 1797 889 1836 Filium,
903 1800 933 1829 et

161 1853 269 1881 contra
278 1851 444 1881 veritatem
458 1861 464 1880 :
477 1851 531 1881 sed
544 1850 735 1880 simoniacus
746 1854 852 1890 peccat
863 1861 934 1881 con—

162 1906 209 1934 tra
227 1903 363 1943 SpirItus
384 1903 483 1933 sancti
506 1903 643 1942 gratIam
657 1927 664 1940 ‚
687 1905 717 1933 et
736 1903 930 1934 bonitatem:

162 1966 240 1997 ergo
254 1967 318 1987 non
333 1957 457 1987 videtur
471 1967 538 1988 esse
552 1957 731 1987 haereticus.

203 2013 232 2041 3.
250 2011 326 2041 Item
342 2020 405 2040 non
425 2010 545 2041 videtur
560 2010 623 2040 labi
637 2010 669 2040 in
682 2011 808 2050 aliquod
824 2021 931 2051 pecca-

162 2066 232 2095 tum
248 2064 413 2103 vendendo
429 2063 565 2103 Spiritus
584 2064 682 2094 sancti
699 2064 833 2102 donum,
857 2066 933 2105 quia

162 2117 276 2149 dicitur
295 2117 334 2148 de
354 2116 461 2154 Saul¹,
483 2118 512 2146 et
532 2116 569 2147 de
589 2125 689 2147 uxore
710 2116 899 2149 Hieroboam
909 2120 930 2157 ⁴²,

162 2171 245 2211 quod
260 2171 388 2211 utrique
406 2170 443 2201 ad
463 2172 586 2201 sanctos
602 2170 771 2210 prophetas
792 2172 931 2211 pretium

163 2224 342 2255 detulerunt
356 2232 412 2263 pro
428 2223 612 2263 prophetia;
630 2225 660 2253 et
674 2223 886 2263 manifestum,
902 2228 932 2256 et

163 2279 308 2308 constans
330 2279 376 2307 est
398 2275 595 2316 prophetiam
619 2276 737 2307 donum
765 2277 815 2308 Dei
841 2287 928 2309 esse:

163 2339 258 2369 ergo,
275 2332 332 2360 etc.

201 2385 229 2412 4.
247 2382 324 2413 Item
339 2390 393 2421 per
405 2381 589 2421 Apostolum
603 2384 612 2400 ³
628 2393 634 2412 :
653 2383 688 2414 Sz'
700 2390 756 2414 nos
770 2384 856 2415 vobis
868 2385 933 2424 spi-

162 2436 296 2467 ritualia
308 2435 517 2472 seminamus,
533 2442 597 2466 non
608 2437 652 2466 esc
663 2444 811 2475 maqnum
824 2438 854 2468 si
866 2446 932 2469 car-

162 2488 253 2520 nalia
266 2491 371 2520 vestra
385 2491 548 2520 metamus.
572 2488 657 2527 Ergo
681 2489 799 2520 licitum
814 2493 860 2521 est
875 2501 931 2531 pro

164 2541 378 2581 spiritualibus
390 2541 527 2571 carnalia
541 2541 637 2580 accipi
653 2552 658 2571 :
678 2551 740 2572 non
754 2552 833 2582 ergo
847 2543 931 2574 vide-

165 2596 218 2624 tur
236 2603 373 2633 peccare.

205 2649 233 2677 5.
252 2646 329 2677 ltem
339 2655 402 2676 non
412 2647 538 2678 videtur
548 2655 675 2686 peccare
687 2649 743 2687 qui
756 2649 842 2687 emit,
857 2650 931 2689 quia

1697 190 1750 217 197

982 263 1120 292 regnum
1136 254 1300 291 coelorum,
1317 255 1401 294 quod
1412 257 1459 284 est
1471 263 1656 294 supremum
1672 253 1753 284 inter

982 307 1107 344 omnia,
1124 307 1218 336 vendi
1235 309 1332 346 potest
1348 310 1377 337 et
1392 307 1453 337 emi
1466 331 1474 344 ,
1491 307 1571 337 sicut
1586 306 1659 337 dicit
1678 305 1753 336 Gre-

983 360 1114 398 gorius:
1137 359 1313 397 «Regnum
1334 360 1485 390 emiorum
1507 362 1629 389 tantum
1647 359 1751 395 valet,

983 415 1138 452 quantum
1154 413 1261 442 habes.
1278 423 1291 439 v
1312 412 1396 451 Ergo
1408 436 1416 449 ‚
1434 415 1492 443 etc.

1023 467 1052 495 6.
1074 465 1164 503 item,
1183 465 1236 504 qui
1252 465 1345 502 emit,
1362 466 1414 495 dat
1429 465 1599 505 temporale
1618 474 1672 504 pro
1688 465 1752 503 spi*

984 519 1089 549 rituali
1105 529 1111 548 ι
1132 527 1210 557 ergo
1226 518 1328 548 carius
1343 518 1438 548 habet
1458 519 1638 557 spirituale,
1655 527 1752 557 quam

984 572 1107 602 carnale
1121 583 1127 601 :
1145 580 1223 610 ergo
1240 580 1305 601 nou
1321 572 1434 601 avertit
1450 581 1480 600 se
1497 572 1534 601 ab
1548 572 1755 601 incommuta-

983 625 1038 655 bili
1052 625 1145 662 bono,
1164 625 1227 654 imo
1241 633 1273 654 se
1289 625 1392 663 potius
1408 625 1562 654 convertit
1576 635 1581 653 :
1601 633 1677 662 ergo
1692 632 1755 654 non

984 681 1089 717 peccat
1100 701 1108 715 ,
1137 678 1211 717 quia
1237 680 1397 716 peccatum
1424 678 1470 707 est
1495 677 1616 707 aversio
1638 677 1677 706 ab
1704 676 1754 706 iu-

984 731 1200 761 commutabili
1215 731 1309 768 bono,
1327 733 1357 760 et
1373 730 1536 760 conversio
1551 730 1588 760 ad
1607 739 1752 760 commu-

986 784 1088 814 tabile.

1253 854 1477 886 CONCLUSIO.

985 936 1135 971 Episcopus
1152 935 1282 962 ordinaris
1298 936 1454 965 simoniace,
1474 936 1529 961 nisi
1543 934 1633 961 credat
1652 934 1758 960 ordines

1021 987 1109 1006 sacros
1128 981 1215 1013 pretio
1235 980 1386 1014 appretiari
1404 985 1493 1013 posse,
1509 985 1561 1004 non
1582 978 1758 1004 constituitur

1022 1025 1173 1055 haereticum
1189 1032 1270 1055 secus,
1287 1025 1312 1049 εἰ
1326 1024 1397 1050 illud
1411 1023 1512 1049 credat.

1028 1105 1118 1144 Resp.
1141 1105 1178 1135 ad
1198 1114 1266 1143 arg.
1287 1104 1458 1134 Dicendum
1473 1103 1556 1143 quod
1575 1103 1654 1133 sacri
1670 1103 1756 1132 ordi-

986 1167 1052 1194 nes7
1070 1167 1125 1187 nec
1142 1157 1267 1196 aliquod
1280 1159 1513 1187 sacramentum
1525 1165 1580 1196 per
1592 1156 1758 1196 pecuniam

986 1211 1055 1241 dari
1071 1211 1245 1250 potestsiue
1260 1211 1352 1249 gravi
1366 1212 1396 1239 et
1408 1210 1531 1240 enormi
1548 1211 1687 1249 pcccato3
1703 1218 1759 1248 pro

987 1274 1023 1294 eo
1039 1264 1121 1303 quoil
1137 1264 1300 1303 spirituale
1312 1288 1319 1301 ‚
1338 1263 1422 1302 quod
1437 1272 1476 1293 ex
1494 1263 1559 1292 sola
1574 1262 1760 1292 liberalitate

988 1326 1044 1356 pro
1061 1317 1109 1347 sui
1129 1317 1282 1355 dignitate
1298 1317 1437 1347 dandum
1453 1319 1517 1354 est,
1542 1319 1711 1353 mercatur,
1731 1318 1760 1346 et

987 1371 1059 1401 facit
1074 1371 1147 1401 vile.
1166 1370 1287 1400 Rursus
1302 1381 1308 1400 :
1327 1371 1401 1410 quia
1416 1370 1502 1407 illud,
1520 1370 1603 1409 quod
1622 1372 1688 1399 erat
1705 1370 1760 1399 im-

988 1424 1152 1463 pretiabile
1165 1448 1172 1461 ⁷
1203 1424 1262 1454 sub
1291 1424 1391 1463 pretio
1423 1424 1509 1462 ponit
1527 1432 1534 1453 :
1563 1423 1648 1462 quod
1673 1422 1760 1452 nullo

988 1478 1081 1508 modo
1098 1479 1199 1516 potest
1214 1477 1282 1507 fieri
1295 1501 1303 1515 ,
1324 1477 1400 1516 quin
1415 1477 1470 1506 fiat
1484 1476 1674 1506 contumelia
1689 1474 1759 1515 Spi—

988 1531 1063 1560 ritui
1080 1533 1187 1560 sancto
1202 1541 1208 1561 z
1233 1531 1302 1560 ideo
1318 1530 1395 1560 illud
1411 1539 1475 1560 non
1492 1531 1614 1559 tantum
1631 1531 1677 1559 est
1695 1539 1760 1559 ma-

988 1584 1056 1614 lum
1071 1584 1104 1614 in
1115 1594 1157 1622 se,
1174 1584 1238 1614 imo
1250 1585 1344 1614 etiam
1361 1583 1535 1614 secundum
1548 1592 1591 1613 se.
1609 1583 1642 1614 Si
1655 1586 1761 1614 autem

988 1646 1114 1677 quaeras
1129 1647 1147 1668 a
1162 1647 1229 1675 me,
1255 1640 1362 1668 utrum
1385 1637 1424 1667 sit
1446 1640 1608 1676 peccatum
1630 1636 1663 1666 in
1678 1637 1740 1667 fide
1752 1661 1759 1673 ‚

987 1691 1037 1721 vel
1061 1691 1094 1720 in
1118 1691 1281 1728 moribus⁷
1307 1690 1474 1721 (licendum
1500 1690 1585 1729 quod
1610 1689 1679 1727 ille,
1707 1689 1761 1729 qui

989 1745 1065 1774 emit
1096 1745 1144 1774 vel
1180 1744 1285 1775 vendit
1309 1743 1502 1783 spiritualia,
1526 1744 1580 1772 aut
1609 1742 1706 1772 credit
1725 1751 1762 1772 ea

989 1806 1045 1837 pro
1061 1798 1160 1837 pretio
1176 1807 1265 1837 posse
1282 1796 1450 1834 aestimari,
1474 1798 1504 1826 et
1524 1795 1623 1826 valori
1639 1795 1683 1825 rei
1698 1797 1760 1825 ter-

989 1860 1075 1881 renae
1090 1851 1232 1890 aequari,
1254 1853 1284 1881 et
1306 1859 1363 1890 pro
1384 1849 1516 1889 pecunia
1537 1848 1705 1888 possideri,
1732 1850 1762 1878 et

990 1904 1059 1934 haee
1075 1906 1120 1933 est
1135 1904 1265 1934 haeresis
1281 1903 1444 1933 manifesta
1459 1913 1465 1932 2
1490 1904 1521 1931 et
1535 1902 1578 1931 sic
1592 1901 1762 1932 aestimavit

990 1957 1098 1987 Simon
1110 1966 1224 1995 magus
1238 1958 1247 1974 ⁴
1266 1968 1272 1986 z
1286 1956 1355 1986 talis
1365 1956 1450 1985 enim
1462 1956 1545 1984 errat
1556 1954 1589 1984 in
1604 1954 1673 1991 fide,
1687 1954 1762 1994 quia

989 2010 1085 2040 credit
1103 2011 1239 2049 gratiam
1260 2019 1323 2039 nou
1342 2018 1407 2039 esse
1429 2008 1566 2048 gratiam
1586 2009 1640 2037 aut
1657 2007 1695 2046 (α)
1711 2007 1762 2038 ille

988 2063 1043 2103 qui
1059 2063 1186 2100 vendit,
1203 2065 1232 2093 et
1249 2063 1343 2099 emit,
1365 2071 1429 2092 non
1446 2061 1542 2091 credit
1556 2060 1641 2100 quod
1658 2060 1761 2099 gratia

989 2116 1042 2146 Dei
1064 2125 1119 2156 per
1140 2116 1307 2156 pecuniam
1331 2117 1552 2155 comparetur,
1578 2114 1631 2144 sed
1654 2115 1760 2144 tamen

988 2170 1102 2200 ardeus
1125 2169 1258 2200 avaritia
1279 2169 1391 2199 nititur
1410 2168 1529 2208 aliquid
1546 2167 1692 2207 assequi,
1711 2166 1760 2197 vel

989 2223 1157 2262 impetrare
1172 2231 1227 2262 per
1238 2222 1416 2262 pecuniam,
1436 2221 1519 2261 quod
1534 2221 1572 2252 ad
1586 2221 1759 2251 humanam

989 2278 1106 2316 spectat
1127 2276 1406 2316 dispensationem,
1427 2277 1456 2305 et
1480 2275 1525 2305 sie
1545 2284 1610 2305 non
1625 2276 1670 2305 est
1685 2283 1758 2314 pec—

988 2331 1093 2359 catum
1109 2329 1197 2367 fidei,
1216 2329 1268 2358 sed
1286 2338 1424 2366 morum,
1441 2328 1593 2367 quoniam
1607 2327 1677 2357 talis
1693 2335 1759 2366 per-

989 2382 1105 2422 optime
1120 2381 1219 2419 novit,
1243 2384 1272 2411 et
1294 2381 1375 2411 male
1395 2382 1477 2419 fau-it,
1494 2382 1574 2411 sicut
1588 2383 1618 2412 et
1638 2381 1688 2411 ille
1704 2381 1757 2420 qui

989 2437 1172 2475 fornicatur,
1197 2437 1297 2467 sciens
1312 2436 1552 2467 fornicationem
1567 2446 1633 2466 esse
1649 2445 1756 2476 pecca-

990 2492 1057 2521 tum
1068 2515 1075 2529 ,
1097 2492 1161 2521 non
1176 2493 1259 2520 errat
1276 2491 1308 2520 iu
1323 2490 1401 2528 fide,
1425 2490 1476 2520 sed
1493 2490 1524 2520 in
1540 2490 1592 2520 via
1607 2497 1733 2519 morum
1750 2499 1756 2518 :

990 2544 1077 2574 etsie
1096 2544 1283 2574 simoniacus
1303 2546 1349 2574 est
1369 2553 1500 2581 avarUS‚
1523 2545 1549 2573 el
1572 2543 1604 2572 in
1623 2541 1758 2581 pessima

1023 2624 1048 2646 ι1
1068 2623 1133 2654 Rey„
1154 2629 1189 2653 ix,
1203 2625 1226 2647 7.
1241 2637 1272 2642 —
1285 2624 1292 2637 ²
1309 2625 1339 2648 ΙΙΙ
1355 2624 1488 2655 Req.‚x1V,
1504 2625 1527 2647 3.
1541 2636 1572 2640 —
1588 2621 1757 2649 ³1001·.‚1x,

989 2660 1026 2683 21,
1039 2672 1069 2676 —
1082 2659 1089 2672 ⁴
1100 2659 1154 2683 Act.
1170 2660 1262 2690 Apost„
1277 2665 1337 2690 viu,
1355 2662 1393 2684 20.
1409 2673 1439 2677 —
1455 2659 1488 2689 (a)
1505 2659 1562 2683 Coet.
1579 2657 1637 2681 edit.
1656 2657 1694 2680 At.
