<?xml version="1.0" encoding="UTF-8"?>
<!DOCTYPE html PUBLIC "-//W3C//DTD XHTML 1.0 Transitional//EN"
    "http://www.w3.org/TR/xhtml1/DTD/xhtml1-transitional.dtd">
<html xmlns="http://www.w3.org/1999/xhtml" xml:lang="en" lang="en">
 <head>
  <title>
</title>
<meta http-equiv="Content-Type" content="text/html;charset=utf-8" />
  <meta name='ocr-system' content='tesseract 3.04.00' />
  <meta name='ocr-capabilities' content='ocr_page ocr_carea ocr_par ocr_line ocrx_word'/>
</head>
<body>
  <div class='ocr_page' id='page_1' title='image "./operaomniasixtiv06bonauoft/operaomniasixtiv06bonauoft_0440.png"; bbox 0 0 1991 3006; ppageno 0'>
   <div class='ocr_carea' id='block_1_1' title="bbox 48 2028 151 2078">
    <p class='ocr_par' dir='ltr' id='par_1_1' title="bbox 48 2028 151 2078">
     <span class='ocr_line' id='line_1_1' title="bbox 61 2028 138 2051; baseline 0.013 -6"><span class='ocrx_word' id='word_1_1' title='bbox 61 2028 138 2051; x_wconf 53' lang='lat' dir='ltr'>[tuaest.</span> 
     </span>
     <span class='ocr_line' id='line_1_2' title="bbox 48 2058 151 2078; baseline 0 -1"><span class='ocrx_word' id='word_1_2' title='bbox 48 2058 151 2078; x_wconf 75' lang='lat' dir='ltr'>incidens.</span> 
     </span>
    </p>
   </div>
   <div class='ocr_carea' id='block_1_2' title="bbox 169 184 225 212">
    <p class='ocr_par' dir='ltr' id='par_1_2' title="bbox 169 184 225 212">
     <span class='ocr_line' id='line_1_3' title="bbox 169 184 225 212; baseline 0 0"><span class='ocrx_word' id='word_1_3' title='bbox 169 184 225 212; x_wconf 69' lang='lat'>410</span> 
     </span>
    </p>
   </div>
   <div class='ocr_carea' id='block_1_3' title="bbox 440 307 664 339">
    <p class='ocr_par' dir='ltr' id='par_1_3' title="bbox 440 307 664 339">
     <span class='ocr_line' id='line_1_4' title="bbox 440 307 664 339; baseline -0.004 0"><span class='ocrx_word' id='word_1_4' title='bbox 440 307 664 339; x_wconf 77' lang='lat' dir='ltr'>CONCLUSIo.</span> 
     </span>
    </p>
   </div>
   <div class='ocr_carea' id='block_1_4' title="bbox 170 395 940 563">
    <p class='ocr_par' dir='ltr' id='par_1_4' title="bbox 170 395 940 563">
     <span class='ocr_line' id='line_1_5' title="bbox 170 395 939 431; baseline -0.005 -7"><span class='ocrx_word' id='word_1_5' title='bbox 170 397 391 431; x_wconf 65' lang='lat' dir='ltr'>Consanfluz&#39;nilas</span> <span class='ocrx_word' id='word_1_6' title='bbox 404 397 543 423; x_wconf 80' lang='lat' dir='ltr'>secundum</span> <span class='ocrx_word' id='word_1_7' title='bbox 559 397 638 431; x_wconf 72' lang='lat' dir='ltr'>leyem</span> <span class='ocrx_word' id='word_1_8' title='bbox 660 396 808 423; x_wconf 73' lang='lat' dir='ltr'><em>naturalem</em></span> <span class='ocrx_word' id='word_1_9' title='bbox 827 395 939 429; x_wconf 76' lang='lat' dir='ltr'>impedit</span> 
     </span>
     <span class='ocr_line' id='line_1_6' title="bbox 203 440 940 475; baseline -0.004 -8"><span class='ocrx_word' id='word_1_10' title='bbox 203 442 232 467; x_wconf 77' lang='lat' dir='ltr'>in</span> <span class='ocrx_word' id='word_1_11' title='bbox 244 442 333 475; x_wconf 60' lang='lat' dir='ltr'>primo</span> <span class='ocrx_word' id='word_1_12' title='bbox 348 441 449 473; x_wconf 67' lang='lat' dir='ltr'>oracla:</span> <span class='ocrx_word' id='word_1_13' title='bbox 465 440 606 467; x_wconf 71' lang='lat' dir='ltr'>secundum</span> <span class='ocrx_word' id='word_1_14' title='bbox 621 441 701 473; x_wconf 64' lang='lat' dir='ltr'>Iegycm</span> <span class='ocrx_word' id='word_1_15' title='bbox 716 443 824 466; x_wconf 64' lang='lat' dir='ltr'>veter-cm</span> <span class='ocrx_word' id='word_1_16' title='bbox 834 459 842 472; x_wconf 92' lang='lat'><em>‚</em></span> <span class='ocrx_word' id='word_1_17' title='bbox 860 446 940 472; x_wconf 76' lang='lat' dir='ltr'>usquc</span> 
     </span>
     <span class='ocr_line' id='line_1_7' title="bbox 203 483 938 517; baseline -0.003 -7"><span class='ocrx_word' id='word_1_18' title='bbox 203 484 240 510; x_wconf 74' lang='lat' dir='ltr'>acl</span> <span class='ocrx_word' id='word_1_19' title='bbox 252 485 406 516; x_wconf 52' lang='lat' dir='ltr'>secundumn</span> <span class='ocrx_word' id='word_1_20' title='bbox 422 484 561 511; x_wconf 68' lang='lat' dir='ltr'>secundum</span> <span class='ocrx_word' id='word_1_21' title='bbox 576 492 636 511; x_wconf 79' lang='lat' dir='ltr'>vero</span> <span class='ocrx_word' id='word_1_22' title='bbox 653 485 731 517; x_wconf 71' lang='lat' dir='ltr'>lcsJcm</span> <span class='ocrx_word' id='word_1_23' title='bbox 748 483 938 516; x_wconf 70' lang='lat' dir='ltr'>cranflclz‘cam,</span> 
     </span>
     <span class='ocr_line' id='line_1_8' title="bbox 203 529 482 563; baseline 0 -8"><span class='ocrx_word' id='word_1_24' title='bbox 203 537 285 563; x_wconf 81' lang='lat' dir='ltr'>usque</span> <span class='ocrx_word' id='word_1_25' title='bbox 300 529 336 555; x_wconf 74' lang='lat' dir='ltr'>acl</span> <span class='ocrx_word' id='word_1_26' title='bbox 349 532 482 563; x_wconf 79' lang='lat' dir='ltr'>quartum.</span> 
     </span>
    </p>
   </div>
   <div class='ocr_carea' id='block_1_5' title="bbox 165 616 940 2627">
    <p class='ocr_par' dir='ltr' id='par_1_5' title="bbox 165 616 940 2627">
     <span class='ocr_line' id='line_1_9' title="bbox 208 616 937 657; baseline -0.003 -9"><span class='ocrx_word' id='word_1_27' title='bbox 208 617 299 657; x_wconf 73' lang='lat' dir='ltr'>Hesp.</span> <span class='ocrx_word' id='word_1_28' title='bbox 316 618 353 648; x_wconf 81' lang='lat' dir='ltr'>ad</span> <span class='ocrx_word' id='word_1_29' title='bbox 371 627 442 657; x_wconf 84' lang='lat' dir='ltr'>arg.</span> <span class='ocrx_word' id='word_1_30' title='bbox 467 618 635 649; x_wconf 74' lang='lat' dir='ltr'>Dicendum</span> <span class='ocrx_word' id='word_1_31' title='bbox 656 617 741 657; x_wconf 88' lang='lat' dir='ltr'>quod</span> <span class='ocrx_word' id='word_1_32' title='bbox 762 616 937 647; x_wconf 88' lang='lat' dir='ltr'>secuudum</span> 
     </span>
     <span class='ocr_line' id='line_1_10' title="bbox 168 669 940 710; baseline -0.001 -10"><span class='ocrx_word' id='word_1_33' title='bbox 168 673 310 710; x_wconf 88' lang='lat' dir='ltr'>tempora</span> <span class='ocrx_word' id='word_1_34' title='bbox 332 674 439 701; x_wconf 85' lang='lat' dir='ltr'>nostra</span> <span class='ocrx_word' id='word_1_35' title='bbox 463 671 704 701; x_wconf 84' lang='lat' dir='ltr'>matrimonium</span> <span class='ocrx_word' id='word_1_36' title='bbox 729 669 900 709; x_wconf 76' lang='lat' dir='ltr'>impeditur</span> <span class='ocrx_word' id='word_1_37' title='bbox 921 678 940 699; x_wconf 80' lang='lat' dir='ltr'>a</span> 
     </span>
     <span class='ocr_line' id='line_1_11' title="bbox 167 722 939 763; baseline -0.003 -9"><span class='ocrx_word' id='word_1_38' title='bbox 167 723 319 761; x_wconf 71' lang='lat' dir='ltr'>gradibus</span> <span class='ocrx_word' id='word_1_39' title='bbox 342 724 629 763; x_wconf 74' lang='lat' dir='ltr'>consanguinitatis</span> <span class='ocrx_word' id='word_1_40' title='bbox 653 732 754 762; x_wconf 84' lang='lat' dir='ltr'>usque</span> <span class='ocrx_word' id='word_1_41' title='bbox 778 722 816 752; x_wconf 82' lang='lat' dir='ltr'>ad</span> <span class='ocrx_word' id='word_1_42' title='bbox 842 731 939 762; x_wconf 78' lang='lat' dir='ltr'>quar-</span> 
     </span>
     <span class='ocr_line' id='line_1_12' title="bbox 168 776 938 816; baseline 0 -9"><span class='ocrx_word' id='word_1_43' title='bbox 168 778 236 807; x_wconf 90' lang='lat' dir='ltr'>tum</span> <span class='ocrx_word' id='word_1_44' title='bbox 251 777 420 816; x_wconf 81' lang='lat' dir='ltr'>inclusive,</span> <span class='ocrx_word' id='word_1_45' title='bbox 442 778 519 808; x_wconf 88' lang='lat' dir='ltr'>sicut</span> <span class='ocrx_word' id='word_1_46' title='bbox 545 779 628 816; x_wconf 85' lang='lat' dir='ltr'>patet</span> <span class='ocrx_word' id='word_1_47' title='bbox 648 776 778 807; x_wconf 80' lang='lat' dir='ltr'>Extrav.</span> <span class='ocrx_word' id='word_1_48' title='bbox 799 776 836 807; x_wconf 81' lang='lat' dir='ltr'>de</span> <span class='ocrx_word' id='word_1_49' title='bbox 860 777 938 807; x_wconf 78' lang='lat' dir='ltr'>Con—</span> 
     </span>
     <span class='ocr_line' id='line_1_13' title="bbox 167 829 939 872; baseline -0.005 -9"><span class='ocrx_word' id='word_1_50' title='bbox 167 833 358 872; x_wconf 60' lang='grc' dir='ltr'>εαηςμιῖηῑῑ.Ἴ</span> <span class='ocrx_word' id='word_1_51' title='bbox 372 833 480 864; x_wconf 71' lang='grc' dir='ltr'><strong>0.Νο71</strong></span> <span class='ocrx_word' id='word_1_52' title='bbox 494 831 594 867; x_wconf 68' lang='lat' dir='ltr'>(lebet,</span> <span class='ocrx_word' id='word_1_53' title='bbox 606 830 792 860; x_wconf 78' lang='lat' dir='ltr'>indecretali</span> <span class='ocrx_word' id='word_1_54' title='bbox 808 829 890 860; x_wconf 85' lang='lat' dir='ltr'>edita</span> <span class='ocrx_word' id='word_1_55' title='bbox 906 830 939 859; x_wconf 91' lang='lat' dir='ltr'>in</span> 
     </span>
     <span class='ocr_line' id='line_1_14' title="bbox 167 883 939 924; baseline -0.004 -8"><span class='ocrx_word' id='word_1_56' title='bbox 167 884 303 916; x_wconf 82' lang='lat' dir='ltr'>Concilio</span> <span class='ocrx_word' id='word_1_57' title='bbox 326 885 480 924; x_wconf 81' lang='lat' dir='ltr'>generali.</span> <span class='ocrx_word' id='word_1_58' title='bbox 497 884 529 915; x_wconf 78' lang='lat' dir='ltr'>Si</span> <span class='ocrx_word' id='word_1_59' title='bbox 550 886 655 913; x_wconf 77' lang='lat' dir='ltr'>autem</span> <span class='ocrx_word' id='word_1_60' title='bbox 676 884 840 922; x_wconf 67' lang='lat' dir='ltr'>quan—atur</span> <span class='ocrx_word' id='word_1_61' title='bbox 859 883 939 913; x_wconf 80' lang='lat' dir='ltr'>ratio</span> 
     </span>
     <span class='ocr_line' id='line_1_15' title="bbox 166 936 938 978; baseline -0.004 -10"><span class='ocrx_word' id='word_1_62' title='bbox 166 938 277 978; x_wconf 69' lang='lat' dir='ltr'>huius,</span> <span class='ocrx_word' id='word_1_63' title='bbox 293 938 477 975; x_wconf 83' lang='lat' dir='ltr'>dicendum,</span> <span class='ocrx_word' id='word_1_64' title='bbox 501 937 586 977; x_wconf 82' lang='lat' dir='ltr'>quod</span> <span class='ocrx_word' id='word_1_65' title='bbox 601 937 699 974; x_wconf 83' lang='lat' dir='ltr'>hujus</span> <span class='ocrx_word' id='word_1_66' title='bbox 714 936 793 965; x_wconf 80' lang='lat' dir='ltr'>ratio</span> <span class='ocrx_word' id='word_1_67' title='bbox 813 938 859 966; x_wconf 86' lang='lat' dir='ltr'>est</span> <span class='ocrx_word' id='word_1_68' title='bbox 874 938 938 966; x_wconf 86' lang='lat' dir='ltr'>sta-</span> 
     </span>
     <span class='ocr_line' id='line_1_16' title="bbox 166 989 939 1030; baseline -0.004 -8"><span class='ocrx_word' id='word_1_69' title='bbox 166 994 271 1022; x_wconf 88' lang='lat' dir='ltr'>tutum</span> <span class='ocrx_word' id='word_1_70' title='bbox 301 991 457 1022; x_wconf 62' lang='lat' dir='ltr'>Ecclesiae.</span> <span class='ocrx_word' id='word_1_71' title='bbox 483 991 515 1021; x_wconf 80' lang='lat' dir='ltr'>Si</span> <span class='ocrx_word' id='word_1_72' title='bbox 543 992 705 1030; x_wconf 65' lang='lat' dir='ltr'>quaeratur</span> <span class='ocrx_word' id='word_1_73' title='bbox 733 989 816 1019; x_wconf 86' lang='lat' dir='ltr'>ultra</span> <span class='ocrx_word' id='word_1_74' title='bbox 840 999 939 1028; x_wconf 84' lang='lat' dir='ltr'>quare</span> 
     </span>
     <span class='ocr_line' id='line_1_17' title="bbox 166 1042 938 1082; baseline -0.003 -8"><span class='ocrx_word' id='word_1_75' title='bbox 166 1043 302 1075; x_wconf 76' lang='lat' dir='ltr'>Ecclesia</span> <span class='ocrx_word' id='word_1_76' title='bbox 317 1045 472 1082; x_wconf 84' lang='lat' dir='ltr'>statuerit,</span> <span class='ocrx_word' id='word_1_77' title='bbox 494 1043 662 1075; x_wconf 82' lang='lat' dir='ltr'>dicendum</span> <span class='ocrx_word' id='word_1_78' title='bbox 682 1043 765 1082; x_wconf 86' lang='lat' dir='ltr'>quod</span> <span class='ocrx_word' id='word_1_79' title='bbox 787 1042 863 1082; x_wconf 86' lang='lat' dir='ltr'>quia</span> <span class='ocrx_word' id='word_1_80' title='bbox 882 1052 938 1082; x_wconf 85' lang='lat' dir='ltr'>po-</span> 
     </span>
     <span class='ocr_line' id='line_1_18' title="bbox 166 1096 937 1136; baseline -0.003 -9"><span class='ocrx_word' id='word_1_81' title='bbox 166 1097 238 1136; x_wconf 81' lang='lat' dir='ltr'>tuit,</span> <span class='ocrx_word' id='word_1_82' title='bbox 256 1101 285 1128; x_wconf 86' lang='lat' dir='ltr'>et</span> <span class='ocrx_word' id='word_1_83' title='bbox 300 1101 480 1136; x_wconf 74' lang='lat' dir='ltr'>congruum</span> <span class='ocrx_word' id='word_1_84' title='bbox 497 1097 550 1127; x_wconf 82' lang='lat' dir='ltr'>t&#39;uit</span> <span class='ocrx_word' id='word_1_85' title='bbox 561 1121 570 1134; x_wconf 63' lang='lat'><strong><em>7</em></strong></span> <span class='ocrx_word' id='word_1_86' title='bbox 587 1099 617 1126; x_wconf 89' lang='lat' dir='ltr'>et</span> <span class='ocrx_word' id='word_1_87' title='bbox 632 1096 706 1135; x_wconf 83' lang='lat' dir='ltr'>quia</span> <span class='ocrx_word' id='word_1_88' title='bbox 721 1098 787 1125; x_wconf 86' lang='lat' dir='ltr'>erat</span> <span class='ocrx_word' id='word_1_89' title='bbox 803 1096 891 1133; x_wconf 82' lang='lat' dir='ltr'>utile,</span> <span class='ocrx_word' id='word_1_90' title='bbox 907 1099 937 1126; x_wconf 90' lang='lat' dir='ltr'>et</span> 
     </span>
     <span class='ocr_line' id='line_1_19' title="bbox 165 1149 936 1190; baseline -0.004 -9"><span class='ocrx_word' id='word_1_91' title='bbox 165 1151 240 1190; x_wconf 83' lang='lat' dir='ltr'>quia</span> <span class='ocrx_word' id='word_1_92' title='bbox 259 1154 327 1181; x_wconf 83' lang='lat' dir='ltr'>erat</span> <span class='ocrx_word' id='word_1_93' title='bbox 350 1161 486 1181; x_wconf 86' lang='lat' dir='ltr'>necesse.</span> <span class='ocrx_word' id='word_1_94' title='bbox 508 1150 650 1180; x_wconf 79' lang='lat' dir='ltr'>Primum</span> <span class='ocrx_word' id='word_1_95' title='bbox 669 1149 798 1189; x_wconf 85' lang='lat' dir='ltr'>quidem</span> <span class='ocrx_word' id='word_1_96' title='bbox 816 1149 936 1188; x_wconf 85' lang='lat' dir='ltr'>potuit;</span> 
     </span>
     <span class='ocr_line' id='line_1_20' title="bbox 165 1202 937 1244; baseline -0.003 -10"><span class='ocrx_word' id='word_1_97' title='bbox 165 1207 195 1234; x_wconf 87' lang='lat' dir='ltr'>et</span> <span class='ocrx_word' id='word_1_98' title='bbox 217 1204 302 1243; x_wconf 84' lang='lat' dir='ltr'>quod</span> <span class='ocrx_word' id='word_1_99' title='bbox 325 1204 441 1244; x_wconf 87' lang='lat' dir='ltr'>potuit,</span> <span class='ocrx_word' id='word_1_100' title='bbox 466 1204 619 1243; x_wconf 76' lang='lat' dir='ltr'>probatur</span> <span class='ocrx_word' id='word_1_101' title='bbox 644 1211 700 1242; x_wconf 88' lang='lat' dir='ltr'>per</span> <span class='ocrx_word' id='word_1_102' title='bbox 724 1202 937 1241; x_wconf 79' lang='lat' dir='ltr'>Scripturam,</span> 
     </span>
     <span class='ocr_line' id='line_1_21' title="bbox 166 1255 935 1296; baseline -0.003 -9"><span class='ocrx_word' id='word_1_103' title='bbox 166 1256 240 1296; x_wconf 88' lang='lat' dir='ltr'>quia</span> <span class='ocrx_word' id='word_1_104' title='bbox 256 1257 286 1286; x_wconf 93' lang='lat' dir='ltr'>in</span> <span class='ocrx_word' id='word_1_105' title='bbox 307 1257 460 1296; x_wconf 85' lang='lat' dir='ltr'>principio</span> <span class='ocrx_word' id='word_1_106' title='bbox 483 1257 514 1286; x_wconf 92' lang='lat' dir='ltr'>in</span> <span class='ocrx_word' id='word_1_107' title='bbox 531 1255 753 1286; x_wconf 87' lang='lat' dir='ltr'>constitutione</span> <span class='ocrx_word' id='word_1_108' title='bbox 771 1255 935 1285; x_wconf 82' lang='lat' dir='ltr'>matrimo-</span> 
     </span>
     <span class='ocr_line' id='line_1_22' title="bbox 166 1309 939 1349; baseline 0 -10"><span class='ocrx_word' id='word_1_109' title='bbox 166 1310 211 1340; x_wconf 91' lang='lat' dir='ltr'>nii</span> <span class='ocrx_word' id='word_1_110' title='bbox 231 1310 262 1339; x_wconf 92' lang='lat' dir='ltr'>in</span> <span class='ocrx_word' id='word_1_111' title='bbox 281 1310 353 1348; x_wconf 88' lang='lat' dir='ltr'>lege</span> <span class='ocrx_word' id='word_1_112' title='bbox 374 1311 496 1340; x_wconf 73' lang='lat' dir='ltr'>natura:</span> <span class='ocrx_word' id='word_1_113' title='bbox 520 1309 591 1339; x_wconf 81' lang='lat' dir='ltr'>duae</span> <span class='ocrx_word' id='word_1_114' title='bbox 609 1309 847 1348; x_wconf 76' lang='lat' dir='ltr'>excipiebantur</span> <span class='ocrx_word' id='word_1_115' title='bbox 866 1318 939 1349; x_wconf 87' lang='lat' dir='ltr'>pcr-</span> 
     </span>
     <span class='ocr_line' id='line_1_23' title="bbox 167 1361 940 1401; baseline 0.001 -9"><span class='ocrx_word' id='word_1_116' title='bbox 167 1371 270 1399; x_wconf 80' lang='lat' dir='ltr'>sonae,</span> <span class='ocrx_word' id='word_1_117' title='bbox 296 1362 411 1393; x_wconf 83' lang='lat' dir='ltr'>scilicet</span> <span class='ocrx_word' id='word_1_118' title='bbox 435 1364 522 1401; x_wconf 76' lang='lat' dir='ltr'>pater</span> <span class='ocrx_word' id='word_1_119' title='bbox 545 1364 575 1391; x_wconf 84' lang='lat' dir='ltr'>et</span> <span class='ocrx_word' id='word_1_120' title='bbox 601 1363 701 1391; x_wconf 83' lang='lat' dir='ltr'>mater</span> <span class='ocrx_word' id='word_1_121' title='bbox 717 1362 745 1392; x_wconf 88' lang='lat'>¹:</span> <span class='ocrx_word' id='word_1_122' title='bbox 775 1361 940 1401; x_wconf 75' lang='lat' dir='ltr'>Relinquel</span> 
     </span>
     <span class='ocr_line' id='line_1_24' title="bbox 168 1415 940 1456; baseline -0.001 -9"><span class='ocrx_word' id='word_1_123' title='bbox 168 1416 258 1448; x_wconf 80' lang='lat' dir='ltr'>homo</span> <span class='ocrx_word' id='word_1_124' title='bbox 271 1419 395 1456; x_wconf 74' lang='lat' dir='ltr'>patrem</span> <span class='ocrx_word' id='word_1_125' title='bbox 411 1419 439 1447; x_wconf 80' lang='lat' dir='ltr'>et</span> <span class='ocrx_word' id='word_1_126' title='bbox 453 1418 595 1453; x_wconf 63' lang='lat' dir='ltr'>alacrem,</span> <span class='ocrx_word' id='word_1_127' title='bbox 612 1417 671 1446; x_wconf 85' lang='lat' dir='ltr'>etc.</span> <span class='ocrx_word' id='word_1_128' title='bbox 690 1415 774 1453; x_wconf 87' lang='lat' dir='ltr'>Post,</span> <span class='ocrx_word' id='word_1_129' title='bbox 792 1425 940 1455; x_wconf 83' lang='lat' dir='ltr'>processu</span> 
     </span>
     <span class='ocr_line' id='line_1_25' title="bbox 167 1469 937 1511; baseline 0 -11"><span class='ocrx_word' id='word_1_130' title='bbox 167 1471 317 1511; x_wconf 85' lang='lat' dir='ltr'>temporis</span> <span class='ocrx_word' id='word_1_131' title='bbox 325 1494 334 1509; x_wconf 87' lang='lat'>,</span> <span class='ocrx_word' id='word_1_132' title='bbox 361 1471 393 1500; x_wconf 91' lang='lat' dir='ltr'>in</span> <span class='ocrx_word' id='word_1_133' title='bbox 419 1470 491 1508; x_wconf 84' lang='lat' dir='ltr'>lege</span> <span class='ocrx_word' id='word_1_134' title='bbox 513 1470 640 1499; x_wconf 82' lang='lat' dir='ltr'>fue-runt</span> <span class='ocrx_word' id='word_1_135' title='bbox 663 1469 766 1508; x_wconf 85' lang='lat' dir='ltr'>proles</span> <span class='ocrx_word' id='word_1_136' title='bbox 786 1472 937 1509; x_wconf 80' lang='lat' dir='ltr'>exceptae,</span> 
     </span>
     <span class='ocr_line' id='line_1_26' title="bbox 167 1522 939 1563; baseline -0.003 -9"><span class='ocrx_word' id='word_1_137' title='bbox 167 1523 248 1554; x_wconf 82' lang='lat' dir='ltr'>sicut</span> <span class='ocrx_word' id='word_1_138' title='bbox 262 1525 356 1563; x_wconf 82' lang='lat' dir='ltr'>patet.</span> <span class='ocrx_word' id='word_1_139' title='bbox 370 1523 402 1553; x_wconf 80' lang='lat' dir='ltr'>Si</span> <span class='ocrx_word' id='word_1_140' title='bbox 417 1532 498 1561; x_wconf 87' lang='lat' dir='ltr'>ergo</span> <span class='ocrx_word' id='word_1_141' title='bbox 512 1523 563 1552; x_wconf 76' lang='lat' dir='ltr'>lex</span> <span class='ocrx_word' id='word_1_142' title='bbox 578 1522 763 1561; x_wconf 76' lang='lat' dir='ltr'>evangelica</span> <span class='ocrx_word' id='word_1_143' title='bbox 776 1523 939 1553; x_wconf 83' lang='lat' dir='ltr'>abundare</span> 
     </span>
     <span class='ocr_line' id='line_1_27' title="bbox 167 1575 940 1614; baseline -0.001 -8"><span class='ocrx_word' id='word_1_144' title='bbox 167 1575 258 1606; x_wconf 83' lang='lat' dir='ltr'>debet</span> <span class='ocrx_word' id='word_1_145' title='bbox 282 1586 301 1607; x_wconf 87' lang='lat' dir='ltr'>a</span> <span class='ocrx_word' id='word_1_146' title='bbox 325 1576 471 1613; x_wconf 79' lang='lat' dir='ltr'>mosaica,</span> <span class='ocrx_word' id='word_1_147' title='bbox 495 1585 574 1613; x_wconf 80' lang='lat' dir='ltr'>ergo</span> <span class='ocrx_word' id='word_1_148' title='bbox 599 1576 631 1605; x_wconf 90' lang='lat' dir='ltr'>in</span> <span class='ocrx_word' id='word_1_149' title='bbox 657 1576 729 1614; x_wconf 77' lang='lat' dir='ltr'>lege</span> <span class='ocrx_word' id='word_1_150' title='bbox 756 1575 940 1614; x_wconf 80' lang='lat' dir='ltr'>evangelica</span> 
     </span>
     <span class='ocr_line' id='line_1_28' title="bbox 166 1628 940 1668; baseline 0.001 -10"><span class='ocrx_word' id='word_1_151' title='bbox 166 1629 270 1668; x_wconf 81' lang='lat' dir='ltr'>proles</span> <span class='ocrx_word' id='word_1_152' title='bbox 281 1629 459 1660; x_wconf 83' lang='lat' dir='ltr'>debuerunt</span> <span class='ocrx_word' id='word_1_153' title='bbox 474 1629 587 1668; x_wconf 70' lang='lat' dir='ltr'>excipi.</span> <span class='ocrx_word' id='word_1_154' title='bbox 598 1628 657 1659; x_wconf 85' lang='lat' dir='ltr'>Sed</span> <span class='ocrx_word' id='word_1_155' title='bbox 669 1628 809 1658; x_wconf 82' lang='lat' dir='ltr'>Christus</span> <span class='ocrx_word' id='word_1_156' title='bbox 824 1628 855 1657; x_wconf 94' lang='lat' dir='ltr'>in</span> <span class='ocrx_word' id='word_1_157' title='bbox 871 1638 940 1668; x_wconf 90' lang='lat' dir='ltr'>pro-</span> 
     </span>
     <span class='ocr_line' id='line_1_29' title="bbox 167 1682 939 1722; baseline -0.003 -9"><span class='ocrx_word' id='word_1_158' title='bbox 167 1683 235 1722; x_wconf 78' lang='lat' dir='ltr'>pria</span> <span class='ocrx_word' id='word_1_159' title='bbox 250 1692 383 1722; x_wconf 88' lang='lat' dir='ltr'>persona</span> <span class='ocrx_word' id='word_1_160' title='bbox 403 1692 467 1713; x_wconf 87' lang='lat' dir='ltr'>nou</span> <span class='ocrx_word' id='word_1_161' title='bbox 483 1682 605 1722; x_wconf 75' lang='lat' dir='ltr'>excepit</span> <span class='ocrx_word' id='word_1_162' title='bbox 621 1693 628 1712; x_wconf 77' lang='lat'>2</span> <span class='ocrx_word' id='word_1_163' title='bbox 648 1691 727 1721; x_wconf 88' lang='lat' dir='ltr'>ergo</span> <span class='ocrx_word' id='word_1_164' title='bbox 746 1682 772 1711; x_wconf 89' lang='lat' dir='ltr'>si</span> <span class='ocrx_word' id='word_1_165' title='bbox 794 1682 875 1711; x_wconf 87' lang='lat' dir='ltr'>nihil</span> <span class='ocrx_word' id='word_1_166' title='bbox 892 1682 939 1712; x_wconf 88' lang='lat' dir='ltr'>di-</span> 
     </span>
     <span class='ocr_line' id='line_1_30' title="bbox 170 1735 940 1774; baseline -0.001 -8"><span class='ocrx_word' id='word_1_167' title='bbox 170 1736 329 1766; x_wconf 87' lang='lat' dir='ltr'>minutum</span> <span class='ocrx_word' id='word_1_168' title='bbox 346 1736 437 1766; x_wconf 84' lang='lat' dir='ltr'>debet</span> <span class='ocrx_word' id='word_1_169' title='bbox 453 1745 521 1765; x_wconf 85' lang='lat' dir='ltr'>esse</span> <span class='ocrx_word' id='word_1_170' title='bbox 539 1735 568 1765; x_wconf 89' lang='lat' dir='ltr'>in</span> <span class='ocrx_word' id='word_1_171' title='bbox 585 1735 738 1771; x_wconf 74' lang='lat' dir='ltr'>Ecclesia,</span> <span class='ocrx_word' id='word_1_172' title='bbox 755 1744 834 1773; x_wconf 89' lang='lat' dir='ltr'>ergo</span> <span class='ocrx_word' id='word_1_173' title='bbox 850 1744 940 1774; x_wconf 87' lang='lat' dir='ltr'>posse</span> 
     </span>
     <span class='ocr_line' id='line_1_31' title="bbox 166 1789 939 1828; baseline -0.001 -8"><span class='ocrx_word' id='word_1_174' title='bbox 166 1790 394 1820; x_wconf 84' lang='lat' dir='ltr'>‹leterminandi</span> <span class='ocrx_word' id='word_1_175' title='bbox 435 1789 579 1819; x_wconf 67' lang='lat' dir='ltr'>Ecclesiae</span> <span class='ocrx_word' id='word_1_176' title='bbox 619 1789 763 1828; x_wconf 79' lang='lat' dir='ltr'>reliquit,</span> <span class='ocrx_word' id='word_1_177' title='bbox 800 1789 939 1819; x_wconf 75' lang='lat' dir='ltr'>maxime</span> 
     </span>
     <span class='ocr_line' id='line_1_32' title="bbox 170 1842 940 1883; baseline -0.003 -9"><span class='ocrx_word' id='word_1_178' title='bbox 170 1843 260 1874; x_wconf 77' lang='lat' dir='ltr'>Petro</span> <span class='ocrx_word' id='word_1_179' title='bbox 282 1846 312 1874; x_wconf 86' lang='lat' dir='ltr'>et</span> <span class='ocrx_word' id='word_1_180' title='bbox 329 1845 398 1883; x_wconf 76' lang='lat' dir='ltr'>ejus</span> <span class='ocrx_word' id='word_1_181' title='bbox 420 1843 612 1873; x_wconf 73' lang='lat' dir='ltr'>successori:</span> <span class='ocrx_word' id='word_1_182' title='bbox 639 1842 724 1882; x_wconf 83' lang='lat' dir='ltr'>quod</span> <span class='ocrx_word' id='word_1_183' title='bbox 746 1842 940 1873; x_wconf 84' lang='lat' dir='ltr'>attendentes</span> 
     </span>
     <span class='ocr_line' id='line_1_33' title="bbox 166 1896 939 1935; baseline -0.003 -8"><span class='ocrx_word' id='word_1_184' title='bbox 166 1897 263 1927; x_wconf 85' lang='lat' dir='ltr'>sancti</span> <span class='ocrx_word' id='word_1_185' title='bbox 293 1896 400 1927; x_wconf 82' lang='lat' dir='ltr'>Patres</span> <span class='ocrx_word' id='word_1_186' title='bbox 417 1921 425 1935; x_wconf 82' lang='lat'>,</span> <span class='ocrx_word' id='word_1_187' title='bbox 456 1897 648 1935; x_wconf 82' lang='lat' dir='ltr'>exceperunt</span> <span class='ocrx_word' id='word_1_188' title='bbox 677 1896 794 1926; x_wconf 85' lang='lat' dir='ltr'>multos</span> <span class='ocrx_word' id='word_1_189' title='bbox 820 1896 939 1935; x_wconf 82' lang='lat' dir='ltr'>gradus</span> 
     </span>
     <span class='ocr_line' id='line_1_34' title="bbox 166 1950 938 1989; baseline -0.001 -9"><span class='ocrx_word' id='word_1_190' title='bbox 166 1950 472 1989; x_wconf 74' lang='lat' dir='ltr'>consanguinitatis:</span> <span class='ocrx_word' id='word_1_191' title='bbox 489 1959 527 1980; x_wconf 78' lang='lat' dir='ltr'>ex</span> <span class='ocrx_word' id='word_1_192' title='bbox 541 1959 606 1989; x_wconf 89' lang='lat' dir='ltr'>quo</span> <span class='ocrx_word' id='word_1_193' title='bbox 621 1952 762 1989; x_wconf 78' lang='lat' dir='ltr'>apparet,</span> <span class='ocrx_word' id='word_1_194' title='bbox 779 1950 863 1989; x_wconf 89' lang='lat' dir='ltr'>quod</span> <span class='ocrx_word' id='word_1_195' title='bbox 879 1950 938 1988; x_wconf 90' lang='lat' dir='ltr'>ipsi</span> 
     </span>
     <span class='ocr_line' id='line_1_35' title="bbox 167 2003 936 2042; baseline -0.003 -9"><span class='ocrx_word' id='word_1_196' title='bbox 167 2012 257 2042; x_wconf 86' lang='lat' dir='ltr'>posse</span> <span class='ocrx_word' id='word_1_197' title='bbox 269 2003 462 2033; x_wconf 86' lang='lat' dir='ltr'>habuerunt.</span> <span class='ocrx_word' id='word_1_198' title='bbox 480 2003 513 2033; x_wconf 81' lang='lat' dir='ltr'>Si</span> <span class='ocrx_word' id='word_1_199' title='bbox 528 2005 634 2033; x_wconf 80' lang='lat' dir='ltr'>antem</span> <span class='ocrx_word' id='word_1_200' title='bbox 651 2004 686 2032; x_wconf 83' lang='lat' dir='ltr'>tu</span> <span class='ocrx_word' id='word_1_201' title='bbox 701 2011 826 2041; x_wconf 74' lang='lat' dir='ltr'>quaeras</span> <span class='ocrx_word' id='word_1_202' title='bbox 840 2012 859 2032; x_wconf 87' lang='lat' dir='ltr'>a</span> <span class='ocrx_word' id='word_1_203' title='bbox 874 2011 936 2039; x_wconf 90' lang='lat' dir='ltr'>me,</span> 
     </span>
     <span class='ocr_line' id='line_1_36' title="bbox 167 2054 935 2095; baseline -0.003 -9"><span class='ocrx_word' id='word_1_204' title='bbox 167 2065 266 2095; x_wconf 84' lang='lat' dir='ltr'>quare</span> <span class='ocrx_word' id='word_1_205' title='bbox 288 2056 471 2095; x_wconf 86' lang='lat' dir='ltr'>hujusmodi</span> <span class='ocrx_word' id='word_1_206' title='bbox 491 2065 579 2095; x_wconf 84' lang='lat' dir='ltr'>posse</span> <span class='ocrx_word' id='word_1_207' title='bbox 600 2054 744 2085; x_wconf 82' lang='lat' dir='ltr'>Ecclesiae</span> <span class='ocrx_word' id='word_1_208' title='bbox 759 2055 935 2094; x_wconf 76' lang='lat' dir='ltr'>dereliquit,</span> 
     </span>
     <span class='ocr_line' id='line_1_37' title="bbox 166 2107 937 2148; baseline 0.003 -10"><span class='ocrx_word' id='word_1_209' title='bbox 166 2109 349 2146; x_wconf 84' lang='lat' dir='ltr'>dicendum,</span> <span class='ocrx_word' id='word_1_210' title='bbox 366 2108 449 2148; x_wconf 80' lang='lat' dir='ltr'>quod</span> <span class='ocrx_word' id='word_1_211' title='bbox 466 2108 545 2138; x_wconf 84' lang='lat' dir='ltr'>ratio</span> <span class='ocrx_word' id='word_1_212' title='bbox 568 2107 667 2147; x_wconf 77' lang='lat' dir='ltr'>hujus</span> <span class='ocrx_word' id='word_1_213' title='bbox 688 2110 747 2145; x_wconf 75' lang='lat' dir='ltr'>est,</span> <span class='ocrx_word' id='word_1_214' title='bbox 772 2109 843 2148; x_wconf 85' lang='lat' dir='ltr'>quia</span> <span class='ocrx_word' id='word_1_215' title='bbox 860 2109 937 2141; x_wconf 88' lang='lat' dir='ltr'>illud</span> 
     </span>
     <span class='ocr_line' id='line_1_38' title="bbox 166 2161 937 2202; baseline 0.003 -10"><span class='ocrx_word' id='word_1_216' title='bbox 166 2165 401 2192; x_wconf 81' lang='lat' dir='ltr'>sacramentum</span> <span class='ocrx_word' id='word_1_217' title='bbox 421 2162 454 2192; x_wconf 90' lang='lat' dir='ltr'>in</span> <span class='ocrx_word' id='word_1_218' title='bbox 468 2163 631 2192; x_wconf 84' lang='lat' dir='ltr'>contractu</span> <span class='ocrx_word' id='word_1_219' title='bbox 644 2161 800 2200; x_wconf 79' lang='lat' dir='ltr'>consistit,</span> <span class='ocrx_word' id='word_1_220' title='bbox 821 2163 876 2202; x_wconf 87' lang='lat' dir='ltr'>qui</span> <span class='ocrx_word' id='word_1_221' title='bbox 891 2166 937 2194; x_wconf 86' lang='lat' dir='ltr'>est</span> 
     </span>
     <span class='ocr_line' id='line_1_39' title="bbox 166 2215 937 2255; baseline 0.001 -9"><span class='ocrx_word' id='word_1_222' title='bbox 166 2224 310 2254; x_wconf 61' lang='lat' dir='ltr'>personae</span> <span class='ocrx_word' id='word_1_223' title='bbox 325 2216 362 2246; x_wconf 77' lang='lat' dir='ltr'>ad</span> <span class='ocrx_word' id='word_1_224' title='bbox 381 2224 561 2255; x_wconf 72' lang='lat' dir='ltr'>personam:</span> <span class='ocrx_word' id='word_1_225' title='bbox 580 2217 611 2245; x_wconf 85' lang='lat' dir='ltr'>et</span> <span class='ocrx_word' id='word_1_226' title='bbox 620 2215 771 2254; x_wconf 84' lang='lat' dir='ltr'>quoniam</span> <span class='ocrx_word' id='word_1_227' title='bbox 784 2215 937 2247; x_wconf 84' lang='lat' dir='ltr'>Dominus</span> 
     </span>
     <span class='ocr_line' id='line_1_40' title="bbox 167 2267 938 2310; baseline 0.001 -11"><span class='ocrx_word' id='word_1_228' title='bbox 167 2269 294 2308; x_wconf 81' lang='lat' dir='ltr'>plenam</span> <span class='ocrx_word' id='word_1_229' title='bbox 305 2269 557 2308; x_wconf 67' lang='lat' dir='ltr'>jurisdictionem</span> <span class='ocrx_word' id='word_1_230' title='bbox 573 2268 657 2299; x_wconf 86' lang='lat' dir='ltr'>dedit</span> <span class='ocrx_word' id='word_1_231' title='bbox 668 2267 759 2298; x_wconf 86' lang='lat' dir='ltr'>Petro</span> <span class='ocrx_word' id='word_1_232' title='bbox 769 2278 866 2309; x_wconf 88' lang='lat' dir='ltr'>super</span> <span class='ocrx_word' id='word_1_233' title='bbox 878 2271 938 2310; x_wconf 87' lang='lat' dir='ltr'>spi-</span> 
     </span>
     <span class='ocr_line' id='line_1_41' title="bbox 166 2322 937 2361; baseline 0.003 -8"><span class='ocrx_word' id='word_1_234' title='bbox 166 2322 305 2360; x_wconf 77' lang='lat' dir='ltr'>ritualia,</span> <span class='ocrx_word' id='word_1_235' title='bbox 319 2325 349 2352; x_wconf 81' lang='lat' dir='ltr'>ct</span> <span class='ocrx_word' id='word_1_236' title='bbox 363 2322 560 2361; x_wconf 79' lang='lat' dir='ltr'>ampliorem,</span> <span class='ocrx_word' id='word_1_237' title='bbox 577 2331 672 2361; x_wconf 79' lang='lat' dir='ltr'>quam</span> <span class='ocrx_word' id='word_1_238' title='bbox 689 2331 783 2360; x_wconf 85' lang='lat' dir='ltr'>reges</span> <span class='ocrx_word' id='word_1_239' title='bbox 797 2325 891 2354; x_wconf 81' lang='lat' dir='ltr'>terrae</span> <span class='ocrx_word' id='word_1_240' title='bbox 907 2327 937 2355; x_wconf 87' lang='lat' dir='ltr'>et</span> 
     </span>
     <span class='ocr_line' id='line_1_42' title="bbox 167 2375 936 2416; baseline 0.001 -10"><span class='ocrx_word' id='word_1_241' title='bbox 167 2377 338 2416; x_wconf 82' lang='lat' dir='ltr'>imperator</span> <span class='ocrx_word' id='word_1_242' title='bbox 351 2376 485 2406; x_wconf 76' lang='lat' dir='ltr'>habeant</span> <span class='ocrx_word' id='word_1_243' title='bbox 501 2385 595 2414; x_wconf 88' lang='lat' dir='ltr'>super</span> <span class='ocrx_word' id='word_1_244' title='bbox 606 2375 807 2414; x_wconf 81' lang='lat' dir='ltr'>temporalia:</span> <span class='ocrx_word' id='word_1_245' title='bbox 820 2377 846 2406; x_wconf 91' lang='lat' dir='ltr'>si</span> <span class='ocrx_word' id='word_1_246' title='bbox 858 2386 936 2416; x_wconf 85' lang='lat' dir='ltr'>ergo</span> 
     </span>
     <span class='ocr_line' id='line_1_43' title="bbox 166 2429 937 2469; baseline 0 -9"><span class='ocrx_word' id='word_1_247' title='bbox 166 2430 252 2469; x_wconf 84' lang='lat' dir='ltr'>regis</span> <span class='ocrx_word' id='word_1_248' title='bbox 267 2432 296 2460; x_wconf 85' lang='lat' dir='ltr'>et</span> <span class='ocrx_word' id='word_1_249' title='bbox 314 2429 461 2469; x_wconf 83' lang='lat' dir='ltr'>principis</span> <span class='ocrx_word' id='word_1_250' title='bbox 480 2429 618 2467; x_wconf 73' lang='lat' dir='ltr'>potentia</span> <span class='ocrx_word' id='word_1_251' title='bbox 638 2431 739 2468; x_wconf 86' lang='lat' dir='ltr'>potest</span> <span class='ocrx_word' id='word_1_252' title='bbox 760 2432 937 2461; x_wconf 87' lang='lat' dir='ltr'>contractus</span> 
     </span>
     <span class='ocr_line' id='line_1_44' title="bbox 166 2481 935 2522; baseline 0 -9"><span class='ocrx_word' id='word_1_253' title='bbox 166 2483 318 2521; x_wconf 81' lang='lat' dir='ltr'>limitare,</span> <span class='ocrx_word' id='word_1_254' title='bbox 336 2486 369 2512; x_wconf 87' lang='lat' dir='ltr'>ut</span> <span class='ocrx_word' id='word_1_255' title='bbox 389 2481 481 2512; x_wconf 79' lang='lat' dir='ltr'>malae</span> <span class='ocrx_word' id='word_1_256' title='bbox 500 2481 573 2511; x_wconf 79' lang='lat' dir='ltr'>[idei</span> <span class='ocrx_word' id='word_1_257' title='bbox 595 2490 752 2520; x_wconf 78' lang='lat' dir='ltr'>possessor</span> <span class='ocrx_word' id='word_1_258' title='bbox 764 2483 935 2522; x_wconf 84' lang='lat' dir='ltr'>judicetur,</span> 
     </span>
     <span class='ocr_line' id='line_1_45' title="bbox 167 2533 937 2576; baseline 0 -10"><span class='ocrx_word' id='word_1_259' title='bbox 167 2536 222 2576; x_wconf 90' lang='lat' dir='ltr'>qui</span> <span class='ocrx_word' id='word_1_260' title='bbox 245 2538 354 2567; x_wconf 81' lang='lat' dir='ltr'>contra</span> <span class='ocrx_word' id='word_1_261' title='bbox 377 2543 487 2565; x_wconf 86' lang='lat' dir='ltr'>eorum</span> <span class='ocrx_word' id='word_1_262' title='bbox 512 2533 679 2564; x_wconf 82' lang='lat' dir='ltr'>interdicta</span> <span class='ocrx_word' id='word_1_263' title='bbox 709 2535 830 2572; x_wconf 82' lang='lat' dir='ltr'>veniat,</span> <span class='ocrx_word' id='word_1_264' title='bbox 860 2536 937 2575; x_wconf 87' lang='lat' dir='ltr'>quid</span> 
     </span>
     <span class='ocr_line' id='line_1_46' title="bbox 167 2587 938 2627; baseline 0 -7"><span class='ocrx_word' id='word_1_265' title='bbox 167 2589 304 2627; x_wconf 86' lang='lat' dir='ltr'>mirum,</span> <span class='ocrx_word' id='word_1_266' title='bbox 323 2589 349 2619; x_wconf 87' lang='lat' dir='ltr'>si</span> <span class='ocrx_word' id='word_1_267' title='bbox 371 2587 491 2619; x_wconf 78' lang='lat' dir='ltr'>dederit</span> <span class='ocrx_word' id='word_1_268' title='bbox 507 2587 651 2618; x_wconf 70' lang='lat' dir='ltr'>Ecclesiae</span> <span class='ocrx_word' id='word_1_269' title='bbox 671 2588 783 2626; x_wconf 81' lang='lat' dir='ltr'>posse?</span> <span class='ocrx_word' id='word_1_270' title='bbox 802 2588 868 2618; x_wconf 78' lang='lat' dir='ltr'>Iino</span> <span class='ocrx_word' id='word_1_271' title='bbox 884 2589 938 2620; x_wconf 89' lang='lat' dir='ltr'>de—</span> 
     </span>
    </p>
   </div>
   <div class='ocr_carea' id='block_1_6' title="bbox 202 2651 409 2681">
    <p class='ocr_par' dir='ltr' id='par_1_6' title="bbox 202 2651 409 2681">
     <span class='ocr_line' id='line_1_47' title="bbox 202 2651 409 2681; baseline -0.005 -6"><span class='ocrx_word' id='word_1_272' title='bbox 202 2651 313 2681; x_wconf 75' lang='lat' dir='ltr'>¹Genes.,</span> <span class='ocrx_word' id='word_1_273' title='bbox 330 2657 357 2680; x_wconf 82' lang='lat' dir='ltr'>u,</span> <span class='ocrx_word' id='word_1_274' title='bbox 372 2652 409 2674; x_wconf 77' lang='lat'>24.</span> 
     </span>
    </p>
   </div>
   <div class='ocr_carea' id='block_1_7' title="bbox 726 174 1206 209">
    <p class='ocr_par' dir='ltr' id='par_1_7' title="bbox 726 174 1206 209">
     <span class='ocr_line' id='line_1_48' title="bbox 726 174 1206 209; baseline -0.004 0"><span class='ocrx_word' id='word_1_275' title='bbox 726 174 1034 209; x_wconf 63' lang='lat' dir='ltr'>SENTENTtAumt</span> <span class='ocrx_word' id='word_1_276' title='bbox 1060 176 1131 207; x_wconf 70' lang='lat' dir='ltr'>[AB.</span> <span class='ocrx_word' id='word_1_277' title='bbox 1159 177 1206 207; x_wconf 92' lang='lat' dir='ltr'>lV.</span> 
     </span>
    </p>
   </div>
   <div class='ocr_carea' id='block_1_8' title="bbox 991 242 1769 2680">
    <p class='ocr_par' dir='ltr' id='par_1_8' title="bbox 991 242 1769 2680">
     <span class='ocr_line' id='line_1_49' title="bbox 998 242 1766 284; baseline 0.005 -11"><span class='ocrx_word' id='word_1_278' title='bbox 998 242 1066 273; x_wconf 88' lang='lat' dir='ltr'>buit</span> <span class='ocrx_word' id='word_1_279' title='bbox 1080 243 1166 279; x_wconf 75' lang='lat' dir='ltr'>dare,</span> <span class='ocrx_word' id='word_1_280' title='bbox 1182 245 1217 274; x_wconf 89' lang='lat' dir='ltr'>ut</span> <span class='ocrx_word' id='word_1_281' title='bbox 1234 246 1337 283; x_wconf 88' lang='lat' dir='ltr'>posset</span> <span class='ocrx_word' id='word_1_282' title='bbox 1352 253 1561 284; x_wconf 85' lang='lat' dir='ltr'>personarum</span> <span class='ocrx_word' id='word_1_283' title='bbox 1581 244 1766 284; x_wconf 86' lang='lat' dir='ltr'>legitimita-</span> 
     </span>
     <span class='ocr_line' id='line_1_50' title="bbox 996 296 1767 330; baseline 0.006 -5"><span class='ocrx_word' id='word_1_284' title='bbox 996 298 1059 326; x_wconf 91' lang='lat' dir='ltr'>tem</span> <span class='ocrx_word' id='word_1_285' title='bbox 1074 299 1104 326; x_wconf 85' lang='lat' dir='ltr'>ct</span> <span class='ocrx_word' id='word_1_286' title='bbox 1123 296 1326 327; x_wconf 84' lang='lat' dir='ltr'>idoneitatem</span> <span class='ocrx_word' id='word_1_287' title='bbox 1341 298 1379 328; x_wconf 87' lang='lat' dir='ltr'>ad</span> <span class='ocrx_word' id='word_1_288' title='bbox 1395 298 1649 329; x_wconf 80' lang='lat' dir='ltr'>contrahendum</span> <span class='ocrx_word' id='word_1_289' title='bbox 1662 298 1767 330; x_wconf 86' lang='lat' dir='ltr'>deter—</span> 
     </span>
     <span class='ocr_line' id='line_1_51' title="bbox 997 349 1768 391; baseline 0.005 -13"><span class='ocrx_word' id='word_1_290' title='bbox 997 349 1128 379; x_wconf 76' lang='lat' dir='ltr'>minare.</span> <span class='ocrx_word' id='word_1_291' title='bbox 1143 349 1175 379; x_wconf 79' lang='lat' dir='ltr'>Si</span> <span class='ocrx_word' id='word_1_292' title='bbox 1191 352 1225 380; x_wconf 88' lang='lat' dir='ltr'>tu</span> <span class='ocrx_word' id='word_1_293' title='bbox 1241 359 1377 389; x_wconf 76' lang='lat' dir='ltr'>quaeras,</span> <span class='ocrx_word' id='word_1_294' title='bbox 1394 360 1492 390; x_wconf 85' lang='lat' dir='ltr'>quare</span> <span class='ocrx_word' id='word_1_295' title='bbox 1506 351 1572 391; x_wconf 91' lang='lat' dir='ltr'>ipse</span> <span class='ocrx_word' id='word_1_296' title='bbox 1588 360 1644 391; x_wconf 88' lang='lat' dir='ltr'>per</span> <span class='ocrx_word' id='word_1_297' title='bbox 1658 361 1690 382; x_wconf 86' lang='lat' dir='ltr'>se</span> <span class='ocrx_word' id='word_1_298' title='bbox 1703 361 1768 382; x_wconf 93' lang='lat' dir='ltr'>non</span> 
     </span>
     <span class='ocr_line' id='line_1_52' title="bbox 996 403 1766 444; baseline 0.005 -12"><span class='ocrx_word' id='word_1_299' title='bbox 996 403 1231 440; x_wconf 79' lang='lat' dir='ltr'>deterininavit;</span> <span class='ocrx_word' id='word_1_300' title='bbox 1261 403 1320 433; x_wconf 89' lang='lat' dir='ltr'>dici</span> <span class='ocrx_word' id='word_1_301' title='bbox 1344 406 1459 443; x_wconf 84' lang='lat' dir='ltr'>potest,</span> <span class='ocrx_word' id='word_1_302' title='bbox 1485 405 1567 444; x_wconf 90' lang='lat' dir='ltr'>quod</span> <span class='ocrx_word' id='word_1_303' title='bbox 1593 405 1766 436; x_wconf 73' lang='lat' dir='ltr'>secundum</span> 
     </span>
     <span class='ocr_line' id='line_1_53' title="bbox 996 455 1768 497; baseline 0.006 -13"><span class='ocrx_word' id='word_1_304' title='bbox 996 455 1121 486; x_wconf 78' lang='lat' dir='ltr'>diversa</span> <span class='ocrx_word' id='word_1_305' title='bbox 1132 458 1277 495; x_wconf 82' lang='lat' dir='ltr'>tempora</span> <span class='ocrx_word' id='word_1_306' title='bbox 1290 457 1454 495; x_wconf 80' lang='lat' dir='ltr'>oportebat</span> <span class='ocrx_word' id='word_1_307' title='bbox 1467 457 1608 488; x_wconf 83' lang='lat' dir='ltr'>diversas</span> <span class='ocrx_word' id='word_1_308' title='bbox 1620 467 1768 497; x_wconf 83' lang='lat' dir='ltr'>personas</span> 
     </span>
     <span class='ocr_line' id='line_1_54' title="bbox 996 508 1768 549; baseline 0.008 -13"><span class='ocrx_word' id='word_1_309' title='bbox 996 511 1026 537; x_wconf 82' lang='lat' dir='ltr'>ct</span> <span class='ocrx_word' id='word_1_310' title='bbox 1039 508 1179 538; x_wconf 71' lang='lat' dir='ltr'>diversos</span> <span class='ocrx_word' id='word_1_311' title='bbox 1195 509 1315 547; x_wconf 81' lang='lat' dir='ltr'>gradus</span> <span class='ocrx_word' id='word_1_312' title='bbox 1329 510 1430 548; x_wconf 79' lang='lat' dir='ltr'>excipi</span> <span class='ocrx_word' id='word_1_313' title='bbox 1444 521 1450 539; x_wconf 71' lang='grc' dir='ltr'><strong><em>ι</em></strong></span> <span class='ocrx_word' id='word_1_314' title='bbox 1468 510 1542 549; x_wconf 85' lang='lat' dir='ltr'>quia</span> <span class='ocrx_word' id='word_1_315' title='bbox 1556 519 1636 549; x_wconf 84' lang='lat' dir='ltr'>ergo</span> <span class='ocrx_word' id='word_1_316' title='bbox 1651 513 1768 542; x_wconf 85' lang='lat' dir='ltr'>statuta</span> 
     </span>
     <span class='ocr_line' id='line_1_55' title="bbox 995 560 1765 604; baseline 0.005 -13"><span class='ocrx_word' id='word_1_317' title='bbox 995 560 1102 592; x_wconf 78' lang='lat' dir='ltr'>divina</span> <span class='ocrx_word' id='word_1_318' title='bbox 1118 572 1179 592; x_wconf 85' lang='lat' dir='ltr'>non</span> <span class='ocrx_word' id='word_1_319' title='bbox 1196 562 1282 592; x_wconf 85' lang='lat' dir='ltr'>decet</span> <span class='ocrx_word' id='word_1_320' title='bbox 1299 563 1343 592; x_wconf 89' lang='lat' dir='ltr'>sic</span> <span class='ocrx_word' id='word_1_321' title='bbox 1361 566 1500 601; x_wconf 80' lang='lat' dir='ltr'>mutare,</span> <span class='ocrx_word' id='word_1_322' title='bbox 1516 563 1596 594; x_wconf 88' lang='lat' dir='ltr'>sicut</span> <span class='ocrx_word' id='word_1_323' title='bbox 1611 564 1765 604; x_wconf 82' lang='lat' dir='ltr'>humana,</span> 
     </span>
     <span class='ocr_line' id='line_1_56' title="bbox 997 614 1768 655; baseline 0.006 -12"><span class='ocrx_word' id='word_1_324' title='bbox 997 614 1069 644; x_wconf 74' lang='lat' dir='ltr'>liinc</span> <span class='ocrx_word' id='word_1_325' title='bbox 1084 617 1127 645; x_wconf 83' lang='lat' dir='ltr'>est</span> <span class='ocrx_word' id='word_1_326' title='bbox 1144 615 1227 654; x_wconf 81' lang='lat' dir='ltr'>quod</span> <span class='ocrx_word' id='word_1_327' title='bbox 1245 625 1310 646; x_wconf 88' lang='lat' dir='ltr'>non</span> <span class='ocrx_word' id='word_1_328' title='bbox 1329 616 1394 655; x_wconf 87' lang='lat' dir='ltr'>ipse</span> <span class='ocrx_word' id='word_1_329' title='bbox 1409 616 1551 647; x_wconf 86' lang='lat' dir='ltr'>Christus</span> <span class='ocrx_word' id='word_1_330' title='bbox 1565 617 1674 648; x_wconf 85' lang='lat' dir='ltr'>debuit</span> <span class='ocrx_word' id='word_1_331' title='bbox 1687 617 1768 648; x_wconf 86' lang='lat' dir='ltr'>limi-</span> 
     </span>
     <span class='ocr_line' id='line_1_57' title="bbox 996 668 1766 709; baseline 0.004 -12"><span class='ocrx_word' id='word_1_332' title='bbox 996 669 1061 697; x_wconf 83' lang='lat' dir='ltr'>tare</span> <span class='ocrx_word' id='word_1_333' title='bbox 1072 691 1079 704; x_wconf 88' lang='lat'>,</span> <span class='ocrx_word' id='word_1_334' title='bbox 1096 668 1149 698; x_wconf 84' lang='lat' dir='ltr'>scd</span> <span class='ocrx_word' id='word_1_335' title='bbox 1163 668 1343 699; x_wconf 83' lang='lat' dir='ltr'>limitandos</span> <span class='ocrx_word' id='word_1_336' title='bbox 1359 668 1450 700; x_wconf 87' lang='lat' dir='ltr'>Petro</span> <span class='ocrx_word' id='word_1_337' title='bbox 1469 671 1499 700; x_wconf 85' lang='lat' dir='ltr'>ct</span> <span class='ocrx_word' id='word_1_338' title='bbox 1521 672 1590 709; x_wconf 83' lang='lat' dir='ltr'>ejus</span> <span class='ocrx_word' id='word_1_339' title='bbox 1605 679 1766 701; x_wconf 79' lang='lat' dir='ltr'>successo-</span> 
     </span>
     <span class='ocr_line' id='line_1_58' title="bbox 995 715 1764 762; baseline 0.007 -13"><span class='ocrx_word' id='word_1_340' title='bbox 995 720 1086 750; x_wconf 85' lang='lat' dir='ltr'>ribus</span> <span class='ocrx_word' id='word_1_341' title='bbox 1101 721 1298 751; x_wconf 74' lang='lat' dir='ltr'>committere</span> <span class='ocrx_word' id='word_1_342' title='bbox 1313 733 1320 752; x_wconf 86' lang='lat' dir='ltr'>z</span> <span class='ocrx_word' id='word_1_343' title='bbox 1342 724 1372 751; x_wconf 83' lang='lat' dir='ltr'>et</span> <span class='ocrx_word' id='word_1_344' title='bbox 1393 722 1438 752; x_wconf 85' lang='lat' dir='ltr'>sic</span> <span class='ocrx_word' id='word_1_345' title='bbox 1457 725 1542 762; x_wconf 87' lang='lat' dir='ltr'>patet</span> <span class='ocrx_word' id='word_1_346' title='bbox 1556 715 1640 762; x_wconf 58' lang='lat' dir='ltr'>duod</span> <span class='ocrx_word' id='word_1_347' title='bbox 1653 723 1764 762; x_wconf 87' lang='lat' dir='ltr'>potuit.</span> 
     </span>
     <span class='ocr_line' id='line_1_59' title="bbox 996 773 1767 816; baseline 0.004 -12"><span class='ocrx_word' id='word_1_348' title='bbox 996 773 1140 804; x_wconf 84' lang='lat' dir='ltr'>Secundo</span> <span class='ocrx_word' id='word_1_349' title='bbox 1163 784 1239 805; x_wconf 82' lang='lat' dir='ltr'>vcro</span> <span class='ocrx_word' id='word_1_350' title='bbox 1259 784 1441 813; x_wconf 87' lang='lat' dir='ltr'>congruum</span> <span class='ocrx_word' id='word_1_351' title='bbox 1465 775 1540 814; x_wconf 83' lang='lat' dir='ltr'>fuit,</span> <span class='ocrx_word' id='word_1_352' title='bbox 1563 776 1645 815; x_wconf 91' lang='lat' dir='ltr'>quod</span> <span class='ocrx_word' id='word_1_353' title='bbox 1664 785 1767 816; x_wconf 88' lang='lat' dir='ltr'>usque</span> 
     </span>
     <span class='ocr_line' id='line_1_60' title="bbox 995 827 1766 868; baseline 0.003 -11"><span class='ocrx_word' id='word_1_354' title='bbox 995 827 1033 857; x_wconf 80' lang='lat' dir='ltr'>ad</span> <span class='ocrx_word' id='word_1_355' title='bbox 1048 828 1142 858; x_wconf 80' lang='lat' dir='ltr'>talem</span> <span class='ocrx_word' id='word_1_356' title='bbox 1163 829 1299 867; x_wconf 82' lang='lat' dir='ltr'>gradum</span> <span class='ocrx_word' id='word_1_357' title='bbox 1320 828 1580 867; x_wconf 81' lang='lat' dir='ltr'>consanguinitas</span> <span class='ocrx_word' id='word_1_358' title='bbox 1594 829 1766 868; x_wconf 64' lang='lat' dir='ltr'>&amp;protende-</span> 
     </span>
     <span class='ocr_line' id='line_1_61' title="bbox 996 881 1767 920; baseline 0.003 -10"><span class='ocrx_word' id='word_1_359' title='bbox 996 883 1100 918; x_wconf 84' lang='lat' dir='ltr'>retur;</span> <span class='ocrx_word' id='word_1_360' title='bbox 1117 881 1267 920; x_wconf 82' lang='lat' dir='ltr'>quoniam</span> <span class='ocrx_word' id='word_1_361' title='bbox 1281 882 1540 920; x_wconf 74' lang='lat' dir='ltr'>consanguinitas</span> <span class='ocrx_word' id='word_1_362' title='bbox 1555 884 1661 912; x_wconf 88' lang='lat' dir='ltr'>ortum</span> <span class='ocrx_word' id='word_1_363' title='bbox 1671 882 1767 912; x_wconf 85' lang='lat' dir='ltr'>habet</span> 
     </span>
     <span class='ocr_line' id='line_1_62' title="bbox 995 935 1766 974; baseline 0.003 -10"><span class='ocrx_word' id='word_1_364' title='bbox 995 942 1035 964; x_wconf 83' lang='lat' dir='ltr'>ex</span> <span class='ocrx_word' id='word_1_365' title='bbox 1055 935 1300 974; x_wconf 81' lang='lat' dir='ltr'>propagatione,</span> <span class='ocrx_word' id='word_1_366' title='bbox 1327 935 1512 974; x_wconf 75' lang='lat' dir='ltr'>propagatio</span> <span class='ocrx_word' id='word_1_367' title='bbox 1536 937 1643 966; x_wconf 84' lang='lat' dir='ltr'>autem</span> <span class='ocrx_word' id='word_1_368' title='bbox 1666 937 1713 966; x_wconf 84' lang='lat' dir='ltr'>est</span> <span class='ocrx_word' id='word_1_369' title='bbox 1726 944 1766 966; x_wconf 83' lang='lat' dir='ltr'>ex</span> 
     </span>
     <span class='ocr_line' id='line_1_63' title="bbox 995 987 1766 1024; baseline 0.004 -8"><span class='ocrx_word' id='word_1_370' title='bbox 995 987 1132 1024; x_wconf 79' lang='lat' dir='ltr'>semine,</span> <span class='ocrx_word' id='word_1_371' title='bbox 1150 997 1259 1018; x_wconf 76' lang='lat' dir='ltr'>semen</span> <span class='ocrx_word' id='word_1_372' title='bbox 1282 991 1388 1018; x_wconf 78' lang='lat' dir='ltr'>autem</span> <span class='ocrx_word' id='word_1_373' title='bbox 1407 988 1439 1018; x_wconf 91' lang='lat' dir='ltr'>in</span> <span class='ocrx_word' id='word_1_374' title='bbox 1458 997 1491 1018; x_wconf 89' lang='lat' dir='ltr'>se</span> <span class='ocrx_word' id='word_1_375' title='bbox 1510 988 1606 1018; x_wconf 88' lang='lat' dir='ltr'>habet</span> <span class='ocrx_word' id='word_1_376' title='bbox 1618 991 1766 1019; x_wconf 83' lang='lat' dir='ltr'>naturam</span> 
     </span>
     <span class='ocr_line' id='line_1_64' title="bbox 995 1041 1767 1081; baseline 0.003 -11"><span class='ocrx_word' id='word_1_377' title='bbox 995 1043 1133 1079; x_wconf 87' lang='lat' dir='ltr'>quatuor</span> <span class='ocrx_word' id='word_1_378' title='bbox 1161 1041 1351 1079; x_wconf 83' lang='lat' dir='ltr'>humorum,</span> <span class='ocrx_word' id='word_1_379' title='bbox 1381 1043 1412 1071; x_wconf 90' lang='lat' dir='ltr'>et</span> <span class='ocrx_word' id='word_1_380' title='bbox 1435 1044 1572 1081; x_wconf 84' lang='lat' dir='ltr'>quatuor</span> <span class='ocrx_word' id='word_1_381' title='bbox 1595 1041 1767 1072; x_wconf 87' lang='lat' dir='ltr'>elemento-</span> 
     </span>
     <span class='ocr_line' id='line_1_65' title="bbox 995 1094 1766 1134; baseline 0.001 -11"><span class='ocrx_word' id='word_1_382' title='bbox 995 1102 1087 1123; x_wconf 90' lang='lat' dir='ltr'>rum:</span> <span class='ocrx_word' id='word_1_383' title='bbox 1112 1094 1186 1124; x_wconf 89' lang='lat' dir='ltr'>hinc</span> <span class='ocrx_word' id='word_1_384' title='bbox 1202 1096 1247 1124; x_wconf 83' lang='lat' dir='ltr'>est</span> <span class='ocrx_word' id='word_1_385' title='bbox 1261 1094 1346 1134; x_wconf 89' lang='lat' dir='ltr'>quod</span> <span class='ocrx_word' id='word_1_386' title='bbox 1360 1094 1620 1133; x_wconf 81' lang='lat' dir='ltr'>consanguinitas</span> <span class='ocrx_word' id='word_1_387' title='bbox 1642 1096 1766 1124; x_wconf 89' lang='lat' dir='ltr'>tantum</span> 
     </span>
     <span class='ocr_line' id='line_1_66' title="bbox 995 1147 1763 1186; baseline 0.003 -10"><span class='ocrx_word' id='word_1_388' title='bbox 995 1147 1032 1176; x_wconf 83' lang='lat' dir='ltr'>ad</span> <span class='ocrx_word' id='word_1_389' title='bbox 1049 1149 1196 1186; x_wconf 80' lang='lat' dir='ltr'>quartam</span> <span class='ocrx_word' id='word_1_390' title='bbox 1213 1148 1451 1186; x_wconf 79' lang='lat' dir='ltr'>generationem</span> <span class='ocrx_word' id='word_1_391' title='bbox 1464 1147 1572 1178; x_wconf 84' lang='lat' dir='ltr'>debuit</span> <span class='ocrx_word' id='word_1_392' title='bbox 1586 1147 1763 1185; x_wconf 86' lang='lat' dir='ltr'>terminari;</span> 
     </span>
     <span class='ocr_line' id='line_1_67' title="bbox 995 1200 1768 1239; baseline 0.003 -10"><span class='ocrx_word' id='word_1_393' title='bbox 995 1202 1025 1229; x_wconf 89' lang='lat' dir='ltr'>et</span> <span class='ocrx_word' id='word_1_394' title='bbox 1048 1200 1163 1230; x_wconf 82' lang='lat' dir='ltr'>iterum</span> <span class='ocrx_word' id='word_1_395' title='bbox 1187 1201 1270 1230; x_wconf 82' lang='lat' dir='ltr'>infra</span> <span class='ocrx_word' id='word_1_396' title='bbox 1293 1201 1384 1231; x_wconf 90' lang='lat' dir='ltr'>illum</span> <span class='ocrx_word' id='word_1_397' title='bbox 1408 1201 1545 1239; x_wconf 87' lang='lat' dir='ltr'>gradum</span> <span class='ocrx_word' id='word_1_398' title='bbox 1571 1210 1634 1231; x_wconf 91' lang='lat' dir='ltr'>non</span> <span class='ocrx_word' id='word_1_399' title='bbox 1660 1200 1768 1231; x_wconf 81' lang='lat' dir='ltr'>debuit</span> 
     </span>
     <span class='ocr_line' id='line_1_68' title="bbox 995 1253 1767 1293; baseline 0.001 -10"><span class='ocrx_word' id='word_1_400' title='bbox 995 1254 1201 1292; x_wconf 73' lang='lat' dir='ltr'>commisceri,</span> <span class='ocrx_word' id='word_1_401' title='bbox 1217 1263 1274 1284; x_wconf 84' lang='lat' dir='ltr'>nec</span> <span class='ocrx_word' id='word_1_402' title='bbox 1288 1254 1527 1284; x_wconf 81' lang='lat' dir='ltr'>matrimonium</span> <span class='ocrx_word' id='word_1_403' title='bbox 1541 1253 1693 1293; x_wconf 83' lang='lat' dir='ltr'>copulari,</span> <span class='ocrx_word' id='word_1_404' title='bbox 1710 1263 1767 1285; x_wconf 87' lang='lat' dir='ltr'>nec</span> 
     </span>
     <span class='ocr_line' id='line_1_69' title="bbox 996 1306 1768 1347; baseline 0.001 -10"><span class='ocrx_word' id='word_1_405' title='bbox 996 1309 1130 1346; x_wconf 83' lang='lat' dir='ltr'>potestas</span> <span class='ocrx_word' id='word_1_406' title='bbox 1147 1307 1287 1347; x_wconf 88' lang='lat' dir='ltr'>corporis</span> <span class='ocrx_word' id='word_1_407' title='bbox 1306 1307 1377 1337; x_wconf 87' lang='lat' dir='ltr'>aliis</span> <span class='ocrx_word' id='word_1_408' title='bbox 1397 1307 1475 1337; x_wconf 82' lang='lat' dir='ltr'>dari.</span> <span class='ocrx_word' id='word_1_409' title='bbox 1497 1306 1585 1337; x_wconf 87' lang='lat' dir='ltr'>Sicut</span> <span class='ocrx_word' id='word_1_410' title='bbox 1603 1316 1682 1346; x_wconf 85' lang='lat' dir='ltr'>ergo</span> <span class='ocrx_word' id='word_1_411' title='bbox 1696 1316 1768 1338; x_wconf 89' lang='lat' dir='ltr'>cor-</span> 
     </span>
     <span class='ocr_line' id='line_1_70' title="bbox 996 1360 1768 1400; baseline 0.003 -11"><span class='ocrx_word' id='word_1_412' title='bbox 996 1370 1054 1399; x_wconf 88' lang='lat' dir='ltr'>pus</span> <span class='ocrx_word' id='word_1_413' title='bbox 1075 1363 1211 1399; x_wconf 76' lang='lat' dir='ltr'>quatuor</span> <span class='ocrx_word' id='word_1_414' title='bbox 1233 1363 1354 1391; x_wconf 85' lang='lat' dir='ltr'>constat</span> <span class='ocrx_word' id='word_1_415' title='bbox 1379 1360 1559 1398; x_wconf 83' lang='lat' dir='ltr'>elementis,</span> <span class='ocrx_word' id='word_1_416' title='bbox 1582 1361 1625 1391; x_wconf 88' lang='lat' dir='ltr'>ita</span> <span class='ocrx_word' id='word_1_417' title='bbox 1645 1363 1768 1400; x_wconf 83' lang='lat' dir='ltr'>oportet</span> 
     </span>
     <span class='ocr_line' id='line_1_71' title="bbox 995 1413 1769 1453; baseline 0.001 -10"><span class='ocrx_word' id='word_1_418' title='bbox 995 1415 1133 1452; x_wconf 72' lang='lat' dir='ltr'>quatuor</span> <span class='ocrx_word' id='word_1_419' title='bbox 1148 1414 1302 1452; x_wconf 80' lang='lat' dir='ltr'>gradibus</span> <span class='ocrx_word' id='word_1_420' title='bbox 1320 1414 1448 1451; x_wconf 82' lang='lat' dir='ltr'>distare,</span> <span class='ocrx_word' id='word_1_421' title='bbox 1461 1413 1516 1453; x_wconf 88' lang='lat' dir='ltr'>qui</span> <span class='ocrx_word' id='word_1_422' title='bbox 1532 1413 1648 1444; x_wconf 86' lang='lat' dir='ltr'>debent</span> <span class='ocrx_word' id='word_1_423' title='bbox 1661 1422 1769 1444; x_wconf 86' lang='lat' dir='ltr'>carua-</span> 
     </span>
     <span class='ocr_line' id='line_1_72' title="bbox 996 1466 1768 1506; baseline 0.001 -11"><span class='ocrx_word' id='word_1_424' title='bbox 996 1466 1065 1496; x_wconf 87' lang='lat' dir='ltr'>liter</span> <span class='ocrx_word' id='word_1_425' title='bbox 1079 1467 1286 1498; x_wconf 80' lang='lat' dir='ltr'>commisceri.</span> <span class='ocrx_word' id='word_1_426' title='bbox 1306 1466 1345 1496; x_wconf 84' lang='lat' dir='ltr'>Et</span> <span class='ocrx_word' id='word_1_427' title='bbox 1360 1467 1478 1497; x_wconf 84' lang='lat' dir='ltr'>iterum</span> <span class='ocrx_word' id='word_1_428' title='bbox 1497 1466 1550 1496; x_wconf 80' lang='lat' dir='ltr'>lex</span> <span class='ocrx_word' id='word_1_429' title='bbox 1570 1475 1653 1496; x_wconf 82' lang='lat' dir='ltr'>nova</span> <span class='ocrx_word' id='word_1_430' title='bbox 1673 1475 1768 1506; x_wconf 86' lang='lat' dir='ltr'>super</span> 
     </span>
     <span class='ocr_line' id='line_1_73' title="bbox 995 1519 1764 1559; baseline 0.001 -10"><span class='ocrx_word' id='word_1_431' title='bbox 995 1519 1100 1558; x_wconf 79' lang='lat' dir='ltr'>legem</span> <span class='ocrx_word' id='word_1_432' title='bbox 1121 1520 1290 1550; x_wconf 69' lang='lat' dir='ltr'>mosaicam</span> <span class='ocrx_word' id='word_1_433' title='bbox 1312 1520 1382 1559; x_wconf 80' lang='lat' dir='ltr'>plus</span> <span class='ocrx_word' id='word_1_434' title='bbox 1399 1520 1489 1550; x_wconf 86' lang='lat' dir='ltr'>debet</span> <span class='ocrx_word' id='word_1_435' title='bbox 1514 1519 1627 1550; x_wconf 77' lang='lat' dir='ltr'>addere</span> <span class='ocrx_word' id='word_1_436' title='bbox 1646 1520 1764 1559; x_wconf 84' lang='lat' dir='ltr'>perfec-</span> 
     </span>
     <span class='ocr_line' id='line_1_74' title="bbox 994 1574 1766 1614; baseline 0.001 -10"><span class='ocrx_word' id='word_1_437' title='bbox 994 1574 1103 1611; x_wconf 79' lang='lat' dir='ltr'>tionis,</span> <span class='ocrx_word' id='word_1_438' title='bbox 1127 1584 1223 1614; x_wconf 84' lang='lat' dir='ltr'>quam</span> <span class='ocrx_word' id='word_1_439' title='bbox 1244 1575 1295 1605; x_wconf 79' lang='lat' dir='ltr'>lex</span> <span class='ocrx_word' id='word_1_440' title='bbox 1315 1575 1453 1604; x_wconf 80' lang='lat' dir='ltr'>mosaica</span> <span class='ocrx_word' id='word_1_441' title='bbox 1471 1583 1565 1614; x_wconf 89' lang='lat' dir='ltr'>super</span> <span class='ocrx_word' id='word_1_442' title='bbox 1588 1574 1692 1612; x_wconf 83' lang='lat' dir='ltr'>legem</span> <span class='ocrx_word' id='word_1_443' title='bbox 1708 1583 1766 1605; x_wconf 82' lang='lat' dir='ltr'>na-</span> 
     </span>
     <span class='ocr_line' id='line_1_75' title="bbox 995 1627 1768 1667; baseline 0 -9"><span class='ocrx_word' id='word_1_444' title='bbox 995 1629 1086 1658; x_wconf 71' lang='lat' dir='ltr'>turce.</span> <span class='ocrx_word' id='word_1_445' title='bbox 1114 1628 1145 1658; x_wconf 82' lang='lat' dir='ltr'>Si</span> <span class='ocrx_word' id='word_1_446' title='bbox 1171 1637 1249 1667; x_wconf 75' lang='lat' dir='ltr'>ergo</span> <span class='ocrx_word' id='word_1_447' title='bbox 1274 1628 1325 1658; x_wconf 79' lang='lat' dir='ltr'>lex</span> <span class='ocrx_word' id='word_1_448' title='bbox 1351 1628 1489 1658; x_wconf 76' lang='lat' dir='ltr'>mosaica</span> <span class='ocrx_word' id='word_1_449' title='bbox 1517 1636 1620 1658; x_wconf 87' lang='lat' dir='ltr'>unum</span> <span class='ocrx_word' id='word_1_450' title='bbox 1648 1627 1768 1658; x_wconf 83' lang='lat' dir='ltr'>addidit</span> 
     </span>
     <span class='ocr_line' id='line_1_76' title="bbox 995 1680 1767 1721; baseline 0 -10"><span class='ocrx_word' id='word_1_451' title='bbox 995 1682 1132 1720; x_wconf 76' lang='lat' dir='ltr'>gradum</span> <span class='ocrx_word' id='word_1_452' title='bbox 1143 1691 1238 1721; x_wconf 83' lang='lat' dir='ltr'>super</span> <span class='ocrx_word' id='word_1_453' title='bbox 1251 1682 1354 1720; x_wconf 80' lang='lat' dir='ltr'>legem</span> <span class='ocrx_word' id='word_1_454' title='bbox 1370 1683 1505 1719; x_wconf 71' lang='lat' dir='ltr'>naturae,</span> <span class='ocrx_word' id='word_1_455' title='bbox 1522 1690 1608 1711; x_wconf 87' lang='lat' dir='ltr'>nunc</span> <span class='ocrx_word' id='word_1_456' title='bbox 1622 1689 1702 1720; x_wconf 88' lang='lat' dir='ltr'>crgo</span> <span class='ocrx_word' id='word_1_457' title='bbox 1716 1680 1767 1712; x_wconf 84' lang='lat' dir='ltr'>lex</span> 
     </span>
     <span class='ocr_line' id='line_1_77' title="bbox 994 1734 1768 1773; baseline 0 -9"><span class='ocrx_word' id='word_1_458' title='bbox 994 1735 1179 1773; x_wconf 80' lang='lat' dir='ltr'>evangelica</span> <span class='ocrx_word' id='word_1_459' title='bbox 1193 1734 1302 1765; x_wconf 87' lang='lat' dir='ltr'>saltem</span> <span class='ocrx_word' id='word_1_460' title='bbox 1319 1735 1398 1764; x_wconf 90' lang='lat' dir='ltr'>duos</span> <span class='ocrx_word' id='word_1_461' title='bbox 1414 1734 1503 1764; x_wconf 82' lang='lat' dir='ltr'>debet</span> <span class='ocrx_word' id='word_1_462' title='bbox 1515 1734 1641 1772; x_wconf 78' lang='lat' dir='ltr'>addere,</span> <span class='ocrx_word' id='word_1_463' title='bbox 1653 1736 1688 1764; x_wconf 92' lang='lat' dir='ltr'>ut</span> <span class='ocrx_word' id='word_1_464' title='bbox 1699 1735 1768 1773; x_wconf 78' lang='lat' dir='ltr'>Jus-</span> 
     </span>
     <span class='ocr_line' id='line_1_78' title="bbox 994 1787 1765 1827; baseline 0 -10"><span class='ocrx_word' id='word_1_465' title='bbox 994 1788 1061 1818; x_wconf 86' lang='lat' dir='ltr'>titia</span> <span class='ocrx_word' id='word_1_466' title='bbox 1075 1788 1241 1827; x_wconf 78' lang='lat' dir='ltr'>Evangelii</span> <span class='ocrx_word' id='word_1_467' title='bbox 1252 1797 1315 1818; x_wconf 89' lang='lat' dir='ltr'>non</span> <span class='ocrx_word' id='word_1_468' title='bbox 1331 1789 1457 1817; x_wconf 82' lang='lat' dir='ltr'>tantum</span> <span class='ocrx_word' id='word_1_469' title='bbox 1470 1789 1598 1827; x_wconf 86' lang='lat' dir='ltr'>superet</span> <span class='ocrx_word' id='word_1_470' title='bbox 1609 1787 1765 1827; x_wconf 75' lang='lat' dir='ltr'>Justitiam</span> 
     </span>
     <span class='ocr_line' id='line_1_79' title="bbox 994 1840 1766 1880; baseline 0 -10"><span class='ocrx_word' id='word_1_471' title='bbox 994 1840 1093 1880; x_wconf 85' lang='lat' dir='ltr'>legis,</span> <span class='ocrx_word' id='word_1_472' title='bbox 1117 1841 1170 1871; x_wconf 87' lang='lat' dir='ltr'>scd</span> <span class='ocrx_word' id='word_1_473' title='bbox 1194 1841 1289 1871; x_wconf 85' lang='lat' dir='ltr'>ctiam</span> <span class='ocrx_word' id='word_1_474' title='bbox 1311 1840 1555 1880; x_wconf 81' lang='lat' dir='ltr'>superabundet.</span> <span class='ocrx_word' id='word_1_475' title='bbox 1579 1840 1766 1880; x_wconf 90' lang='lat' dir='ltr'>Congruum</span> 
     </span>
     <span class='ocr_line' id='line_1_80' title="bbox 993 1893 1766 1933; baseline 0 -9"><span class='ocrx_word' id='word_1_476' title='bbox 993 1903 1073 1932; x_wconf 81' lang='lat' dir='ltr'>ergo</span> <span class='ocrx_word' id='word_1_477' title='bbox 1093 1894 1169 1930; x_wconf 80' lang='lat' dir='ltr'>fuit,</span> <span class='ocrx_word' id='word_1_478' title='bbox 1192 1896 1222 1923; x_wconf 88' lang='lat' dir='ltr'>et</span> <span class='ocrx_word' id='word_1_479' title='bbox 1237 1896 1366 1933; x_wconf 85' lang='lat' dir='ltr'>propter</span> <span class='ocrx_word' id='word_1_480' title='bbox 1383 1893 1490 1932; x_wconf 88' lang='lat' dir='ltr'>legem</span> <span class='ocrx_word' id='word_1_481' title='bbox 1509 1893 1720 1930; x_wconf 83' lang='lat' dir='ltr'>matrimonii,</span> <span class='ocrx_word' id='word_1_482' title='bbox 1735 1896 1766 1924; x_wconf 85' lang='lat' dir='ltr'>et</span> 
     </span>
     <span class='ocr_line' id='line_1_81' title="bbox 993 1940 1766 1986; baseline -0.001 -9"><span class='ocrx_word' id='word_1_483' title='bbox 993 1950 1121 1986; x_wconf 89' lang='lat' dir='ltr'>propter</span> <span class='ocrx_word' id='word_1_484' title='bbox 1149 1947 1254 1986; x_wconf 80' lang='lat' dir='ltr'>legem</span> <span class='ocrx_word' id='word_1_485' title='bbox 1282 1946 1465 1985; x_wconf 82' lang='lat' dir='ltr'>Evangelii,</span> <span class='ocrx_word' id='word_1_486' title='bbox 1487 1940 1727 1977; x_wconf 81' lang='lat' dir='ltr'>matrimonium</span> <span class='ocrx_word' id='word_1_487' title='bbox 1747 1955 1766 1977; x_wconf 89' lang='lat' dir='ltr'>a</span> 
     </span>
     <span class='ocr_line' id='line_1_82' title="bbox 994 1999 1765 2039; baseline 0 -9"><span class='ocrx_word' id='word_1_488' title='bbox 994 2000 1283 2039; x_wconf 80' lang='lat' dir='ltr'>consanguinitatis</span> <span class='ocrx_word' id='word_1_489' title='bbox 1296 2002 1410 2039; x_wconf 85' lang='lat' dir='ltr'>quarto</span> <span class='ocrx_word' id='word_1_490' title='bbox 1424 1999 1528 2038; x_wconf 86' lang='lat' dir='ltr'>gradu</span> <span class='ocrx_word' id='word_1_491' title='bbox 1538 1999 1695 2039; x_wconf 79' lang='lat' dir='ltr'>impediri,</span> <span class='ocrx_word' id='word_1_492' title='bbox 1707 2009 1765 2030; x_wconf 88' lang='lat' dir='ltr'>nec</span> 
     </span>
     <span class='ocr_line' id='line_1_83' title="bbox 994 2052 1764 2091; baseline 0 -8"><span class='ocrx_word' id='word_1_493' title='bbox 994 2053 1076 2083; x_wconf 86' lang='lat' dir='ltr'>ultra</span> <span class='ocrx_word' id='word_1_494' title='bbox 1091 2053 1172 2089; x_wconf 82' lang='lat' dir='ltr'>addi,</span> <span class='ocrx_word' id='word_1_495' title='bbox 1193 2062 1250 2082; x_wconf 86' lang='lat' dir='ltr'>nec</span> <span class='ocrx_word' id='word_1_496' title='bbox 1268 2052 1383 2082; x_wconf 89' lang='lat' dir='ltr'>minui:</span> <span class='ocrx_word' id='word_1_497' title='bbox 1403 2054 1434 2081; x_wconf 82' lang='lat' dir='ltr'>et</span> <span class='ocrx_word' id='word_1_498' title='bbox 1448 2052 1491 2082; x_wconf 88' lang='lat' dir='ltr'>sic</span> <span class='ocrx_word' id='word_1_499' title='bbox 1507 2053 1592 2091; x_wconf 72' lang='lat' dir='ltr'>patet</span> <span class='ocrx_word' id='word_1_500' title='bbox 1605 2052 1764 2091; x_wconf 86' lang='lat' dir='ltr'>quomodo</span> 
     </span>
     <span class='ocr_line' id='line_1_84' title="bbox 992 2104 1762 2145; baseline 0 -9"><span class='ocrx_word' id='word_1_501' title='bbox 992 2107 1051 2137; x_wconf 86' lang='lat' dir='ltr'>suit</span> <span class='ocrx_word' id='word_1_502' title='bbox 1072 2114 1266 2145; x_wconf 88' lang='lat' dir='ltr'>congruum.</span> <span class='ocrx_word' id='word_1_503' title='bbox 1284 2104 1356 2135; x_wconf 85' lang='lat' dir='ltr'>Fuit</span> <span class='ocrx_word' id='word_1_504' title='bbox 1375 2105 1469 2134; x_wconf 83' lang='lat' dir='ltr'>etiam</span> <span class='ocrx_word' id='word_1_505' title='bbox 1487 2104 1581 2142; x_wconf 85' lang='lat' dir='ltr'>utile,</span> <span class='ocrx_word' id='word_1_506' title='bbox 1601 2105 1677 2144; x_wconf 88' lang='lat' dir='ltr'>quia</span> <span class='ocrx_word' id='word_1_507' title='bbox 1690 2105 1762 2136; x_wconf 90' lang='lat' dir='ltr'>vin—</span> 
     </span>
     <span class='ocr_line' id='line_1_85' title="bbox 992 2157 1763 2198; baseline 0 -8"><span class='ocrx_word' id='word_1_508' title='bbox 992 2160 1101 2190; x_wconf 90' lang='lat' dir='ltr'>culum</span> <span class='ocrx_word' id='word_1_509' title='bbox 1117 2158 1327 2195; x_wconf 75' lang='lat' dir='ltr'>matrimonii,</span> <span class='ocrx_word' id='word_1_510' title='bbox 1343 2157 1465 2187; x_wconf 84' lang='lat' dir='ltr'>ratione</span> <span class='ocrx_word' id='word_1_511' title='bbox 1484 2157 1661 2195; x_wconf 75' lang='lat' dir='ltr'>affinitatis,</span> <span class='ocrx_word' id='word_1_512' title='bbox 1678 2159 1763 2198; x_wconf 87' lang='lat' dir='ltr'>quod</span> 
     </span>
     <span class='ocr_line' id='line_1_86' title="bbox 992 2210 1764 2250; baseline -0.003 -6"><span class='ocrx_word' id='word_1_513' title='bbox 992 2213 1034 2244; x_wconf 88' lang='lat' dir='ltr'>ibi</span> <span class='ocrx_word' id='word_1_514' title='bbox 1047 2213 1259 2250; x_wconf 79' lang='lat' dir='ltr'>contrahitur,</span> <span class='ocrx_word' id='word_1_515' title='bbox 1278 2212 1361 2241; x_wconf 68' lang='lat' dir='ltr'>fovet</span> <span class='ocrx_word' id='word_1_516' title='bbox 1375 2210 1573 2248; x_wconf 81' lang='lat' dir='ltr'>charitatem,</span> <span class='ocrx_word' id='word_1_517' title='bbox 1588 2212 1619 2241; x_wconf 87' lang='lat' dir='ltr'>et</span> <span class='ocrx_word' id='word_1_518' title='bbox 1633 2210 1764 2242; x_wconf 78' lang='lat' dir='ltr'>foederat</span> 
     </span>
     <span class='ocr_line' id='line_1_87' title="bbox 993 2263 1760 2304; baseline -0.001 -8"><span class='ocrx_word' id='word_1_519' title='bbox 993 2267 1153 2303; x_wconf 87' lang='lat' dir='ltr'>inimicos;</span> <span class='ocrx_word' id='word_1_520' title='bbox 1172 2268 1203 2296; x_wconf 84' lang='lat' dir='ltr'>et</span> <span class='ocrx_word' id='word_1_521' title='bbox 1224 2264 1375 2304; x_wconf 84' lang='lat' dir='ltr'>quoniam</span> <span class='ocrx_word' id='word_1_522' title='bbox 1396 2263 1532 2294; x_wconf 78' lang='lat' dir='ltr'>charitas</span> <span class='ocrx_word' id='word_1_523' title='bbox 1551 2264 1666 2294; x_wconf 85' lang='lat' dir='ltr'>nostris</span> <span class='ocrx_word' id='word_1_524' title='bbox 1681 2267 1760 2295; x_wconf 88' lang='lat' dir='ltr'>tem-</span> 
     </span>
     <span class='ocr_line' id='line_1_88' title="bbox 992 2316 1762 2360; baseline -0.003 -10"><span class='ocrx_word' id='word_1_525' title='bbox 992 2320 1122 2360; x_wconf 88' lang='lat' dir='ltr'>poribus</span> <span class='ocrx_word' id='word_1_526' title='bbox 1135 2318 1293 2356; x_wconf 83' lang='lat' dir='ltr'>refriguit,</span> <span class='ocrx_word' id='word_1_527' title='bbox 1308 2317 1378 2347; x_wconf 83' lang='lat' dir='ltr'>ideo</span> <span class='ocrx_word' id='word_1_528' title='bbox 1395 2316 1489 2346; x_wconf 85' lang='lat' dir='ltr'>citius</span> <span class='ocrx_word' id='word_1_529' title='bbox 1502 2325 1588 2347; x_wconf 91' lang='lat' dir='ltr'>nunc</span> <span class='ocrx_word' id='word_1_530' title='bbox 1601 2317 1762 2356; x_wconf 87' lang='lat' dir='ltr'>rumpitur</span> 
     </span>
     <span class='ocr_line' id='line_1_89' title="bbox 991 2368 1761 2409; baseline -0.005 -5"><span class='ocrx_word' id='word_1_531' title='bbox 991 2373 1156 2405; x_wconf 87' lang='lat' dir='ltr'>vinculum</span> <span class='ocrx_word' id='word_1_532' title='bbox 1176 2371 1304 2407; x_wconf 81' lang='lat' dir='ltr'>amoris,</span> <span class='ocrx_word' id='word_1_533' title='bbox 1325 2379 1423 2409; x_wconf 85' lang='lat' dir='ltr'>quam</span> <span class='ocrx_word' id='word_1_534' title='bbox 1448 2369 1480 2399; x_wconf 87' lang='lat' dir='ltr'>in</span> <span class='ocrx_word' id='word_1_535' title='bbox 1500 2368 1635 2399; x_wconf 85' lang='lat' dir='ltr'>Ecclesia</span> <span class='ocrx_word' id='word_1_536' title='bbox 1650 2370 1761 2409; x_wconf 86' lang='lat' dir='ltr'>primi-</span> 
     </span>
     <span class='ocr_line' id='line_1_90' title="bbox 991 2422 1761 2465; baseline -0.005 -7"><span class='ocrx_word' id='word_1_537' title='bbox 991 2428 1073 2465; x_wconf 76' lang='lat' dir='ltr'>tiva,</span> <span class='ocrx_word' id='word_1_538' title='bbox 1090 2429 1120 2457; x_wconf 88' lang='lat' dir='ltr'>et</span> <span class='ocrx_word' id='word_1_539' title='bbox 1134 2425 1282 2464; x_wconf 83' lang='lat' dir='ltr'>alligatus</span> <span class='ocrx_word' id='word_1_540' title='bbox 1297 2423 1424 2454; x_wconf 85' lang='lat' dir='ltr'>vinculo</span> <span class='ocrx_word' id='word_1_541' title='bbox 1438 2423 1530 2453; x_wconf 87' lang='lat' dir='ltr'>citius</span> <span class='ocrx_word' id='word_1_542' title='bbox 1544 2422 1643 2461; x_wconf 83' lang='lat' dir='ltr'>fugit,</span> <span class='ocrx_word' id='word_1_543' title='bbox 1660 2426 1690 2453; x_wconf 83' lang='lat' dir='ltr'>et</span> <span class='ocrx_word' id='word_1_544' title='bbox 1705 2424 1761 2463; x_wconf 87' lang='lat' dir='ltr'>qui</span> 
     </span>
     <span class='ocr_line' id='line_1_91' title="bbox 991 2477 1757 2520; baseline -0.005 -8"><span class='ocrx_word' id='word_1_545' title='bbox 991 2483 1093 2512; x_wconf 83' lang='lat' dir='ltr'>fuerat</span> <span class='ocrx_word' id='word_1_546' title='bbox 1102 2480 1277 2520; x_wconf 78' lang='lat' dir='ltr'>proximus,</span> <span class='ocrx_word' id='word_1_547' title='bbox 1290 2477 1542 2518; x_wconf 86' lang='lat' dir='ltr'>frequentissime</span> <span class='ocrx_word' id='word_1_548' title='bbox 1552 2477 1587 2506; x_wconf 79' lang='lat' dir='ltr'>sit.</span> <span class='ocrx_word' id='word_1_549' title='bbox 1597 2477 1757 2508; x_wconf 88' lang='lat' dir='ltr'>inimicus.</span> 
     </span>
     <span class='ocr_line' id='line_1_92' title="bbox 993 2530 1760 2572; baseline -0.007 -6"><span class='ocrx_word' id='word_1_550' title='bbox 993 2535 1031 2566; x_wconf 91' lang='lat' dir='ltr'>Ut</span> <span class='ocrx_word' id='word_1_551' title='bbox 1041 2542 1120 2572; x_wconf 88' lang='lat' dir='ltr'>ergo</span> <span class='ocrx_word' id='word_1_552' title='bbox 1132 2532 1260 2571; x_wconf 85' lang='lat' dir='ltr'>fugiens</span> <span class='ocrx_word' id='word_1_553' title='bbox 1271 2531 1367 2570; x_wconf 84' lang='lat' dir='ltr'>possit</span> <span class='ocrx_word' id='word_1_554' title='bbox 1376 2530 1530 2566; x_wconf 80' lang='lat' dir='ltr'>revocari,</span> <span class='ocrx_word' id='word_1_555' title='bbox 1537 2539 1610 2560; x_wconf 86' lang='lat' dir='ltr'>eum</span> <span class='ocrx_word' id='word_1_556' title='bbox 1618 2539 1637 2560; x_wconf 88' lang='lat' dir='ltr'>a</span> <span class='ocrx_word' id='word_1_557' title='bbox 1644 2533 1760 2570; x_wconf 81' lang='lat' dir='ltr'>quarto</span> 
     </span>
     <span class='ocr_line' id='line_1_93' title="bbox 992 2583 1758 2629; baseline -0.005 -10"><span class='ocrx_word' id='word_1_558' title='bbox 992 2588 1107 2629; x_wconf 83' lang='lat' dir='ltr'>gradu,</span> <span class='ocrx_word' id='word_1_559' title='bbox 1122 2589 1153 2617; x_wconf 90' lang='lat' dir='ltr'>et</span> <span class='ocrx_word' id='word_1_560' title='bbox 1167 2586 1312 2624; x_wconf 87' lang='lat' dir='ltr'>deinceps</span> <span class='ocrx_word' id='word_1_561' title='bbox 1323 2585 1391 2624; x_wconf 84' lang='lat' dir='ltr'>jam</span> <span class='ocrx_word' id='word_1_562' title='bbox 1406 2584 1444 2614; x_wconf 88' lang='lat' dir='ltr'>de</span> <span class='ocrx_word' id='word_1_563' title='bbox 1458 2583 1622 2614; x_wconf 81' lang='lat' dir='ltr'>affectione</span> <span class='ocrx_word' id='word_1_564' title='bbox 1639 2584 1758 2615; x_wconf 87' lang='lat' dir='ltr'>amoris</span> 
     </span>
     <span class='ocr_line' id='line_1_94' title="bbox 992 2637 1760 2680; baseline -0.005 -8"><span class='ocrx_word' id='word_1_565' title='bbox 992 2642 1152 2680; x_wconf 83' lang='lat' dir='ltr'>frigescat,</span> <span class='ocrx_word' id='word_1_566' title='bbox 1167 2639 1242 2669; x_wconf 86' lang='lat' dir='ltr'>utile</span> <span class='ocrx_word' id='word_1_567' title='bbox 1253 2639 1311 2668; x_wconf 85' lang='lat' dir='ltr'>t&#39;uit</span> <span class='ocrx_word' id='word_1_568' title='bbox 1323 2637 1523 2674; x_wconf 75' lang='lat' dir='ltr'>constituere,</span> <span class='ocrx_word' id='word_1_569' title='bbox 1539 2639 1574 2667; x_wconf 89' lang='lat' dir='ltr'>ut</span> <span class='ocrx_word' id='word_1_570' title='bbox 1586 2640 1655 2677; x_wconf 88' lang='lat' dir='ltr'>post</span> <span class='ocrx_word' id='word_1_571' title='bbox 1665 2646 1760 2677; x_wconf 86' lang='lat' dir='ltr'>quar-</span> 
     </span>
    </p>
   </div>
   <div class='ocr_carea' id='block_1_9' title="bbox 1783 365 1888 446">
    <p class='ocr_par' dir='ltr' id='par_1_9' title="bbox 1783 365 1888 446">
     <span class='ocr_line' id='line_1_95' title="bbox 1813 365 1861 385; baseline -0.021 0"><span class='ocrx_word' id='word_1_572' title='bbox 1813 365 1861 385; x_wconf 71' lang='lat' dir='ltr'>Alia</span> 
     </span>
     <span class='ocr_line' id='line_1_96' title="bbox 1795 398 1869 421; baseline 0 -6"><span class='ocrx_word' id='word_1_573' title='bbox 1795 398 1869 421; x_wconf 75' lang='lat' dir='ltr'>quaest.</span> 
     </span>
     <span class='ocr_line' id='line_1_97' title="bbox 1783 426 1888 446; baseline 0.01 -1"><span class='ocrx_word' id='word_1_574' title='bbox 1783 426 1888 446; x_wconf 65' lang='lat' dir='ltr'>incidens.</span> 
     </span>
    </p>
   </div>
   <div class='ocr_carea' id='block_1_10' title="bbox 1984 809 1991 869">
    <p class='ocr_par' dir='ltr' id='par_1_10' title="bbox 1984 809 1991 869">
     <span class='ocr_line' id='line_1_98' title="bbox 1984 809 1991 869; textangle 90"><span class='ocrx_word' id='word_1_575' title='bbox 1984 809 1991 869; x_wconf 63' lang='lat' dir='ltr'>——A</span> 
     </span>
    </p>
   </div>
  </div>
 </body>
</html>
