1991 3006
174 163 234 192 2158

174 227 268 258 modo
280 226 394 257 dicitur
408 224 484 255 ordo
499 223 643 253 ordinata
659 223 811 262 potestaS,
828 228 940 249 secun-

174 281 251 311 dum
273 288 369 319 quam
392 278 496 317 ipsum
520 275 696 314 subjectum
722 276 831 314 potens
851 273 944 302 habct

175 332 314 364 ordinari
329 330 511 370 dupliciter,
528 328 643 359 scilicet
659 327 697 357 ad
718 336 814 366 (ipim,
832 325 882 356 vcl
904 325 941 355 ad

177 386 409 421 ministerium;
436 386 466 413 et
493 383 586 413 habet
615 382 709 412 etiam
737 379 874 409 ordinari
905 378 943 408 ad

176 439 322 470 alterum.
351 437 438 467 Ilanc
465 438 570 466 autem
598 435 780 474 potestatem
810 432 944 462 divimus

176 492 295 523 ordinis
317 491 562 521 sacramentum.
587 488 672 518 Hanc
691 489 798 516 autem
820 494 944 514 neccsse

176 548 222 575 est
239 544 313 584 poni
327 544 360 573 in
376 542 522 580 Ecclesia,
539 543 666 581 propter
681 540 829 578 regimen
844 541 873 567 ct
890 538 944 568 de-

175 604 292 632 corem,
310 603 382 633 quae
396 593 601 623 attenduntur
622 600 717 631 penes
732 589 887 625 ordinem,
910 590 942 618 ut

175 648 264 688 prius
279 648 382 678 visum
403 648 468 676 est:
492 655 590 685 quare
605 645 695 675 ‹leltet
711 652 778 673 esse
796 643 826 672 iu
844 642 945 673 Eccle-

175 700 221 730 sia
239 700 327 731 ordo.
345 699 404 730 Sed
426 698 626 738 principalior
646 697 742 733 ratio,
759 704 857 735 quare
877 695 943 725 haec

175 754 312 792 potestas
331 752 423 783 debet
447 751 580 781 conferri
603 759 658 790 per
682 749 813 780 modum
838 757 944 778 sacra-

176 806 292 842 menti,
321 807 367 835 est
394 806 523 844 propter
546 805 816 833 sacramentorum
841 802 945 839 digni-

175 860 290 896 tatem,
313 867 385 898 quae
406 858 438 887 in
460 857 595 887 Ecclesia
611 856 852 895 dispensantur,
868 857 899 884 et
914 855 944 884 in

176 912 292 951 quibus
304 911 385 941 Deus
395 911 509 941 colitur
521 921 528 947 ·,
545 918 617 949 quae
630 912 666 939 ut
680 918 742 939 non
756 909 901 939 venirent
913 909 945 938 in

176 966 392 1004 contemptum
405 987 412 1000 ,
426 972 490 994 non
505 963 685 993 debuerunt
697 962 845 992 omnibus
857 970 943 992 coin-

177 1018 257 1048 mitti
288 1017 495 1057 dispensanda
507 1041 514 1054 ,
545 1016 597 1046 sed
628 1015 768 1055 personis
796 1015 943 1055 spiritua-

176 1070 279 1100 libus:
305 1072 335 1100 et
353 1070 430 1100 dum
448 1069 495 1099 his
514 1068 741 1104 committitur,
768 1068 851 1106 quod
876 1068 947 1098 aliis

177 1132 252 1161 non,
274 1124 366 1153 datur
388 1123 436 1153 his
457 1125 602 1161 potestas,
626 1131 679 1160 per
703 1131 799 1160 quam
820 1121 944 1161 speciali

177 1177 286 1207 ordine
296 1176 454 1206 situantur
469 1176 500 1205 in
517 1175 650 1205 Ecclesia
664 1175 718 1205 Dei
732 1185 739 1212 3
752 1177 782 1205 et
795 1175 946 1214 quoniam

176 1230 209 1260 hi
232 1231 385 1261 debebant
410 1231 450 1260 ab
473 1230 542 1260 aliis
567 1239 621 1269 per
645 1229 739 1267 signa
761 1229 867 1268 aliqua
895 1238 946 1258 se-

176 1283 259 1313 cerni
270 1307 278 1319 ,
295 1286 325 1314 et
344 1283 374 1314 id
394 1284 526 1321 signum
542 1285 587 1312 est
609 1282 653 1312 rei
670 1291 784 1319 sacrae3
802 1282 871 1311 ideo
887 1290 947 1320 po—

176 1338 269 1366 testas
290 1336 359 1366 haec
378 1336 486 1366 debuit
507 1336 644 1366 ordinari
664 1345 720 1375 per
745 1335 875 1365 modum
897 1345 945 1365 sa-

176 1389 340 1419 cramenti.
366 1389 404 1419 Et
427 1389 509 1419 istud
530 1388 864 1419 convenientissimum
880 1391 945 1418 est:

176 1452 249 1472 cum
270 1443 354 1472 enim
370 1442 410 1472 sit
425 1442 465 1472 ad
479 1443 750 1472 sacramentorum
769 1442 945 1471 ordinatam

176 1483 415 1534 dispositionem
433 1497 463 1525 et
480 1494 749 1531 distributionem,
771 1494 948 1525 debuerunt

178 1547 314 1577 ministri
333 1547 370 1577 ad
388 1547 448 1577 hoc
464 1547 603 1577 ordinari
618 1556 674 1586 per
689 1547 824 1586 aliqu'us
842 1557 947 1578 sacra—

178 1601 276 1631 menti
290 1601 523 1640 susceptionem
537 1625 543 1638 ‚
561 1601 593 1630 in
607 1610 672 1640 quo
687 1601 781 1631 datur
794 1603 945 1640 potestas·⁷

178 1663 234 1693 per
247 1663 345 1694 quam
363 1655 496 1684 ministri
513 1654 567 1684 Dei
582 1655 619 1683 asl
635 1654 899 1691 ministrandum,
920 1657 950 1684 et

179 1709 272 1738 etiam
295 1708 376 1738 inter
396 1717 428 1738 se
449 1708 656 1737 ordinantur:
686 1707 754 1737 ideo
775 1709 857 1737 recte
873 1707 950 1737 ordo

178 1760 366 1800 appellatur.
386 1760 441 1790 His
456 1761 531 1791 visis
544 1785 552 1798 ‚
568 1761 690 1799 obJ'ecta
704 1760 737 1790 in
755 1761 949 1790 contrarium

180 1813 218 1844 de
233 1814 315 1844 sacili
329 1814 552 1844 terminantur.

224 1870 248 1897 1.
273 1867 359 1904 Quod
377 1868 461 1897 enim
478 1867 637 1906 obiicitur,
655 1867 739 1906 quod
754 1869 802 1896 est
816 1867 952 1896 elemen-

180 1922 247 1950 tum
261 1930 269 1956 3
286 1920 453 1950 dicendum
469 1920 552 1959 quod
569 1920 602 1949 in
617 1919 782 1950 collatione
800 1920 838 1959 (a)
856 1920 952 1959 huius

180 1972 340 2011 potestatis
362 1972 490 2011 aliquod
512 1972 644 2011 signum
667 1975 714 2002 est
735 1974 842 2007 extra,
867 1973 951 2011 quod

181 2025 273 2063 largo
284 2025 377 2055 modo
390 2025 565 2064 appellatur
578 2024 782 2061 elementum,
800 2025 951 2063 quoniam

181 2078 272 2116 largo
295 2080 325 2108 et
348 2080 477 2108 extenso
499 2077 592 2108 modo
617 2077 756 2107 sumitur
779 2078 812 2107 in
835 2078 951 2108 diffini-

183 2131 266 2161 tione
282 2131 480 2161 sacramenti.

225 2187 254 2215 2.
287 2185 334 2215 Ad
364 2185 440 2215 illud
469 2184 552 2224 quod
579 2185 728 2223 objicitur
755 2185 792 2215 de
820 2185 953 2215 medica-

182 2239 299 2274 mento,
316 2237 484 2268 dicendum
499 2238 583 2277 quos]
599 2238 676 2268 ordo
692 2247 754 2268 non
769 2241 815 2268 cst
829 2241 953 2269 tantum

183 2290 450 2320 medicamentum
484 2293 626 2329 respectu
654 2291 869 2330 suscipientis,
900 2292 953 2322 sed

183 2343 277 2372 etiam
293 2346 436 2382 respectu
451 2343 586 2373 alioruin
601 2354 607 2373 :
620 2343 703 2373 uude
716 2344 854 2374 maxime
871 2346 954 2374 tenet

184 2396 338 2426 rationem
354 2397 552 2426 sacramenti.
576 2396 637 2427 Nec
652 2397 734 2427 istud
750 2397 855 2427 obviat
870 2397 954 2436 quod

186 2449 301 2480 dicitur
311 2473 320 2487 ,
340 2450 424 2489 quod
438 2450 528 2480 debet
543 2450 609 2479 dari
624 2450 767 2489 perfectis
777 2473 784 2487 ,
802 2450 954 2488 quoniam

185 2510 279 2532 nemo
293 2503 451 2542 reperitur
473 2502 515 2532 ita
535 2502 704 2541 perfectus,
721 2502 799 2541 quin
822 2502 955 2533 ulterius

222 2581 279 2611 'Cfi
290 2582 438 2606 Franciscus
448 2582 478 2605 ‹le
490 2582 580 2612 Mayr„
597 2581 625 2605 lv
640 2582 718 2611 Seni„
732 2581 788 2604 dist.
806 2587 875 2609 XMV,
888 2589 912 2612 q.
930 2588 951 2612 15

188 2617 276 2647 Steph.
293 2618 397 2647 Bruletl,
417 2618 445 2641 lV
462 2618 540 2647 Seut„
554 2616 610 2640 dist.
627 2622 696 2645 xxiv,
713 2624 738 2647 q.
754 2622 802 2646 vii;
819 2617 907 2640 Petrus
923 2618 953 2641 de

735 153 922 185 SENTENTJ
932 152 1040 183 Annii
1066 152 1135 183 [AB.
1163 151 1211 182 lV.

1002 221 1097 260 possit
1121 219 1239 259 perfici.
1261 217 1348 248 Unde
1365 217 1496 257 quilibet
1514 218 1574 248 hoc
1590 227 1771 249 sacramen-

1001 275 1069 303 turn
1086 272 1269 312 suscipiens,
1285 271 1423 310 aliquam
1439 271 1576 310 gratiam
1594 271 1627 301 in
1644 280 1681 302 eo
1695 272 1770 302 reci-

1002 326 1057 364 pit,
1079 327 1105 356 si
1120 326 1217 363 digne
1237 325 1380 364 recipiat,
1398 334 1453 364 per
1473 333 1570 364 quam
1593 324 1770 355 excluditur

1001 379 1167 409 difficultas
1185 377 1385 408 ministrandi
1405 377 1437 407 in
1454 377 1503 407 his
1517 386 1591 417 qnae
1613 377 1771 416 pertinent

1001 432 1039 462 ad
1057 432 1176 462 cultum
1194 431 1258 461 Dei.

1045 488 1072 515 33.
1097 485 1143 515 Ad
1160 484 1235 514 illud
1257 483 1341 523 [lund
1356 483 1520 522 objicitur,
1537 482 1621 522 quod
1636 481 1713 513 ordo
1727 483 1772 513 est

1002 539 1035 568 in
1050 538 1137 568 laicis
1152 540 1180 568 et
1200 538 1232 567 in
1249 536 1390 575 angelis,
1407 535 1573 565 dicendum
1589 535 1673 575 quod
1689 537 1772 566 utro-

1001 591 1096 630 bique
1111 591 1213 621 deficit
1228 590 1308 620 ratio
1325 588 1530 618 sacramenti:
1545 588 1696 628 quoniam
1709 588 1772 619 duo

1001 647 1086 682 sunt,
1108 653 1179 683 quae
1203 643 1365 681 integrant
1384 643 1633 679 sacramentum,
1655 641 1773 672 scilicet

1002 697 1149 728 sensibile
1164 697 1307 735 signum,
1330 698 1361 726 et
1375 695 1548 734 spirituale,
1565 695 1632 725 sive
1648 703 1773 725 sacrum

1002 751 1174 789 signatum.
1192 750 1323 779 Ratione
1343 748 1437 788 primi
1453 747 1556 778 deficit
1575 747 1607 778 in
1627 747 1769 786 angelis,

1002 804 1055 843 qui
1079 805 1153 833 sunt
1174 802 1306 832 omnino
1328 801 1520 841 spirituates3
1549 801 1670 831 ratione
1698 809 1772 831 vero

1002 856 1130 887 secundi
1146 855 1249 886 deficit
1260 855 1292 884 in
1303 854 1402 892 laiciS,
1415 854 1448 884 in
1458 854 1574 893 quibus
1589 853 1666 884 ordo
1676 855 1774 883 atten-

1002 910 1087 940 ditur
1097 911 1254 949 quantum
1266 907 1306 938 ad
1318 909 1504 947 potestatem
1517 908 1687 943 terrenam,
1701 914 1773 946 quae

1002 962 1129 1002 respicit
1149 962 1232 992 bona
1251 963 1374 991 naturae
1388 983 1395 997 ,
1417 959 1467 991 vel
1482 960 1617 990 fortunae
1633 959 1774 999 specialis

1003 1024 1163 1055 personfe,
1195 1014 1245 1044 vel
1275 1012 1477 1052 reipublicae;
1509 1012 1542 1042 in
1569 1011 1775 1042 ecclesiastica

1003 1077 1080 1099 vero
1092 1067 1269 1097 hierarchia
1285 1066 1443 1103 contingit
1457 1067 1639 1104 utrumque.

1043 1124 1071 1151 4.
1097 1120 1143 1150 Ad
1172 1120 1249 1150 illud
1278 1119 1363 1158 quod
1393 1118 1555 1157 obiicitur,
1587 1117 1671 1157 quod
1698 1117 1775 1148 ordo

1004 1174 1129 1212 respicit
1147 1173 1297 1210 inferius,
1313 1174 1390 1209 etc„
1408 1171 1591 1209 dicendum,
1609 1171 1692 1211 quod
1710 1171 1775 1211 ipse

1004 1226 1109 1265 objicit
1120 1226 1157 1255 (le
1172 1225 1291 1262 ordine,
1306 1227 1398 1263 prout
1409 1224 1483 1254 «licit
1498 1224 1682 1254 relationem
1700 1235 1707 1254 ι
1722 1224 1774 1254 sed

1003 1279 1062 1309 hoc
1079 1278 1171 1309 modo
1188 1287 1250 1308 non
1272 1280 1318 1308 est
1338 1281 1572 1307 sacramentum
1584 1301 1592 1315 ‚
1609 1277 1662 1307 sed
1684 1279 1777 1316 prout

1004 1332 1077 1362 (licit
1097 1332 1300 1371 potestatem,
1325 1340 1419 1370 super
1438 1339 1535 1370 quam
1554 1330 1705 1360 fundatur
1723 1329 1777 1360 illa

1004 1386 1113 1416 relatio
1139 1397 1144 1415 :
1173 1386 1203 1414 et
1231 1385 1298 1414 haec
1331 1384 1418 1423 ponit
1440 1383 1559 1423 aliquid
1590 1383 1620 1413 in
1643 1383 1694 1413 his
1720 1383 1776 1422 qui

1006 1439 1220 1478 praeseruntur
1248 1446 1304 1476 per
1326 1437 1444 1476 aliquid
1468 1436 1526 1465 sibi
1550 1436 1675 1474 datum,
1698 1434 1777 1465 nihil

1004 1500 1080 1523 vero
1096 1492 1127 1520 in
1144 1491 1194 1520 his
1208 1490 1263 1529 qui
1280 1489 1506 1527 subjIciuntur.

1045 1547 1073 1574 5.
1097 1544 1142 1574 Ad
1160 1543 1237 1573 illud
1253 1543 1338 1582 quod
1357 1542 1522 1581 oincitur,
1545 1541 1630 1581 quod
1647 1541 1777 1571 scientia

1004 1600 1034 1628 et
1063 1597 1142 1627 actio
1166 1605 1231 1626 non
1254 1595 1364 1626 dicunt
1388 1597 1646 1631 sacramentum,
1676 1593 1778 1624 dicen-

1005 1652 1093 1688 dum,
1112 1650 1195 1690 quod
1213 1650 1343 1680 scientia
1356 1651 1387 1679 et
1406 1649 1485 1679 actio
1505 1649 1579 1678 sunt
1594 1656 1731 1686 annexa,
1747 1650 1778 1678 et

1007 1705 1084 1735 ordo
1098 1707 1143 1734 est
1164 1703 1336 1743 principale
1349 1714 1355 1733 ε
1373 1703 1456 1733 unde
1471 1711 1544 1733 cum
1559 1701 1688 1741 ponitur
1701 1700 1778 1732 ordo

1006 1768 1073 1788 esse
1099 1759 1352 1793 sacramentum,
1383 1755 1437 1785 illa
1467 1755 1530 1785 duo
1556 1754 1651 1785 simul
1679 1754 1778 1785 inclu-

1006 1814 1144 1844 duntur:
1161 1814 1191 1843 et
1208 1812 1292 1842 istud
1308 1811 1455 1850 superius
1474 1812 1593 1840 tactum
1607 1811 1665 1845 est,
1681 1817 1780 1849 quan-

1006 1867 1046 1896 do
1060 1866 1217 1905 agebatur
1230 1865 1268 1894 ‹le
1282 1865 1434 1904 potestate
1449 1863 1597 1893 clavium.

1269 1976 1448 2015 QUAESTIO
1470 1976 1521 2006 ΙΙΙ.

1054 2062 1099 2087 An
1117 2063 1309 2086 sacramentum
1329 2059 1432 2086 ordinis
1452 2059 1486 2085 sit
1504 2059 1645 2092 proprium
1663 2065 1736 2084 novoe

1347 2103 1411 2136 Iegis
1429 2101 1445 2128 ¹.

1060 2185 1170 2215 Utrum
1203 2184 1437 2213 sacramentum
1468 2181 1586 2212 ordinis
1615 2181 1654 2210 sit
1686 2189 1778 2212 novae

1008 2238 1090 2277 legis
1107 2237 1271 2278 proprium
1285 2248 1292 2274 3
1309 2238 1339 2266 et
1355 2235 1439 2275 quod
1455 2244 1535 2272 non,
1552 2233 1688 2271 videtur,
1705 2234 1779 2273 quia

1010 2292 1042 2322 in
1059 2291 1183 2322 Psalmo
1196 2290 1311 2321 dicitur
1325 2293 1355 2320 ²:
1377 2289 1401 2319 T
1402 2298 1421 2319 ιι
1436 2296 1467 2320 es
1477 2286 1622 2319 sacerdos
1640 2287 1675 2317 in
1690 2290 1778 2318 ‹eter-

1009 2353 1086 2376 num
1106 2343 1277 2375 secundum
1296 2342 1442 2373 ordinem
1463 2339 1695 2372 Melchisedech.
1713 2339 1778 2369 Hoc

1009 2398 1128 2428 dictum
1142 2399 1188 2426 est
1202 2396 1239 2426 de
1255 2395 1367 2425 Christi
1383 2393 1555 2424 sacerdotio
1565 2417 1574 2431 ‚
1591 2393 1670 2422 sicut
1684 2401 1778 2431 expo-

1010 2450 1056 2480 nit
1066 2448 1232 2489 Apostolus
1241 2448 1250 2464 ³
1261 2447 1304 2480 ad
1313 2448 1343 2478 H
1345 2447 1472 2478 ebroeos:
1483 2454 1561 2484 ergo
1571 2445 1779 2476 sacerdotium

1011 2502 1123 2534 Christi
1152 2502 1240 2541 prius
1270 2502 1303 2531 in
1333 2499 1558 2531 Melchisedech
1589 2498 1749 2538 praecessit
1770 2509 1776 2529 :

1010 2583 1120 2612 Tarant„
1134 2582 1165 2605 tv
1179 2581 1256 2609 Seni..
1273 2580 1329 2604 dist.
1343 2586 1414 2611 xxiv,
1428 2586 1453 2610 q.
1467 2587 1491 2603 x.
1504 2592 1533 2596 -
1550 2579 1557 2592 ²
1568 2579 1635 2602 Psal.
1652 2584 1703 2608 01¹,
1717 2579 1738 2602 4.
1750 2590 1780 2595 ——

1011 2619 1019 2632 ³
1031 2617 1116 2646 Hebr„
1130 2622 1175 2646 vit,
1187 2618 1225 2640 21.
1242 2628 1268 2633 —
1286 2616 1319 2647 (α)
1336 2616 1406 2640 Edit.
1423 2615 1479 2639 Ven.
1497 2614 1671 2638 collocatione.

1796 2199 1828 2220 ΑΔ
1838 2205 1889 2226 opp.
