<?xml version="1.0" encoding="UTF-8"?>
<!DOCTYPE html PUBLIC "-//W3C//DTD XHTML 1.0 Transitional//EN"
    "http://www.w3.org/TR/xhtml1/DTD/xhtml1-transitional.dtd">
<html xmlns="http://www.w3.org/1999/xhtml" xml:lang="en" lang="en">
 <head>
  <title>
</title>
<meta http-equiv="Content-Type" content="text/html;charset=utf-8" />
  <meta name='ocr-system' content='tesseract 3.04.00' />
  <meta name='ocr-capabilities' content='ocr_page ocr_carea ocr_par ocr_line ocrx_word'/>
</head>
<body>
  <div class='ocr_page' id='page_1' title='image "./operaomniasixtiv06bonauoft/operaomniasixtiv06bonauoft_0490.png"; bbox 0 0 1991 3006; ppageno 0'>
   <div class='ocr_carea' id='block_1_1' title="bbox 223 181 1018 2508">
    <p class='ocr_par' dir='ltr' id='par_1_1' title="bbox 223 181 990 390">
     <span class='ocr_line' id='line_1_1' title="bbox 223 181 281 212; baseline 0.017 -1"><span class='ocrx_word' id='word_1_1' title='bbox 223 181 281 212; x_wconf 62' lang='lat'>1264</span> 
     </span>
     <span class='ocr_line' id='line_1_2' title="bbox 224 242 990 287; baseline -0.01 -8"><span class='ocrx_word' id='word_1_2' title='bbox 224 251 269 279; x_wconf 86' lang='lat' dir='ltr'>est</span> <span class='ocrx_word' id='word_1_3' title='bbox 284 256 378 287; x_wconf 83' lang='lat' dir='ltr'>supra</span> <span class='ocrx_word' id='word_1_4' title='bbox 396 246 434 276; x_wconf 87' lang='lat' dir='ltr'>de</span> <span class='ocrx_word' id='word_1_5' title='bbox 449 243 664 280; x_wconf 78' lang='lat' dir='ltr'>sacramentis,</span> <span class='ocrx_word' id='word_1_6' title='bbox 678 243 761 282; x_wconf 86' lang='lat' dir='ltr'>quod</span> <span class='ocrx_word' id='word_1_7' title='bbox 775 242 857 273; x_wconf 87' lang='lat' dir='ltr'>Deus</span> <span class='ocrx_word' id='word_1_8' title='bbox 872 242 990 271; x_wconf 84' lang='lat' dir='ltr'>virtute</span> 
     </span>
     <span class='ocr_line' id='line_1_3' title="bbox 224 294 988 335; baseline -0.009 -4"><span class='ocrx_word' id='word_1_9' title='bbox 224 301 345 331; x_wconf 77' lang='lat' dir='ltr'>infinita</span> <span class='ocrx_word' id='word_1_10' title='bbox 369 299 472 335; x_wconf 85' lang='lat' dir='ltr'>saciat,</span> <span class='ocrx_word' id='word_1_11' title='bbox 490 297 560 327; x_wconf 89' lang='lat' dir='ltr'>licet</span> <span class='ocrx_word' id='word_1_12' title='bbox 583 296 622 327; x_wconf 81' lang='lat' dir='ltr'>ad</span> <span class='ocrx_word' id='word_1_13' title='bbox 648 295 854 335; x_wconf 77' lang='lat' dir='ltr'>prolationem</span> <span class='ocrx_word' id='word_1_14' title='bbox 880 294 988 324; x_wconf 87' lang='lat' dir='ltr'>vocis:</span> 
     </span>
     <span class='ocr_line' id='line_1_4' title="bbox 223 348 821 390; baseline -0.012 -6"><span class='ocrx_word' id='word_1_15' title='bbox 223 354 306 384; x_wconf 86' lang='lat' dir='ltr'>unde</span> <span class='ocrx_word' id='word_1_16' title='bbox 321 361 383 382; x_wconf 88' lang='lat' dir='ltr'>non</span> <span class='ocrx_word' id='word_1_17' title='bbox 399 353 445 381; x_wconf 85' lang='lat' dir='ltr'>est</span> <span class='ocrx_word' id='word_1_18' title='bbox 461 350 630 390; x_wconf 81' lang='lat' dir='ltr'>improprie</span> <span class='ocrx_word' id='word_1_19' title='bbox 647 348 821 379; x_wconf 82' lang='lat' dir='ltr'>causalitas.</span> 
     </span>
    </p>

    <p class='ocr_par' dir='ltr' id='par_1_2' title="bbox 224 401 998 974">
     <span class='ocr_line' id='line_1_5' title="bbox 264 401 991 443; baseline -0.008 -8"><span class='ocrx_word' id='word_1_20' title='bbox 264 409 293 437; x_wconf 79' lang='lat'>5.</span> <span class='ocrx_word' id='word_1_21' title='bbox 311 406 358 436; x_wconf 81' lang='lat' dir='ltr'>Ad</span> <span class='ocrx_word' id='word_1_22' title='bbox 374 404 449 435; x_wconf 79' lang='lat' dir='ltr'>illud</span> <span class='ocrx_word' id='word_1_23' title='bbox 465 403 547 443; x_wconf 87' lang='lat' dir='ltr'>quod</span> <span class='ocrx_word' id='word_1_24' title='bbox 571 403 730 442; x_wconf 71' lang='lat' dir='ltr'>objicitur,</span> <span class='ocrx_word' id='word_1_25' title='bbox 747 401 829 440; x_wconf 87' lang='lat' dir='ltr'>qnod</span> <span class='ocrx_word' id='word_1_26' title='bbox 845 402 898 430; x_wconf 86' lang='lat' dir='ltr'>ant</span> <span class='ocrx_word' id='word_1_27' title='bbox 920 402 991 429; x_wconf 85' lang='lat' dir='ltr'>ante</span> 
     </span>
     <span class='ocr_line' id='line_1_6' title="bbox 224 452 989 494; baseline -0.01 -5"><span class='ocrx_word' id='word_1_28' title='bbox 224 459 368 492; x_wconf 78' lang='lat' dir='ltr'>audiunt,</span> <span class='ocrx_word' id='word_1_29' title='bbox 394 460 464 494; x_wconf 89' lang='lat' dir='ltr'>etc.,</span> <span class='ocrx_word' id='word_1_30' title='bbox 490 456 657 487; x_wconf 84' lang='lat' dir='ltr'>dicendum</span> <span class='ocrx_word' id='word_1_31' title='bbox 682 455 765 494; x_wconf 86' lang='lat' dir='ltr'>quod</span> <span class='ocrx_word' id='word_1_32' title='bbox 794 452 888 483; x_wconf 91' lang='lat' dir='ltr'>simul</span> <span class='ocrx_word' id='word_1_33' title='bbox 910 456 989 483; x_wconf 84' lang='lat' dir='ltr'>tem-</span> 
     </span>
     <span class='ocr_line' id='line_1_7' title="bbox 225 509 992 552; baseline -0.009 -10"><span class='ocrx_word' id='word_1_34' title='bbox 225 521 318 552; x_wconf 80' lang='lat' dir='ltr'>pore3</span> <span class='ocrx_word' id='word_1_35' title='bbox 340 513 444 541; x_wconf 86' lang='lat' dir='ltr'>tamen</span> <span class='ocrx_word' id='word_1_36' title='bbox 459 510 547 549; x_wconf 88' lang='lat' dir='ltr'>prius</span> <span class='ocrx_word' id='word_1_37' title='bbox 562 511 676 539; x_wconf 83' lang='lat' dir='ltr'>natura</span> <span class='ocrx_word' id='word_1_38' title='bbox 691 509 878 545; x_wconf 82' lang='lat' dir='ltr'>resurgunt,</span> <span class='ocrx_word' id='word_1_39' title='bbox 897 514 992 545; x_wconf 82' lang='lat' dir='ltr'>quam</span> 
     </span>
     <span class='ocr_line' id='line_1_8' title="bbox 225 560 992 596; baseline -0.009 -1"><span class='ocrx_word' id='word_1_40' title='bbox 225 565 357 596; x_wconf 82' lang='lat' dir='ltr'>audiunt</span> <span class='ocrx_word' id='word_1_41' title='bbox 375 575 382 594; x_wconf 71' lang='grc' dir='ltr'>ε</span> <span class='ocrx_word' id='word_1_42' title='bbox 399 563 483 594; x_wconf 89' lang='lat' dir='ltr'>unde</span> <span class='ocrx_word' id='word_1_43' title='bbox 494 562 582 593; x_wconf 78' lang='lat' dir='ltr'>vocis</span> <span class='ocrx_word' id='word_1_44' title='bbox 597 562 724 592; x_wconf 82' lang='lat' dir='ltr'>auditus</span> <span class='ocrx_word' id='word_1_45' title='bbox 740 570 803 590; x_wconf 89' lang='lat' dir='ltr'>non</span> <span class='ocrx_word' id='word_1_46' title='bbox 819 560 992 596; x_wconf 83' lang='lat' dir='ltr'>resuscitat,</span> 
     </span>
     <span class='ocr_line' id='line_1_9' title="bbox 226 612 994 651; baseline -0.008 -4"><span class='ocrx_word' id='word_1_47' title='bbox 226 619 278 648; x_wconf 83' lang='lat' dir='ltr'>sed</span> <span class='ocrx_word' id='word_1_48' title='bbox 294 617 397 647; x_wconf 82' lang='lat' dir='ltr'>virtus</span> <span class='ocrx_word' id='word_1_49' title='bbox 418 625 527 647; x_wconf 84' lang='lat' dir='ltr'>vocem</span> <span class='ocrx_word' id='word_1_50' title='bbox 551 615 775 645; x_wconf 77' lang='lat' dir='ltr'>concomitans.</span> <span class='ocrx_word' id='word_1_51' title='bbox 802 613 835 643; x_wconf 89' lang='lat' dir='ltr'>lu</span> <span class='ocrx_word' id='word_1_52' title='bbox 860 612 994 651; x_wconf 78' lang='lat' dir='ltr'>evigila-</span> 
     </span>
     <span class='ocr_line' id='line_1_10' title="bbox 227 666 995 709; baseline -0.008 -8"><span class='ocrx_word' id='word_1_53' title='bbox 227 671 312 701; x_wconf 84' lang='lat' dir='ltr'>tione</span> <span class='ocrx_word' id='word_1_54' title='bbox 328 673 434 701; x_wconf 86' lang='lat' dir='ltr'>autem</span> <span class='ocrx_word' id='word_1_55' title='bbox 447 669 612 709; x_wconf 83' lang='lat' dir='ltr'>corporali,</span> <span class='ocrx_word' id='word_1_56' title='bbox 626 668 793 698; x_wconf 76' lang='lat' dir='ltr'>dicendum</span> <span class='ocrx_word' id='word_1_57' title='bbox 806 666 889 705; x_wconf 87' lang='lat' dir='ltr'>quod</span> <span class='ocrx_word' id='word_1_58' title='bbox 904 666 995 696; x_wconf 88' lang='lat' dir='ltr'>audi-</span> 
     </span>
     <span class='ocr_line' id='line_1_11' title="bbox 227 720 993 759; baseline -0.007 -5"><span class='ocrx_word' id='word_1_59' title='bbox 227 726 277 754; x_wconf 87' lang='lat' dir='ltr'>tus</span> <span class='ocrx_word' id='word_1_60' title='bbox 292 724 375 754; x_wconf 88' lang='lat' dir='ltr'>vocis</span> <span class='ocrx_word' id='word_1_61' title='bbox 384 723 515 759; x_wconf 74' lang='lat' dir='ltr'>excitat3</span> <span class='ocrx_word' id='word_1_62' title='bbox 530 721 627 751; x_wconf 79' lang='lat' dir='ltr'>sedin</span> <span class='ocrx_word' id='word_1_63' title='bbox 639 721 749 751; x_wconf 85' lang='lat' dir='ltr'>auditu</span> <span class='ocrx_word' id='word_1_64' title='bbox 761 723 835 750; x_wconf 89' lang='lat' dir='ltr'>sunt</span> <span class='ocrx_word' id='word_1_65' title='bbox 845 720 920 757; x_wconf 85' lang='grc'><strong>(1110,</strong></span> <span class='ocrx_word' id='word_1_66' title='bbox 934 720 993 749; x_wconf 88' lang='lat' dir='ltr'>sci-</span> 
     </span>
     <span class='ocr_line' id='line_1_12' title="bbox 227 773 996 815; baseline -0.004 -9"><span class='ocrx_word' id='word_1_67' title='bbox 227 775 556 815; x_wconf 85' lang='lat' dir='ltr'>licet1·eceptiospc‹·iei</span> <span class='ocrx_word' id='word_1_68' title='bbox 567 775 597 804; x_wconf 91' lang='lat' dir='ltr'>in</span> <span class='ocrx_word' id='word_1_69' title='bbox 606 783 728 811; x_wconf 73' lang='lat' dir='ltr'>organo</span> <span class='ocrx_word' id='word_1_70' title='bbox 740 774 791 813; x_wconf 68' lang='lat' dir='ltr'>(a),</span> <span class='ocrx_word' id='word_1_71' title='bbox 802 773 996 813; x_wconf 63' lang='lat' dir='ltr'>etJudicium</span> 
     </span>
     <span class='ocr_line' id='line_1_13' title="bbox 229 827 997 867; baseline -0.005 -7"><span class='ocrx_word' id='word_1_72' title='bbox 229 830 266 859; x_wconf 87' lang='lat' dir='ltr'>de</span> <span class='ocrx_word' id='word_1_73' title='bbox 281 838 315 859; x_wconf 89' lang='lat' dir='ltr'>re</span> <span class='ocrx_word' id='word_1_74' title='bbox 329 831 453 867; x_wconf 79' lang='lat' dir='ltr'>recepta</span> <span class='ocrx_word' id='word_1_75' title='bbox 466 839 471 858; x_wconf 79' lang='lat' dir='ltr'><em>z</em></span> <span class='ocrx_word' id='word_1_76' title='bbox 489 830 643 867; x_wconf 80' lang='lat' dir='ltr'>quantum</span> <span class='ocrx_word' id='word_1_77' title='bbox 658 827 695 857; x_wconf 86' lang='lat' dir='ltr'>ad</span> <span class='ocrx_word' id='word_1_78' title='bbox 711 827 933 866; x_wconf 78' lang='lat' dir='ltr'>receptionem,</span> <span class='ocrx_word' id='word_1_79' title='bbox 944 835 997 856; x_wconf 86' lang='lat' dir='ltr'>au-</span> 
     </span>
     <span class='ocr_line' id='line_1_14' title="bbox 229 880 998 921; baseline -0.004 -9"><span class='ocrx_word' id='word_1_80' title='bbox 229 882 311 912; x_wconf 82' lang='lat' dir='ltr'>ditus</span> <span class='ocrx_word' id='word_1_81' title='bbox 319 882 405 912; x_wconf 88' lang='lat' dir='ltr'>vocis</span> <span class='ocrx_word' id='word_1_82' title='bbox 416 881 565 921; x_wconf 63' lang='lat' dir='ltr'>prtecedit</span> <span class='ocrx_word' id='word_1_83' title='bbox 580 880 800 911; x_wconf 63' lang='lat' dir='ltr'>excitationem</span> <span class='ocrx_word' id='word_1_84' title='bbox 813 891 819 917; x_wconf 89' lang='lat'>;</span> <span class='ocrx_word' id='word_1_85' title='bbox 835 880 886 910; x_wconf 84' lang='lat' dir='ltr'>sed</span> <span class='ocrx_word' id='word_1_86' title='bbox 899 888 998 918; x_wconf 90' lang='lat' dir='ltr'>quan-</span> 
     </span>
     <span class='ocr_line' id='line_1_15' title="bbox 228 933 704 974; baseline -0.004 -9"><span class='ocrx_word' id='word_1_87' title='bbox 228 938 296 965; x_wconf 89' lang='lat' dir='ltr'>tum</span> <span class='ocrx_word' id='word_1_88' title='bbox 312 936 349 965; x_wconf 85' lang='lat' dir='ltr'>ad</span> <span class='ocrx_word' id='word_1_89' title='bbox 362 935 533 974; x_wconf 68' lang='lat' dir='ltr'>judii-ium,</span> <span class='ocrx_word' id='word_1_90' title='bbox 551 933 704 973; x_wconf 86' lang='lat' dir='ltr'>sequitur.</span> 
     </span>
    </p>

    <p class='ocr_par' dir='ltr' id='par_1_3' title="bbox 230 987 1018 2508">
     <span class='ocr_line' id='line_1_16' title="bbox 269 987 999 1027; baseline -0.003 -9"><span class='ocrx_word' id='word_1_91' title='bbox 269 992 297 1018; x_wconf 77' lang='lat'>(5.</span> <span class='ocrx_word' id='word_1_92' title='bbox 318 989 364 1019; x_wconf 76' lang='lat' dir='ltr'>Ad</span> <span class='ocrx_word' id='word_1_93' title='bbox 380 988 456 1019; x_wconf 85' lang='lat' dir='ltr'>illud</span> <span class='ocrx_word' id='word_1_94' title='bbox 472 987 554 1027; x_wconf 84' lang='lat' dir='ltr'>quod</span> <span class='ocrx_word' id='word_1_95' title='bbox 572 987 682 1017; x_wconf 90' lang='lat' dir='ltr'>ultimo</span> <span class='ocrx_word' id='word_1_96' title='bbox 700 987 848 1026; x_wconf 86' lang='lat' dir='ltr'>objicitur</span> <span class='ocrx_word' id='word_1_97' title='bbox 871 987 909 1017; x_wconf 88' lang='lat' dir='ltr'>de</span> <span class='ocrx_word' id='word_1_98' title='bbox 924 996 999 1026; x_wconf 86' lang='lat' dir='ltr'>ope-</span> 
     </span>
     <span class='ocr_line' id='line_1_17' title="bbox 230 1040 1000 1079; baseline -0.005 -8"><span class='ocrx_word' id='word_1_99' title='bbox 230 1041 350 1071; x_wconf 76' lang='lat' dir='ltr'>ratione</span> <span class='ocrx_word' id='word_1_100' title='bbox 368 1041 452 1071; x_wconf 84' lang='lat' dir='ltr'>illius</span> <span class='ocrx_word' id='word_1_101' title='bbox 473 1041 573 1078; x_wconf 84' lang='lat' dir='ltr'>vocis,</span> <span class='ocrx_word' id='word_1_102' title='bbox 591 1049 664 1079; x_wconf 77' lang='lat' dir='ltr'>quae</span> <span class='ocrx_word' id='word_1_103' title='bbox 689 1043 735 1070; x_wconf 88' lang='lat' dir='ltr'>est</span> <span class='ocrx_word' id='word_1_104' title='bbox 764 1040 915 1070; x_wconf 80' lang='lat' dir='ltr'>naturalis</span> <span class='ocrx_word' id='word_1_105' title='bbox 927 1064 935 1077; x_wconf 86' lang='lat'>,</span> <span class='ocrx_word' id='word_1_106' title='bbox 951 1040 1000 1068; x_wconf 82' lang='lat' dir='ltr'>di-</span> 
     </span>
     <span class='ocr_line' id='line_1_18' title="bbox 231 1092 1001 1133; baseline -0.003 -9"><span class='ocrx_word' id='word_1_107' title='bbox 231 1094 366 1124; x_wconf 83' lang='lat' dir='ltr'>cendum</span> <span class='ocrx_word' id='word_1_108' title='bbox 377 1094 471 1133; x_wconf 88' lang='lat' dir='ltr'>quod,</span> <span class='ocrx_word' id='word_1_109' title='bbox 487 1094 567 1123; x_wconf 86' lang='lat' dir='ltr'>sicut</span> <span class='ocrx_word' id='word_1_110' title='bbox 577 1093 690 1123; x_wconf 85' lang='lat' dir='ltr'>sanctis</span> <span class='ocrx_word' id='word_1_111' title='bbox 700 1092 777 1123; x_wconf 72' lang='lat' dir='ltr'>viris</span> <span class='ocrx_word' id='word_1_112' title='bbox 791 1093 883 1123; x_wconf 85' lang='lat' dir='ltr'>datur</span> <span class='ocrx_word' id='word_1_113' title='bbox 899 1093 1001 1131; x_wconf 77' lang='lat' dir='ltr'>gratia</span> 
     </span>
     <span class='ocr_line' id='line_1_19' title="bbox 231 1145 998 1183; baseline -0.001 -8"><span class='ocrx_word' id='word_1_114' title='bbox 231 1146 470 1183; x_wconf 80' lang='lat' dir='ltr'>miraculorum,</span> <span class='ocrx_word' id='word_1_115' title='bbox 487 1148 517 1176; x_wconf 87' lang='lat' dir='ltr'>et</span> <span class='ocrx_word' id='word_1_116' title='bbox 533 1146 634 1175; x_wconf 84' lang='lat' dir='ltr'>virtus</span> <span class='ocrx_word' id='word_1_117' title='bbox 650 1145 821 1175; x_wconf 80' lang='lat' dir='ltr'>suscitandi</span> <span class='ocrx_word' id='word_1_118' title='bbox 845 1148 998 1181; x_wconf 80' lang='lat' dir='ltr'>mortuos,</span> 
     </span>
     <span class='ocr_line' id='line_1_20' title="bbox 232 1198 1002 1238; baseline -0.004 -9"><span class='ocrx_word' id='word_1_119' title='bbox 232 1208 295 1229; x_wconf 89' lang='lat' dir='ltr'>non</span> <span class='ocrx_word' id='word_1_120' title='bbox 311 1199 387 1238; x_wconf 87' lang='lat' dir='ltr'>quia</span> <span class='ocrx_word' id='word_1_121' title='bbox 399 1199 456 1238; x_wconf 85' lang='lat' dir='ltr'>ipsi</span> <span class='ocrx_word' id='word_1_122' title='bbox 470 1199 619 1229; x_wconf 73' lang='lat' dir='ltr'>suscitent</span> <span class='ocrx_word' id='word_1_123' title='bbox 637 1208 691 1238; x_wconf 85' lang='lat' dir='ltr'>per</span> <span class='ocrx_word' id='word_1_124' title='bbox 706 1198 843 1237; x_wconf 80' lang='lat' dir='ltr'>aliquid,</span> <span class='ocrx_word' id='word_1_125' title='bbox 860 1198 945 1236; x_wconf 84' lang='lat' dir='ltr'>quod</span> <span class='ocrx_word' id='word_1_126' title='bbox 961 1198 1002 1227; x_wconf 80' lang='lat' dir='ltr'>sit</span> 
     </span>
     <span class='ocr_line' id='line_1_21' title="bbox 232 1251 1002 1291; baseline -0.004 -9"><span class='ocrx_word' id='word_1_127' title='bbox 232 1253 266 1282; x_wconf 93' lang='lat' dir='ltr'>in</span> <span class='ocrx_word' id='word_1_128' title='bbox 281 1262 324 1290; x_wconf 82' lang='lat' dir='ltr'>se,</span> <span class='ocrx_word' id='word_1_129' title='bbox 337 1252 391 1282; x_wconf 88' lang='lat' dir='ltr'>sed</span> <span class='ocrx_word' id='word_1_130' title='bbox 405 1252 481 1291; x_wconf 87' lang='lat' dir='ltr'>quia</span> <span class='ocrx_word' id='word_1_131' title='bbox 495 1252 575 1281; x_wconf 83' lang='lat' dir='ltr'>Deus</span> <span class='ocrx_word' id='word_1_132' title='bbox 587 1252 658 1281; x_wconf 79' lang='lat' dir='ltr'>t&#39;acit</span> <span class='ocrx_word' id='word_1_133' title='bbox 670 1252 707 1281; x_wconf 82' lang='lat' dir='ltr'>ad</span> <span class='ocrx_word' id='word_1_134' title='bbox 724 1251 905 1290; x_wconf 81' lang='lat' dir='ltr'>petitionem</span> <span class='ocrx_word' id='word_1_135' title='bbox 922 1252 1002 1289; x_wconf 82' lang='lat' dir='ltr'>ipso-</span> 
     </span>
     <span class='ocr_line' id='line_1_22' title="bbox 232 1304 1000 1344; baseline -0.004 -9"><span class='ocrx_word' id='word_1_136' title='bbox 232 1314 320 1342; x_wconf 84' lang='lat' dir='ltr'>rum;</span> <span class='ocrx_word' id='word_1_137' title='bbox 332 1305 376 1335; x_wconf 85' lang='lat' dir='ltr'>sic</span> <span class='ocrx_word' id='word_1_138' title='bbox 389 1305 419 1334; x_wconf 87' lang='lat' dir='ltr'>in</span> <span class='ocrx_word' id='word_1_139' title='bbox 436 1305 594 1344; x_wconf 72' lang='lat' dir='ltr'>proposito</span> <span class='ocrx_word' id='word_1_140' title='bbox 608 1308 653 1334; x_wconf 78' lang='lat' dir='ltr'>est</span> <span class='ocrx_word' id='word_1_141' title='bbox 666 1304 906 1342; x_wconf 67' lang='lat' dir='ltr'>intelligendum</span> <span class='ocrx_word' id='word_1_142' title='bbox 918 1304 1000 1342; x_wconf 82' lang='lat' dir='ltr'>quod</span> 
     </span>
     <span class='ocr_line' id='line_1_23' title="bbox 233 1357 1003 1393; baseline -0.004 -5"><span class='ocrx_word' id='word_1_143' title='bbox 233 1358 314 1388; x_wconf 87' lang='lat' dir='ltr'>Deus</span> <span class='ocrx_word' id='word_1_144' title='bbox 329 1358 417 1388; x_wconf 82' lang='lat' dir='ltr'>facit:</span> <span class='ocrx_word' id='word_1_145' title='bbox 435 1360 465 1387; x_wconf 86' lang='lat' dir='ltr'>et</span> <span class='ocrx_word' id='word_1_146' title='bbox 481 1358 522 1387; x_wconf 84' lang='lat' dir='ltr'>ita</span> <span class='ocrx_word' id='word_1_147' title='bbox 538 1357 727 1387; x_wconf 79' lang='lat' dir='ltr'>miraculum</span> <span class='ocrx_word' id='word_1_148' title='bbox 742 1359 799 1393; x_wconf 87' lang='lat' dir='ltr'>est,</span> <span class='ocrx_word' id='word_1_149' title='bbox 811 1357 835 1386; x_wconf 89' lang='lat' dir='ltr'>si</span> <span class='ocrx_word' id='word_1_150' title='bbox 853 1357 1003 1386; x_wconf 83' lang='lat' dir='ltr'>suscitan-</span> 
     </span>
     <span class='ocr_line' id='line_1_24' title="bbox 232 1409 1001 1449; baseline -0.004 -8"><span class='ocrx_word' id='word_1_151' title='bbox 232 1414 286 1441; x_wconf 89' lang='lat' dir='ltr'>tur</span> <span class='ocrx_word' id='word_1_152' title='bbox 300 1411 338 1441; x_wconf 81' lang='lat' dir='ltr'>ad</span> <span class='ocrx_word' id='word_1_153' title='bbox 355 1420 464 1441; x_wconf 86' lang='lat' dir='ltr'>vocem</span> <span class='ocrx_word' id='word_1_154' title='bbox 475 1411 572 1447; x_wconf 80' lang='lat' dir='ltr'>illam,</span> <span class='ocrx_word' id='word_1_155' title='bbox 588 1411 668 1440; x_wconf 88' lang='lat' dir='ltr'>sicut</span> <span class='ocrx_word' id='word_1_156' title='bbox 681 1410 706 1439; x_wconf 91' lang='lat' dir='ltr'>si</span> <span class='ocrx_word' id='word_1_157' title='bbox 720 1410 759 1439; x_wconf 75' lang='lat' dir='ltr'>ad</span> <span class='ocrx_word' id='word_1_158' title='bbox 779 1418 885 1449; x_wconf 84' lang='lat' dir='ltr'>preces</span> <span class='ocrx_word' id='word_1_159' title='bbox 900 1409 1001 1439; x_wconf 88' lang='lat' dir='ltr'>Pauli.</span> 
     </span>
     <span class='ocr_line' id='line_1_25' title="bbox 234 1462 1004 1502; baseline -0.004 -8"><span class='ocrx_word' id='word_1_160' title='bbox 234 1463 400 1500; x_wconf 60' lang='lat' dir='ltr'>Praeterea,</span> <span class='ocrx_word' id='word_1_161' title='bbox 417 1465 482 1493; x_wconf 85' lang='lat' dir='ltr'>esto</span> <span class='ocrx_word' id='word_1_162' title='bbox 500 1462 583 1502; x_wconf 80' lang='lat' dir='ltr'>quod</span> <span class='ocrx_word' id='word_1_163' title='bbox 598 1463 670 1493; x_wconf 82' lang='lat' dir='ltr'>data</span> <span class='ocrx_word' id='word_1_164' title='bbox 686 1463 725 1492; x_wconf 87' lang='lat' dir='ltr'>sit</span> <span class='ocrx_word' id='word_1_165' title='bbox 740 1463 852 1499; x_wconf 75' lang='lat' dir='ltr'>virtus,</span> <span class='ocrx_word' id='word_1_166' title='bbox 869 1462 943 1501; x_wconf 86' lang='lat' dir='ltr'>quia</span> <span class='ocrx_word' id='word_1_167' title='bbox 958 1464 1004 1491; x_wconf 84' lang='lat' dir='ltr'>est</span> 
     </span>
     <span class='ocr_line' id='line_1_26' title="bbox 235 1516 1003 1556; baseline -0.004 -9"><span class='ocrx_word' id='word_1_168' title='bbox 235 1517 273 1547; x_wconf 84' lang='lat' dir='ltr'>ad</span> <span class='ocrx_word' id='word_1_169' title='bbox 291 1519 396 1546; x_wconf 86' lang='lat' dir='ltr'>actum</span> <span class='ocrx_word' id='word_1_170' title='bbox 423 1526 519 1556; x_wconf 87' lang='lat' dir='ltr'>supra</span> <span class='ocrx_word' id='word_1_171' title='bbox 545 1518 704 1553; x_wconf 86' lang='lat' dir='ltr'>naturam,</span> <span class='ocrx_word' id='word_1_172' title='bbox 727 1518 757 1545; x_wconf 89' lang='lat' dir='ltr'>et</span> <span class='ocrx_word' id='word_1_173' title='bbox 779 1516 910 1546; x_wconf 84' lang='lat' dir='ltr'>modum</span> <span class='ocrx_word' id='word_1_174' title='bbox 929 1524 1003 1554; x_wconf 86' lang='lat' dir='ltr'>ope-</span> 
     </span>
     <span class='ocr_line' id='line_1_27' title="bbox 235 1567 1004 1608; baseline -0.004 -9"><span class='ocrx_word' id='word_1_175' title='bbox 235 1570 323 1600; x_wconf 86' lang='lat' dir='ltr'>randi</span> <span class='ocrx_word' id='word_1_176' title='bbox 340 1578 436 1608; x_wconf 86' lang='lat' dir='ltr'>supra</span> <span class='ocrx_word' id='word_1_177' title='bbox 450 1571 608 1603; x_wconf 73' lang='lat' dir='ltr'>naturam,</span> <span class='ocrx_word' id='word_1_178' title='bbox 620 1569 693 1598; x_wconf 89' lang='lat' dir='ltr'>hinc</span> <span class='ocrx_word' id='word_1_179' title='bbox 708 1570 753 1598; x_wconf 88' lang='lat' dir='ltr'>est</span> <span class='ocrx_word' id='word_1_180' title='bbox 768 1568 850 1607; x_wconf 82' lang='lat' dir='ltr'>quod</span> <span class='ocrx_word' id='word_1_181' title='bbox 868 1567 1004 1597; x_wconf 84' lang='lat' dir='ltr'>miracu-</span> 
     </span>
     <span class='ocr_line' id='line_1_28' title="bbox 235 1621 1005 1660; baseline -0.005 -8"><span class='ocrx_word' id='word_1_182' title='bbox 235 1623 301 1653; x_wconf 91' lang='lat' dir='ltr'>lose</span> <span class='ocrx_word' id='word_1_183' title='bbox 315 1623 379 1652; x_wconf 80' lang='lat' dir='ltr'>exit</span> <span class='ocrx_word' id='word_1_184' title='bbox 393 1623 423 1651; x_wconf 91' lang='lat' dir='ltr'>iu</span> <span class='ocrx_word' id='word_1_185' title='bbox 439 1631 530 1652; x_wconf 85' lang='lat' dir='ltr'>suam</span> <span class='ocrx_word' id='word_1_186' title='bbox 545 1621 776 1660; x_wconf 74' lang='lat' dir='ltr'>operatione-m,</span> <span class='ocrx_word' id='word_1_187' title='bbox 794 1621 875 1650; x_wconf 75' lang='lat' dir='ltr'>sieut</span> <span class='ocrx_word' id='word_1_188' title='bbox 895 1629 1005 1649; x_wconf 80' lang='lat' dir='ltr'>exem-</span> 
     </span>
     <span class='ocr_line' id='line_1_29' title="bbox 236 1673 1007 1715; baseline -0.006 -9"><span class='ocrx_word' id='word_1_189' title='bbox 236 1675 288 1715; x_wconf 92' lang='lat' dir='ltr'>plo</span> <span class='ocrx_word' id='word_1_190' title='bbox 302 1677 386 1715; x_wconf 75' lang='lat' dir='ltr'>patet.</span> <span class='ocrx_word' id='word_1_191' title='bbox 405 1675 443 1705; x_wconf 84' lang='lat' dir='ltr'>(le</span> <span class='ocrx_word' id='word_1_192' title='bbox 464 1674 603 1714; x_wconf 87' lang='lat' dir='ltr'>potentia</span> <span class='ocrx_word' id='word_1_193' title='bbox 628 1674 780 1712; x_wconf 83' lang='lat' dir='ltr'>pariendi,</span> <span class='ocrx_word' id='word_1_194' title='bbox 799 1682 870 1712; x_wconf 55' lang='lat' dir='ltr'>quaa</span> <span class='ocrx_word' id='word_1_195' title='bbox 894 1673 1007 1702; x_wconf 83' lang='lat' dir='ltr'>(licitur</span> 
     </span>
     <span class='ocr_line' id='line_1_30' title="bbox 237 1725 1008 1765; baseline -0.008 -6"><span class='ocrx_word' id='word_1_196' title='bbox 237 1729 309 1759; x_wconf 82' lang='lat' dir='ltr'>data</span> <span class='ocrx_word' id='word_1_197' title='bbox 318 1729 408 1758; x_wconf 84' lang='lat' dir='ltr'>beata</span> <span class='ocrx_word' id='word_1_198' title='bbox 419 1727 554 1765; x_wconf 80' lang='lat' dir='ltr'>Virgini.</span> <span class='ocrx_word' id='word_1_199' title='bbox 569 1727 618 1757; x_wconf 83' lang='lat' dir='ltr'>Sic</span> <span class='ocrx_word' id='word_1_200' title='bbox 632 1727 732 1764; x_wconf 78' lang='lat' dir='ltr'>igitur</span> <span class='ocrx_word' id='word_1_201' title='bbox 754 1727 849 1765; x_wconf 83' lang='lat' dir='ltr'>patet,</span> <span class='ocrx_word' id='word_1_202' title='bbox 863 1725 946 1764; x_wconf 79' lang='lat' dir='ltr'>quod</span> <span class='ocrx_word' id='word_1_203' title='bbox 963 1734 1008 1754; x_wconf 82' lang='lat' dir='ltr'>re-</span> 
     </span>
     <span class='ocr_line' id='line_1_31' title="bbox 238 1778 1006 1817; baseline -0.005 -6"><span class='ocrx_word' id='word_1_204' title='bbox 238 1781 388 1811; x_wconf 88' lang='lat' dir='ltr'>surrectio</span> <span class='ocrx_word' id='word_1_205' title='bbox 395 1781 506 1810; x_wconf 77' lang='lat' dir='ltr'>Christi</span> <span class='ocrx_word' id='word_1_206' title='bbox 516 1783 672 1817; x_wconf 80' lang='lat' dir='ltr'>estcausa,</span> <span class='ocrx_word' id='word_1_207' title='bbox 681 1782 711 1809; x_wconf 87' lang='lat' dir='ltr'>et</span> <span class='ocrx_word' id='word_1_208' title='bbox 719 1789 781 1809; x_wconf 75' lang='lat' dir='ltr'>vox</span> <span class='ocrx_word' id='word_1_209' title='bbox 788 1779 894 1817; x_wconf 78' lang='lat' dir='ltr'>aliquo</span> <span class='ocrx_word' id='word_1_210' title='bbox 902 1778 1006 1814; x_wconf 78' lang='lat' dir='ltr'>modo3</span> 
     </span>
     <span class='ocr_line' id='line_1_32' title="bbox 239 1830 1009 1873; baseline -0.006 -9"><span class='ocrx_word' id='word_1_211' title='bbox 239 1838 345 1865; x_wconf 87' lang='lat' dir='ltr'>tamen</span> <span class='ocrx_word' id='word_1_212' title='bbox 355 1833 534 1873; x_wconf 88' lang='lat' dir='ltr'>principalis</span> <span class='ocrx_word' id='word_1_213' title='bbox 548 1842 641 1863; x_wconf 86' lang='lat' dir='ltr'>causa</span> <span class='ocrx_word' id='word_1_214' title='bbox 654 1835 699 1862; x_wconf 87' lang='lat' dir='ltr'>est</span> <span class='ocrx_word' id='word_1_215' title='bbox 716 1832 767 1862; x_wconf 89' lang='lat' dir='ltr'>Dei</span> <span class='ocrx_word' id='word_1_216' title='bbox 786 1832 897 1868; x_wconf 85' lang='lat' dir='ltr'>virtus,</span> <span class='ocrx_word' id='word_1_217' title='bbox 910 1833 941 1860; x_wconf 90' lang='lat' dir='ltr'>et</span> <span class='ocrx_word' id='word_1_218' title='bbox 956 1830 1009 1860; x_wconf 91' lang='lat' dir='ltr'>Dei</span> 
     </span>
     <span class='ocr_line' id='line_1_33' title="bbox 240 1883 1007 1926; baseline -0.007 -9"><span class='ocrx_word' id='word_1_219' title='bbox 240 1887 403 1926; x_wconf 74' lang='lat' dir='ltr'>sapientia,</span> <span class='ocrx_word' id='word_1_220' title='bbox 420 1890 450 1916; x_wconf 88' lang='lat' dir='ltr'>et</span> <span class='ocrx_word' id='word_1_221' title='bbox 465 1886 655 1916; x_wconf 74' lang='lat' dir='ltr'>resurrectio</span> <span class='ocrx_word' id='word_1_222' title='bbox 670 1885 781 1915; x_wconf 82' lang='lat' dir='ltr'>Christi</span> <span class='ocrx_word' id='word_1_223' title='bbox 801 1887 942 1914; x_wconf 83' lang='lat' dir='ltr'>nostram</span> <span class='ocrx_word' id='word_1_224' title='bbox 958 1883 1007 1913; x_wconf 91' lang='lat' dir='ltr'>in-</span> 
     </span>
     <span class='ocr_line' id='line_1_34' title="bbox 240 1937 1011 1977; baseline -0.006 -7"><span class='ocrx_word' id='word_1_225' title='bbox 240 1941 297 1970; x_wconf 80' lang='lat' dir='ltr'>sert</span> <span class='ocrx_word' id='word_1_226' title='bbox 313 1939 577 1970; x_wconf 82' lang='lat' dir='ltr'>resurrectionem</span> <span class='ocrx_word' id='word_1_227' title='bbox 591 1950 597 1969; x_wconf 78' lang='lat'>2</span> <span class='ocrx_word' id='word_1_228' title='bbox 609 1939 675 1968; x_wconf 86' lang='lat' dir='ltr'>sive</span> <span class='ocrx_word' id='word_1_229' title='bbox 686 1947 741 1977; x_wconf 88' lang='lat' dir='ltr'>per</span> <span class='ocrx_word' id='word_1_230' title='bbox 749 1937 962 1977; x_wconf 79' lang='lat' dir='ltr'>hypothesim,</span> <span class='ocrx_word' id='word_1_231' title='bbox 977 1939 1011 1966; x_wconf 91' lang='lat' dir='ltr'>ut</span> 
     </span>
     <span class='ocr_line' id='line_1_35' title="bbox 241 1990 1011 2028; baseline -0.006 -5"><span class='ocrx_word' id='word_1_232' title='bbox 241 1993 267 2022; x_wconf 88' lang='lat' dir='ltr'>si</span> <span class='ocrx_word' id='word_1_233' title='bbox 282 2002 347 2023; x_wconf 86' lang='lat' dir='ltr'>una</span> <span class='ocrx_word' id='word_1_234' title='bbox 362 1993 469 2023; x_wconf 89' lang='lat' dir='ltr'>anima</span> <span class='ocrx_word' id='word_1_235' title='bbox 482 1994 528 2021; x_wconf 90' lang='lat' dir='ltr'>est</span> <span class='ocrx_word' id='word_1_236' title='bbox 541 1990 742 2028; x_wconf 85' lang='lat' dir='ltr'>immortalis,</span> <span class='ocrx_word' id='word_1_237' title='bbox 752 1992 782 2020; x_wconf 89' lang='lat' dir='ltr'>et</span> <span class='ocrx_word' id='word_1_238' title='bbox 798 1999 907 2020; x_wconf 89' lang='lat' dir='ltr'>omnes</span> <span class='ocrx_word' id='word_1_239' title='bbox 922 1990 1011 2019; x_wconf 85' lang='lat' dir='ltr'>simi-</span> 
     </span>
     <span class='ocr_line' id='line_1_36' title="bbox 242 2042 1012 2082; baseline -0.005 -7"><span class='ocrx_word' id='word_1_240' title='bbox 242 2045 327 2082; x_wconf 79' lang='lat' dir='ltr'>liter3</span> <span class='ocrx_word' id='word_1_241' title='bbox 345 2046 371 2075; x_wconf 92' lang='lat' dir='ltr'>si</span> <span class='ocrx_word' id='word_1_242' title='bbox 386 2054 471 2075; x_wconf 90' lang='lat' dir='ltr'>unus</span> <span class='ocrx_word' id='word_1_243' title='bbox 482 2044 667 2081; x_wconf 74' lang='lat' dir='ltr'>resurrexit,</span> <span class='ocrx_word' id='word_1_244' title='bbox 684 2046 714 2073; x_wconf 85' lang='lat' dir='ltr'>et</span> <span class='ocrx_word' id='word_1_245' title='bbox 728 2051 858 2079; x_wconf 85' lang='lat' dir='ltr'>omnes;</span> <span class='ocrx_word' id='word_1_246' title='bbox 874 2042 940 2072; x_wconf 86' lang='lat' dir='ltr'>sive</span> <span class='ocrx_word' id='word_1_247' title='bbox 956 2052 1012 2082; x_wconf 89' lang='lat' dir='ltr'>per</span> 
     </span>
     <span class='ocr_line' id='line_1_37' title="bbox 242 2094 1013 2136; baseline -0.004 -9"><span class='ocrx_word' id='word_1_248' title='bbox 242 2097 347 2128; x_wconf 89' lang='lat' dir='ltr'>locum</span> <span class='ocrx_word' id='word_1_249' title='bbox 370 2107 388 2128; x_wconf 86' lang='lat' dir='ltr'>a</span> <span class='ocrx_word' id='word_1_250' title='bbox 408 2097 532 2136; x_wconf 80' lang='lat' dir='ltr'>maj0ri,</span> <span class='ocrx_word' id='word_1_251' title='bbox 556 2097 630 2136; x_wconf 87' lang='lat' dir='ltr'>quia</span> <span class='ocrx_word' id='word_1_252' title='bbox 651 2096 758 2126; x_wconf 84' lang='lat' dir='ltr'>anima</span> <span class='ocrx_word' id='word_1_253' title='bbox 787 2094 899 2125; x_wconf 78' lang='lat' dir='ltr'>Christi</span> <span class='ocrx_word' id='word_1_254' title='bbox 923 2095 1013 2125; x_wconf 85' lang='lat' dir='ltr'>beata</span> 
     </span>
     <span class='ocr_line' id='line_1_38' title="bbox 245 2147 1014 2189; baseline -0.004 -9"><span class='ocrx_word' id='word_1_255' title='bbox 245 2151 350 2180; x_wconf 89' lang='lat' dir='ltr'>minus</span> <span class='ocrx_word' id='word_1_256' title='bbox 370 2150 483 2189; x_wconf 79' lang='lat' dir='ltr'>egebat</span> <span class='ocrx_word' id='word_1_257' title='bbox 497 2159 639 2189; x_wconf 89' lang='lat' dir='ltr'>corpore,</span> <span class='ocrx_word' id='word_1_258' title='bbox 656 2158 751 2188; x_wconf 83' lang='lat' dir='ltr'>quain</span> <span class='ocrx_word' id='word_1_259' title='bbox 768 2148 857 2183; x_wconf 81' lang='lat' dir='ltr'>aliae;</span> <span class='ocrx_word' id='word_1_260' title='bbox 874 2147 939 2178; x_wconf 87' lang='lat' dir='ltr'>sive</span> <span class='ocrx_word' id='word_1_261' title='bbox 958 2156 1014 2187; x_wconf 89' lang='lat' dir='ltr'>per</span> 
     </span>
     <span class='ocr_line' id='line_1_39' title="bbox 245 2201 1012 2241; baseline -0.004 -8"><span class='ocrx_word' id='word_1_262' title='bbox 245 2205 346 2234; x_wconf 78' lang='lat' dir='ltr'>locum</span> <span class='ocrx_word' id='word_1_263' title='bbox 363 2213 382 2233; x_wconf 84' lang='lat' dir='ltr'>a</span> <span class='ocrx_word' id='word_1_264' title='bbox 395 2212 489 2233; x_wconf 85' lang='lat' dir='ltr'>causa</span> <span class='ocrx_word' id='word_1_265' title='bbox 503 2203 675 2241; x_wconf 80' lang='lat' dir='ltr'>exemplari</span> <span class='ocrx_word' id='word_1_266' title='bbox 696 2201 795 2231; x_wconf 85' lang='lat' dir='ltr'>relata</span> <span class='ocrx_word' id='word_1_267' title='bbox 815 2201 854 2230; x_wconf 70' lang='lat' dir='ltr'>ud</span> <span class='ocrx_word' id='word_1_268' title='bbox 875 2201 1012 2230; x_wconf 82' lang='lat' dir='ltr'>et&#39;ticien-</span> 
     </span>
     <span class='ocr_line' id='line_1_40' title="bbox 246 2254 1015 2295; baseline -0.004 -9"><span class='ocrx_word' id='word_1_269' title='bbox 246 2260 320 2294; x_wconf 88' lang='lat' dir='ltr'>tem,</span> <span class='ocrx_word' id='word_1_270' title='bbox 342 2256 456 2286; x_wconf 80' lang='lat' dir='ltr'>scilicet</span> <span class='ocrx_word' id='word_1_271' title='bbox 471 2256 545 2295; x_wconf 80' lang='lat' dir='ltr'>quia</span> <span class='ocrx_word' id='word_1_272' title='bbox 570 2256 612 2285; x_wconf 93' lang='lat' dir='ltr'>ibi</span> <span class='ocrx_word' id='word_1_273' title='bbox 634 2257 682 2285; x_wconf 89' lang='lat' dir='ltr'>est</span> <span class='ocrx_word' id='word_1_274' title='bbox 698 2254 885 2285; x_wconf 82' lang='lat' dir='ltr'>resurrectio</span> <span class='ocrx_word' id='word_1_275' title='bbox 909 2256 1015 2283; x_wconf 86' lang='lat' dir='ltr'>nostra</span> 
     </span>
     <span class='ocr_line' id='line_1_41' title="bbox 247 2307 1013 2348; baseline -0.004 -9"><span class='ocrx_word' id='word_1_276' title='bbox 247 2309 392 2339; x_wconf 76' lang='lat' dir='ltr'>inchoata</span> <span class='ocrx_word' id='word_1_277' title='bbox 409 2320 415 2339; x_wconf 79' lang='lat' dir='ltr'>z</span> <span class='ocrx_word' id='word_1_278' title='bbox 437 2312 464 2339; x_wconf 84' lang='lat' dir='ltr'>et</span> <span class='ocrx_word' id='word_1_279' title='bbox 479 2311 606 2348; x_wconf 82' lang='lat' dir='ltr'>propter</span> <span class='ocrx_word' id='word_1_280' title='bbox 621 2318 677 2338; x_wconf 84' lang='lat' dir='ltr'>nos</span> <span class='ocrx_word' id='word_1_281' title='bbox 693 2308 834 2338; x_wconf 81' lang='lat' dir='ltr'>Christus</span> <span class='ocrx_word' id='word_1_282' title='bbox 851 2310 896 2337; x_wconf 88' lang='lat' dir='ltr'>est</span> <span class='ocrx_word' id='word_1_283' title='bbox 912 2307 1013 2337; x_wconf 87' lang='lat' dir='ltr'>incar-</span> 
     </span>
     <span class='ocr_line' id='line_1_42' title="bbox 248 2360 1016 2401; baseline -0.003 -9"><span class='ocrx_word' id='word_1_284' title='bbox 248 2365 352 2400; x_wconf 81' lang='lat' dir='ltr'>natus,</span> <span class='ocrx_word' id='word_1_285' title='bbox 365 2371 485 2401; x_wconf 78' lang='lat' dir='ltr'>passus,</span> <span class='ocrx_word' id='word_1_286' title='bbox 501 2365 531 2391; x_wconf 83' lang='lat' dir='ltr'>et</span> <span class='ocrx_word' id='word_1_287' title='bbox 550 2364 709 2398; x_wconf 87' lang='lat' dir='ltr'>mortuus,</span> <span class='ocrx_word' id='word_1_288' title='bbox 728 2363 759 2391; x_wconf 88' lang='lat' dir='ltr'>et</span> <span class='ocrx_word' id='word_1_289' title='bbox 773 2360 948 2390; x_wconf 78' lang='lat' dir='ltr'>resurrexit</span> <span class='ocrx_word' id='word_1_290' title='bbox 963 2370 970 2390; x_wconf 72' lang='grc' dir='ltr'>ε</span> <span class='ocrx_word' id='word_1_291' title='bbox 985 2363 1016 2390; x_wconf 88' lang='lat' dir='ltr'>et</span> 
     </span>
     <span class='ocr_line' id='line_1_43' title="bbox 248 2413 1014 2450; baseline -0.004 -4"><span class='ocrx_word' id='word_1_292' title='bbox 248 2418 355 2446; x_wconf 85' lang='lat' dir='ltr'>nostra</span> <span class='ocrx_word' id='word_1_293' title='bbox 375 2415 560 2445; x_wconf 79' lang='lat' dir='ltr'>resurrectio</span> <span class='ocrx_word' id='word_1_294' title='bbox 581 2415 651 2444; x_wconf 85' lang='lat' dir='ltr'>ideo</span> <span class='ocrx_word' id='word_1_295' title='bbox 673 2417 719 2444; x_wconf 87' lang='lat' dir='ltr'>est</span> <span class='ocrx_word' id='word_1_296' title='bbox 738 2414 885 2444; x_wconf 76' lang='lat' dir='ltr'>inchoata</span> <span class='ocrx_word' id='word_1_297' title='bbox 906 2413 938 2443; x_wconf 92' lang='lat' dir='ltr'>in</span> <span class='ocrx_word' id='word_1_298' title='bbox 962 2422 1014 2450; x_wconf 84' lang='lat' dir='ltr'>eo,</span> 
     </span>
     <span class='ocr_line' id='line_1_44' title="bbox 249 2467 1018 2508; baseline -0.001 -10"><span class='ocrx_word' id='word_1_299' title='bbox 249 2472 399 2508; x_wconf 77' lang='lat' dir='ltr'>tanquam</span> <span class='ocrx_word' id='word_1_300' title='bbox 419 2468 449 2497; x_wconf 91' lang='lat' dir='ltr'>in</span> <span class='ocrx_word' id='word_1_301' title='bbox 461 2467 597 2506; x_wconf 80' lang='lat' dir='ltr'>quodam</span> <span class='ocrx_word' id='word_1_302' title='bbox 613 2467 758 2506; x_wconf 77' lang='lat' dir='ltr'>exemplo</span> <span class='ocrx_word' id='word_1_303' title='bbox 773 2478 779 2497; x_wconf 82' lang='lat' dir='ltr'>z</span> <span class='ocrx_word' id='word_1_304' title='bbox 798 2476 877 2504; x_wconf 82' lang='lat' dir='ltr'>ergo</span> <span class='ocrx_word' id='word_1_305' title='bbox 894 2467 917 2496; x_wconf 90' lang='lat' dir='ltr'>si</span> <span class='ocrx_word' id='word_1_306' title='bbox 936 2469 943 2484; x_wconf 94' lang='lat'>¹</span> <span class='ocrx_word' id='word_1_307' title='bbox 962 2467 1018 2497; x_wconf 81' lang='lat' dir='ltr'>Dez&#39;</span> 
     </span>
    </p>
   </div>
   <div class='ocr_carea' id='block_1_2' title="bbox 250 2529 1019 2665">
    <p class='ocr_par' dir='ltr' id='par_1_4' title="bbox 250 2529 1019 2665">
     <span class='ocr_line' id='line_1_45' title="bbox 281 2529 1016 2560; baseline 0 -7"><span class='ocrx_word' id='word_1_308' title='bbox 281 2531 505 2560; x_wconf 48' lang='lat' dir='ltr'>’Denter-„xxxin</span> <span class='ocrx_word' id='word_1_309' title='bbox 525 2532 586 2552; x_wconf 90' lang='grc'>1.-</span> <span class='ocrx_word' id='word_1_310' title='bbox 602 2532 609 2542; x_wconf 73' lang='grc'>-’</span> <span class='ocrx_word' id='word_1_311' title='bbox 625 2530 630 2552; x_wconf 91' lang='grc' dir='ltr'>Ι</span> <span class='ocrx_word' id='word_1_312' title='bbox 645 2531 765 2559; x_wconf 71' lang='lat' dir='ltr'>1¹01·.,xv,</span> <span class='ocrx_word' id='word_1_313' title='bbox 781 2532 820 2552; x_wconf 70' lang='lat'>525.</span> <span class='ocrx_word' id='word_1_314' title='bbox 832 2529 880 2546; x_wconf 82' lang='lat'>—³</span> <span class='ocrx_word' id='word_1_315' title='bbox 894 2529 933 2559; x_wconf 67' lang='lat' dir='ltr'>Cf.</span> <span class='ocrx_word' id='word_1_316' title='bbox 945 2529 1016 2553; x_wconf 76' lang='lat' dir='ltr'>Alex.</span> 
     </span>
     <span class='ocr_line' id='line_1_46' title="bbox 250 2565 1017 2595; baseline -0.004 -5"><span class='ocrx_word' id='word_1_317' title='bbox 250 2566 345 2595; x_wconf 54' lang='lat' dir='ltr'>Ateus„</span> <span class='ocrx_word' id='word_1_318' title='bbox 363 2572 389 2595; x_wconf 83' lang='lat' dir='ltr'>p.</span> <span class='ocrx_word' id='word_1_319' title='bbox 409 2566 427 2594; x_wconf 82' lang='lat' dir='ltr'>l,</span> <span class='ocrx_word' id='word_1_320' title='bbox 444 2572 467 2595; x_wconf 85' lang='lat' dir='ltr'>q.</span> <span class='ocrx_word' id='word_1_321' title='bbox 482 2571 578 2594; x_wconf 72' lang='lat' dir='ltr'>xxxiii,</span> <span class='ocrx_word' id='word_1_322' title='bbox 595 2565 702 2587; x_wconf 81' lang='lat' dir='ltr'>membr.</span> <span class='ocrx_word' id='word_1_323' title='bbox 722 2567 745 2594; x_wconf 85' lang='lat'>1,</span> <span class='ocrx_word' id='word_1_324' title='bbox 761 2567 808 2587; x_wconf 77' lang='lat' dir='ltr'>art.</span> <span class='ocrx_word' id='word_1_325' title='bbox 831 2568 858 2593; x_wconf 74' lang='lat'>13</span> <span class='ocrx_word' id='word_1_326' title='bbox 875 2566 900 2588; x_wconf 75' lang='lat' dir='ltr'>S.</span> <span class='ocrx_word' id='word_1_327' title='bbox 916 2565 1017 2594; x_wconf 84' lang='lat' dir='ltr'>Thom.,</span> 
     </span>
     <span class='ocr_line' id='line_1_47' title="bbox 250 2600 1019 2631; baseline -0.001 -7"><span class='ocrx_word' id='word_1_328' title='bbox 250 2608 275 2631; x_wconf 84' lang='lat' dir='ltr'>p.</span> <span class='ocrx_word' id='word_1_329' title='bbox 291 2602 308 2629; x_wconf 84' lang='lat'>1,</span> <span class='ocrx_word' id='word_1_330' title='bbox 327 2608 351 2631; x_wconf 85' lang='lat' dir='ltr'>q.</span> <span class='ocrx_word' id='word_1_331' title='bbox 372 2606 444 2630; x_wconf 74' lang='lat' dir='ltr'>xxiv,</span> <span class='ocrx_word' id='word_1_332' title='bbox 460 2601 507 2624; x_wconf 85' lang='lat' dir='ltr'>art.</span> <span class='ocrx_word' id='word_1_333' title='bbox 530 2603 557 2630; x_wconf 77' lang='lat'>¹3</span> <span class='ocrx_word' id='word_1_334' title='bbox 573 2601 595 2622; x_wconf 81' lang='lat' dir='ltr'>et</span> <span class='ocrx_word' id='word_1_335' title='bbox 613 2600 642 2622; x_wconf 74' lang='lat' dir='ltr'>(lc</span> <span class='ocrx_word' id='word_1_336' title='bbox 663 2600 749 2630; x_wconf 59' lang='lat' dir='ltr'>Ver-it„</span> <span class='ocrx_word' id='word_1_337' title='bbox 766 2606 791 2630; x_wconf 86' lang='lat' dir='ltr'>q.</span> <span class='ocrx_word' id='word_1_338' title='bbox 812 2605 861 2627; x_wconf 78' lang='lat' dir='ltr'>vii,</span> <span class='ocrx_word' id='word_1_339' title='bbox 881 2602 928 2622; x_wconf 85' lang='lat' dir='ltr'>art.</span> <span class='ocrx_word' id='word_1_340' title='bbox 947 2601 973 2629; x_wconf 76' lang='lat'>43</span> <span class='ocrx_word' id='word_1_341' title='bbox 994 2602 1019 2623; x_wconf 77' lang='lat' dir='ltr'>et</span> 
     </span>
     <span class='ocr_line' id='line_1_48' title="bbox 251 2633 1013 2665; baseline -0.001 -7"><span class='ocrx_word' id='word_1_342' title='bbox 251 2635 282 2659; x_wconf 78' lang='lat' dir='ltr'>tV</span> <span class='ocrx_word' id='word_1_343' title='bbox 301 2635 379 2665; x_wconf 61' lang='lat' dir='ltr'>Seni„</span> <span class='ocrx_word' id='word_1_344' title='bbox 399 2635 456 2659; x_wconf 78' lang='lat' dir='ltr'>dist.</span> <span class='ocrx_word' id='word_1_345' title='bbox 472 2640 517 2665; x_wconf 57' lang='lat' dir='ltr'>xp,</span> <span class='ocrx_word' id='word_1_346' title='bbox 535 2641 559 2665; x_wconf 91' lang='lat' dir='ltr'>q.</span> <span class='ocrx_word' id='word_1_347' title='bbox 580 2639 600 2664; x_wconf 82' lang='lat' dir='ltr'>i,</span> <span class='ocrx_word' id='word_1_348' title='bbox 618 2635 664 2657; x_wconf 80' lang='lat' dir='ltr'>art.</span> <span class='ocrx_word' id='word_1_349' title='bbox 684 2636 713 2662; x_wconf 71' lang='lat'>2;</span> <span class='ocrx_word' id='word_1_350' title='bbox 734 2636 758 2657; x_wconf 84' lang='lat' dir='ltr'>et</span> <span class='ocrx_word' id='word_1_351' title='bbox 775 2633 832 2657; x_wconf 86' lang='lat' dir='ltr'>dist.</span> <span class='ocrx_word' id='word_1_352' title='bbox 848 2639 929 2662; x_wconf 71' lang='lat' dir='ltr'>uni,</span> <span class='ocrx_word' id='word_1_353' title='bbox 944 2641 968 2664; x_wconf 84' lang='lat' dir='ltr'>q.</span> <span class='ocrx_word' id='word_1_354' title='bbox 987 2640 1013 2662; x_wconf 84' lang='grc'>11,</span> 
     </span>
    </p>
   </div>
   <div class='ocr_carea' id='block_1_3' title="bbox 779 174 1255 207">
    <p class='ocr_par' dir='ltr' id='par_1_5' title="bbox 779 174 1255 207">
     <span class='ocr_line' id='line_1_49' title="bbox 779 174 1255 207; baseline -0.006 0"><span class='ocrx_word' id='word_1_355' title='bbox 779 174 998 207; x_wconf 65' lang='lat' dir='ltr'>SENTENTIA</span> <span class='ocrx_word' id='word_1_356' title='bbox 1006 174 1084 205; x_wconf 75' lang='lat' dir='ltr'>RUM</span> <span class='ocrx_word' id='word_1_357' title='bbox 1109 174 1182 205; x_wconf 85' lang='lat' dir='ltr'>LIB.</span> <span class='ocrx_word' id='word_1_358' title='bbox 1207 174 1255 204; x_wconf 87' lang='lat' dir='ltr'>IV.</span> 
     </span>
    </p>
   </div>
   <div class='ocr_carea' id='block_1_4' title="bbox 1045 239 1814 280">
    <p class='ocr_par' dir='ltr' id='par_1_6' title="bbox 1045 239 1814 280">
     <span class='ocr_line' id='line_1_50' title="bbox 1045 239 1814 280; baseline 0 -8"><span class='ocrx_word' id='word_1_359' title='bbox 1045 242 1186 280; x_wconf 76' lang='lat' dir='ltr'>perfecta</span> <span class='ocrx_word' id='word_1_360' title='bbox 1210 244 1286 272; x_wconf 77' lang='lat' dir='ltr'>szmc</span> <span class='ocrx_word' id='word_1_361' title='bbox 1313 248 1418 280; x_wconf 80' lang='lat' dir='ltr'>opera,</span> <span class='ocrx_word' id='word_1_362' title='bbox 1444 244 1454 259; x_wconf 84' lang='lat'>²</span> <span class='ocrx_word' id='word_1_363' title='bbox 1475 242 1591 280; x_wconf 71' lang='lat' dir='ltr'>oportet</span> <span class='ocrx_word' id='word_1_364' title='bbox 1615 239 1814 280; x_wconf 74' lang='lat' dir='ltr'>corruptibile</span> 
     </span>
    </p>
   </div>
   <div class='ocr_carea' id='block_1_5' title="bbox 1047 294 1816 376">
    <p class='ocr_par' dir='ltr' id='par_1_7' title="bbox 1047 294 1816 376">
     <span class='ocr_line' id='line_1_51' title="bbox 1047 294 1816 334; baseline 0 -10"><span class='ocrx_word' id='word_1_365' title='bbox 1047 294 1102 324; x_wconf 79' lang='lat' dir='ltr'>hoc</span> <span class='ocrx_word' id='word_1_366' title='bbox 1129 294 1262 325; x_wconf 72' lang='lat' dir='ltr'>induere</span> <span class='ocrx_word' id='word_1_367' title='bbox 1286 294 1556 333; x_wconf 72' lang='lat' dir='ltr'>incorruptionem</span> <span class='ocrx_word' id='word_1_368' title='bbox 1577 305 1586 323; x_wconf 92' lang='lat'><em>:</em></span> <span class='ocrx_word' id='word_1_369' title='bbox 1609 296 1639 324; x_wconf 88' lang='lat' dir='ltr'>et</span> <span class='ocrx_word' id='word_1_370' title='bbox 1667 294 1710 324; x_wconf 86' lang='lat' dir='ltr'>sic</span> <span class='ocrx_word' id='word_1_371' title='bbox 1732 295 1816 334; x_wconf 85' lang='lat' dir='ltr'>patet</span> 
     </span>
     <span class='ocr_line' id='line_1_52' title="bbox 1048 346 1134 376; baseline 0.012 -1"><span class='ocrx_word' id='word_1_372' title='bbox 1048 346 1134 376; x_wconf 78' lang='lat' dir='ltr'>illud.</span> 
     </span>
    </p>
   </div>
   <div class='ocr_carea' id='block_1_6' title="bbox 1242 414 1598 447">
    <p class='ocr_par' dir='ltr' id='par_1_8' title="bbox 1242 414 1598 447">
     <span class='ocr_line' id='line_1_53' title="bbox 1242 414 1598 447; baseline 0 -1"><span class='ocrx_word' id='word_1_373' title='bbox 1242 414 1518 446; x_wconf 82' lang='lat' dir='ltr'>ARTICULUS</span> <span class='ocrx_word' id='word_1_374' title='bbox 1553 415 1598 447; x_wconf 87' lang='grc' dir='ltr'>ΙΙ.</span> 
     </span>
    </p>
   </div>
   <div class='ocr_carea' id='block_1_7' title="bbox 1050 507 1823 918">
    <p class='ocr_par' dir='ltr' id='par_1_9' title="bbox 1050 507 1823 918">
     <span class='ocr_line' id='line_1_54' title="bbox 1089 507 1818 547; baseline 0 -10"><span class='ocrx_word' id='word_1_375' title='bbox 1089 508 1332 547; x_wconf 70' lang='lat' dir='ltr'>cousequenter,</span> <span class='ocrx_word' id='word_1_376' title='bbox 1345 509 1500 547; x_wconf 86' lang='lat' dir='ltr'>quantum</span> <span class='ocrx_word' id='word_1_377' title='bbox 1510 507 1547 537; x_wconf 89' lang='lat' dir='ltr'>ad</span> <span class='ocrx_word' id='word_1_378' title='bbox 1561 507 1730 537; x_wconf 84' lang='lat' dir='ltr'>secundam</span> <span class='ocrx_word' id='word_1_379' title='bbox 1746 515 1818 546; x_wconf 85' lang='lat' dir='ltr'>par·</span> 
     </span>
     <span class='ocr_line' id='line_1_55' title="bbox 1050 558 1820 600; baseline -0.001 -10"><span class='ocrx_word' id='word_1_380' title='bbox 1050 563 1111 590; x_wconf 83' lang='lat' dir='ltr'>tem</span> <span class='ocrx_word' id='word_1_381' title='bbox 1128 560 1350 597; x_wconf 71' lang='lat' dir='ltr'>distinctionis,</span> <span class='ocrx_word' id='word_1_382' title='bbox 1376 561 1532 600; x_wconf 79' lang='lat' dir='ltr'>quaeritur</span> <span class='ocrx_word' id='word_1_383' title='bbox 1548 560 1585 590; x_wconf 91' lang='lat' dir='ltr'>de</span> <span class='ocrx_word' id='word_1_384' title='bbox 1601 559 1763 600; x_wconf 86' lang='lat' dir='ltr'>apertione</span> <span class='ocrx_word' id='word_1_385' title='bbox 1777 558 1820 589; x_wconf 92' lang='lat' dir='ltr'>li-</span> 
     </span>
     <span class='ocr_line' id='line_1_56' title="bbox 1051 612 1822 653; baseline -0.001 -10"><span class='ocrx_word' id='word_1_386' title='bbox 1051 614 1193 650; x_wconf 87' lang='lat' dir='ltr'>brorum,</span> <span class='ocrx_word' id='word_1_387' title='bbox 1210 615 1240 643; x_wconf 81' lang='lat' dir='ltr'>et</span> <span class='ocrx_word' id='word_1_388' title='bbox 1260 613 1323 643; x_wconf 89' lang='lat' dir='ltr'>duo</span> <span class='ocrx_word' id='word_1_389' title='bbox 1345 613 1383 643; x_wconf 90' lang='lat' dir='ltr'>de</span> <span class='ocrx_word' id='word_1_390' title='bbox 1411 613 1469 643; x_wconf 88' lang='lat' dir='ltr'>hoc</span> <span class='ocrx_word' id='word_1_391' title='bbox 1499 612 1714 653; x_wconf 80' lang='lat' dir='ltr'>principaliter</span> <span class='ocrx_word' id='word_1_392' title='bbox 1736 620 1822 652; x_wconf 87' lang='lat' dir='ltr'>quae-</span> 
     </span>
     <span class='ocr_line' id='line_1_57' title="bbox 1050 665 1823 706; baseline -0.001 -10"><span class='ocrx_word' id='word_1_393' title='bbox 1050 669 1166 696; x_wconf 87' lang='lat' dir='ltr'>runtur</span> <span class='ocrx_word' id='word_1_394' title='bbox 1182 677 1187 696; x_wconf 91' lang='lat'>:</span> <span class='ocrx_word' id='word_1_395' title='bbox 1206 666 1309 705; x_wconf 90' lang='lat' dir='ltr'>primo</span> <span class='ocrx_word' id='word_1_396' title='bbox 1332 666 1487 706; x_wconf 81' lang='lat' dir='ltr'>qnaeritur</span> <span class='ocrx_word' id='word_1_397' title='bbox 1507 666 1544 696; x_wconf 92' lang='lat' dir='ltr'>de</span> <span class='ocrx_word' id='word_1_398' title='bbox 1565 665 1646 696; x_wconf 93' lang='lat' dir='ltr'>libro</span> <span class='ocrx_word' id='word_1_399' title='bbox 1670 665 1761 702; x_wconf 80' lang='lat' dir='ltr'>vitae3</span> <span class='ocrx_word' id='word_1_400' title='bbox 1778 673 1823 695; x_wconf 87' lang='lat' dir='ltr'>se-</span> 
     </span>
     <span class='ocr_line' id='line_1_58' title="bbox 1050 718 1822 758; baseline -0.003 -8"><span class='ocrx_word' id='word_1_401' title='bbox 1050 720 1153 750; x_wconf 86' lang='lat' dir='ltr'>cundo</span> <span class='ocrx_word' id='word_1_402' title='bbox 1168 720 1205 749; x_wconf 78' lang='lat' dir='ltr'>de</span> <span class='ocrx_word' id='word_1_403' title='bbox 1218 720 1306 749; x_wconf 82' lang='lat' dir='ltr'>libris</span> <span class='ocrx_word' id='word_1_404' title='bbox 1320 720 1582 750; x_wconf 75' lang='lat' dir='ltr'>conscientiarum</span> <span class='ocrx_word' id='word_1_405' title='bbox 1596 720 1644 758; x_wconf 48' lang='lat' dir='ltr'>gb).</span> <span class='ocrx_word' id='word_1_406' title='bbox 1657 718 1743 749; x_wconf 85' lang='lat' dir='ltr'>Circa</span> <span class='ocrx_word' id='word_1_407' title='bbox 1757 718 1822 758; x_wconf 90' lang='lat' dir='ltr'>pri-</span> 
     </span>
     <span class='ocr_line' id='line_1_59' title="bbox 1053 771 1823 812; baseline -0.001 -10"><span class='ocrx_word' id='word_1_408' title='bbox 1053 782 1140 803; x_wconf 88' lang='lat' dir='ltr'>mum</span> <span class='ocrx_word' id='word_1_409' title='bbox 1162 774 1351 812; x_wconf 73' lang='lat' dir='ltr'>quaeruntur</span> <span class='ocrx_word' id='word_1_410' title='bbox 1372 773 1431 802; x_wconf 87' lang='lat' dir='ltr'>tria</span> <span class='ocrx_word' id='word_1_411' title='bbox 1458 783 1464 802; x_wconf 81' lang='lat' dir='ltr'>z</span> <span class='ocrx_word' id='word_1_412' title='bbox 1489 772 1591 811; x_wconf 90' lang='lat' dir='ltr'>primo</span> <span class='ocrx_word' id='word_1_413' title='bbox 1611 771 1768 811; x_wconf 84' lang='lat' dir='ltr'>quaeritur</span> <span class='ocrx_word' id='word_1_414' title='bbox 1785 771 1823 801; x_wconf 89' lang='lat' dir='ltr'>de</span> 
     </span>
     <span class='ocr_line' id='line_1_60' title="bbox 1052 823 1821 865; baseline -0.004 -9"><span class='ocrx_word' id='word_1_415' title='bbox 1052 827 1122 865; x_wconf 84' lang='lat' dir='ltr'>ejus</span> <span class='ocrx_word' id='word_1_416' title='bbox 1130 825 1320 865; x_wconf 74' lang='lat' dir='ltr'>quidditate3</span> <span class='ocrx_word' id='word_1_417' title='bbox 1336 825 1484 863; x_wconf 86' lang='lat' dir='ltr'>secundo,</span> <span class='ocrx_word' id='word_1_418' title='bbox 1495 825 1534 856; x_wconf 90' lang='lat' dir='ltr'>de</span> <span class='ocrx_word' id='word_1_419' title='bbox 1542 823 1821 864; x_wconf 86' lang='lat' dir='ltr'>scripturaipsius;</span> 
     </span>
     <span class='ocr_line' id='line_1_61' title="bbox 1054 878 1385 918; baseline 0 -10"><span class='ocrx_word' id='word_1_420' title='bbox 1054 879 1145 909; x_wconf 88' lang='lat' dir='ltr'>tertio</span> <span class='ocrx_word' id='word_1_421' title='bbox 1160 878 1197 908; x_wconf 86' lang='lat' dir='ltr'>de</span> <span class='ocrx_word' id='word_1_422' title='bbox 1213 879 1385 918; x_wconf 82' lang='lat' dir='ltr'>apertione.</span> 
     </span>
    </p>
   </div>
   <div class='ocr_carea' id='block_1_8' title="bbox 1327 984 1553 1022">
    <p class='ocr_par' dir='ltr' id='par_1_10' title="bbox 1327 984 1553 1022">
     <span class='ocr_line' id='line_1_62' title="bbox 1327 984 1553 1022; baseline -0.013 -6"><span class='ocrx_word' id='word_1_423' title='bbox 1327 984 1507 1022; x_wconf 75' lang='lat' dir='ltr'>QUAESTIO</span> <span class='ocrx_word' id='word_1_424' title='bbox 1530 984 1553 1014; x_wconf 89' lang='lat'>1.</span> 
     </span>
    </p>
   </div>
   <div class='ocr_carea' id='block_1_9' title="bbox 1188 1065 1690 1091">
    <p class='ocr_par' dir='ltr' id='par_1_11' title="bbox 1188 1065 1690 1091">
     <span class='ocr_line' id='line_1_63' title="bbox 1188 1065 1690 1091; baseline -0.002 0"><span class='ocrx_word' id='word_1_425' title='bbox 1188 1066 1229 1091; x_wconf 75' lang='lat' dir='ltr'>An</span> <span class='ocrx_word' id='word_1_426' title='bbox 1250 1065 1316 1091; x_wconf 75' lang='lat' dir='ltr'>liber</span> <span class='ocrx_word' id='word_1_427' title='bbox 1340 1065 1404 1091; x_wconf 54' lang='lat' dir='ltr'>*citae</span> <span class='ocrx_word' id='word_1_428' title='bbox 1424 1066 1460 1091; x_wconf 80' lang='lat' dir='ltr'>sit</span> <span class='ocrx_word' id='word_1_429' title='bbox 1483 1065 1532 1090; x_wconf 83' lang='lat' dir='ltr'>Dei</span> <span class='ocrx_word' id='word_1_430' title='bbox 1554 1065 1654 1090; x_wconf 76' lang='lat' dir='ltr'>notitia</span> <span class='ocrx_word' id='word_1_431' title='bbox 1667 1067 1690 1090; x_wconf 78' lang='lat'>³.</span> 
     </span>
    </p>
   </div>
   <div class='ocr_carea' id='block_1_10' title="bbox 1097 1141 1947 1183">
    <p class='ocr_par' dir='ltr' id='par_1_12' title="bbox 1097 1141 1947 1183">
     <span class='ocr_line' id='line_1_64' title="bbox 1097 1141 1947 1183; baseline -0.005 -9"><span class='ocrx_word' id='word_1_432' title='bbox 1097 1145 1184 1174; x_wconf 79' lang='lat' dir='ltr'>Circa</span> <span class='ocrx_word' id='word_1_433' title='bbox 1206 1153 1302 1183; x_wconf 84' lang='lat' dir='ltr'>qnam</span> <span class='ocrx_word' id='word_1_434' title='bbox 1322 1144 1364 1174; x_wconf 84' lang='lat' dir='ltr'>sic</span> <span class='ocrx_word' id='word_1_435' title='bbox 1387 1143 1581 1183; x_wconf 76' lang='lat' dir='ltr'>proceditur,</span> <span class='ocrx_word' id='word_1_436' title='bbox 1603 1145 1633 1173; x_wconf 89' lang='lat' dir='ltr'>et</span> <span class='ocrx_word' id='word_1_437' title='bbox 1651 1141 1828 1173; x_wconf 86' lang='lat' dir='ltr'>ostenditur</span> <span class='ocrx_word' id='word_1_438' title='bbox 1843 1147 1947 1168; x_wconf 66' lang='lat' dir='ltr'>fumun.</span> 
     </span>
    </p>
   </div>
   <div class='ocr_carea' id='block_1_11' title="bbox 1057 1194 1844 2587">
    <p class='ocr_par' dir='ltr' id='par_1_13' title="bbox 1057 1194 1830 1394">
     <span class='ocr_line' id='line_1_65' title="bbox 1057 1194 1826 1237; baseline -0.004 -10"><span class='ocrx_word' id='word_1_439' title='bbox 1057 1197 1142 1237; x_wconf 87' lang='lat' dir='ltr'>quod</span> <span class='ocrx_word' id='word_1_440' title='bbox 1157 1197 1235 1226; x_wconf 88' lang='lat' dir='ltr'>liber</span> <span class='ocrx_word' id='word_1_441' title='bbox 1251 1196 1302 1226; x_wconf 85' lang='lat' dir='ltr'>ille</span> <span class='ocrx_word' id='word_1_442' title='bbox 1317 1196 1355 1226; x_wconf 88' lang='lat' dir='ltr'>sit</span> <span class='ocrx_word' id='word_1_443' title='bbox 1368 1197 1432 1235; x_wconf 86' lang='lat' dir='ltr'>ipse</span> <span class='ocrx_word' id='word_1_444' title='bbox 1443 1196 1497 1226; x_wconf 88' lang='lat' dir='ltr'>Dei</span> <span class='ocrx_word' id='word_1_445' title='bbox 1509 1195 1619 1226; x_wconf 84' lang='lat' dir='ltr'>Filius.</span> <span class='ocrx_word' id='word_1_446' title='bbox 1633 1195 1734 1234; x_wconf 85' lang='lat' dir='ltr'>Super</span> <span class='ocrx_word' id='word_1_447' title='bbox 1748 1194 1826 1224; x_wconf 90' lang='lat' dir='ltr'>illud</span> 
     </span>
     <span class='ocr_line' id='line_1_66' title="bbox 1060 1246 1829 1286; baseline -0.005 -5"><span class='ocrx_word' id='word_1_448' title='bbox 1060 1251 1175 1281; x_wconf 78' lang='lat' dir='ltr'>Psalmi</span> <span class='ocrx_word' id='word_1_449' title='bbox 1190 1254 1199 1269; x_wconf 65' lang='lat'>⁸</span> <span class='ocrx_word' id='word_1_450' title='bbox 1217 1262 1223 1279; x_wconf 70' lang='grc' dir='ltr'>ε</span> <span class='ocrx_word' id='word_1_451' title='bbox 1240 1250 1410 1281; x_wconf 78' lang='lat' dir='ltr'>Deleantm·</span> <span class='ocrx_word' id='word_1_452' title='bbox 1424 1249 1462 1280; x_wconf 82' lang='lat' dir='ltr'>de</span> <span class='ocrx_word' id='word_1_453' title='bbox 1478 1248 1569 1286; x_wconf 82' lang='lat' dir='ltr'>libro,</span> <span class='ocrx_word' id='word_1_454' title='bbox 1589 1248 1697 1278; x_wconf 80' lang='lat' dir='ltr'>Glossa</span> <span class='ocrx_word' id='word_1_455' title='bbox 1711 1247 1743 1277; x_wconf 80' lang='lat'>⁵:</span> <span class='ocrx_word' id='word_1_456' title='bbox 1765 1258 1779 1275; x_wconf 74' lang='grc' dir='ltr'>α</span> <span class='ocrx_word' id='word_1_457' title='bbox 1797 1246 1829 1277; x_wconf 84' lang='lat' dir='ltr'>ld</span> 
     </span>
     <span class='ocr_line' id='line_1_67' title="bbox 1058 1301 1830 1342; baseline -0.005 -8"><span class='ocrx_word' id='word_1_458' title='bbox 1058 1306 1115 1341; x_wconf 84' lang='lat' dir='ltr'>est,</span> <span class='ocrx_word' id='word_1_459' title='bbox 1134 1304 1186 1334; x_wconf 89' lang='lat' dir='ltr'>Dei</span> <span class='ocrx_word' id='word_1_460' title='bbox 1209 1304 1333 1341; x_wconf 72' lang='lat' dir='ltr'>notitia,</span> <span class='ocrx_word' id='word_1_461' title='bbox 1346 1312 1417 1342; x_wconf 86' lang='lat' dir='ltr'>quae</span> <span class='ocrx_word' id='word_1_462' title='bbox 1434 1301 1669 1342; x_wconf 73' lang='lat' dir='ltr'>praedestinavit</span> <span class='ocrx_word' id='word_1_463' title='bbox 1692 1303 1723 1332; x_wconf 85' lang='lat' dir='ltr'>et</span> <span class='ocrx_word' id='word_1_464' title='bbox 1746 1309 1830 1340; x_wconf 82' lang='lat' dir='ltr'>prae-</span> 
     </span>
     <span class='ocr_line' id='line_1_68' title="bbox 1059 1354 1767 1394; baseline -0.006 -7"><span class='ocrx_word' id='word_1_465' title='bbox 1059 1358 1149 1387; x_wconf 86' lang='lat' dir='ltr'>scivit</span> <span class='ocrx_word' id='word_1_466' title='bbox 1163 1358 1340 1387; x_wconf 81' lang='lat' dir='ltr'>conformes</span> <span class='ocrx_word' id='word_1_467' title='bbox 1354 1355 1586 1394; x_wconf 72' lang='lat' dir='ltr'>fieri&#39;imaginis</span> <span class='ocrx_word' id='word_1_468' title='bbox 1601 1355 1659 1385; x_wconf 82' lang='lat' dir='ltr'>filii</span> <span class='ocrx_word' id='word_1_469' title='bbox 1675 1354 1736 1384; x_wconf 89' lang='lat' dir='ltr'>sui.</span> <span class='ocrx_word' id='word_1_470' title='bbox 1753 1365 1767 1382; x_wconf 72' lang='grc'>1)</span> 
     </span>
    </p>

    <p class='ocr_par' dir='ltr' id='par_1_14' title="bbox 1060 1406 1834 1555">
     <span class='ocr_line' id='line_1_69' title="bbox 1101 1406 1830 1448; baseline -0.004 -9"><span class='ocrx_word' id='word_1_471' title='bbox 1101 1409 1221 1440; x_wconf 76' lang='lat' dir='ltr'>ltem¹³1</span> <span class='ocrx_word' id='word_1_472' title='bbox 1246 1410 1337 1441; x_wconf 79' lang='lat' dir='ltr'>Alius</span> <span class='ocrx_word' id='word_1_473' title='bbox 1363 1409 1440 1440; x_wconf 78' lang='lat' dir='ltr'>liber</span> <span class='ocrx_word' id='word_1_474' title='bbox 1463 1411 1593 1448; x_wconf 77' lang='lat' dir='ltr'>apertus</span> <span class='ocrx_word' id='word_1_475' title='bbox 1613 1410 1675 1445; x_wconf 77' lang='lat' dir='ltr'>est,</span> <span class='ocrx_word' id='word_1_476' title='bbox 1698 1406 1830 1437; x_wconf 86' lang='lat' dir='ltr'>Glossa:</span> 
     </span>
     <span class='ocr_line' id='line_1_70' title="bbox 1066 1462 1834 1502; baseline -0.003 -10"><span class='ocrx_word' id='word_1_477' title='bbox 1066 1476 1079 1492; x_wconf 90' lang='lat'>«</span> <span class='ocrx_word' id='word_1_478' title='bbox 1096 1464 1188 1494; x_wconf 72' lang='lat' dir='ltr'>Liber</span> <span class='ocrx_word' id='word_1_479' title='bbox 1202 1463 1259 1493; x_wconf 85' lang='lat' dir='ltr'>iste</span> <span class='ocrx_word' id='word_1_480' title='bbox 1275 1465 1322 1493; x_wconf 84' lang='lat' dir='ltr'>est</span> <span class='ocrx_word' id='word_1_481' title='bbox 1336 1463 1580 1502; x_wconf 64' lang='lat' dir='ltr'>praedvstinatio,</span> <span class='ocrx_word' id='word_1_482' title='bbox 1597 1462 1628 1491; x_wconf 90' lang='lat' dir='ltr'>in</span> <span class='ocrx_word' id='word_1_483' title='bbox 1645 1470 1707 1500; x_wconf 85' lang='lat' dir='ltr'>qua</span> <span class='ocrx_word' id='word_1_484' title='bbox 1723 1469 1834 1491; x_wconf 85' lang='lat' dir='ltr'>omnes</span> 
     </span>
     <span class='ocr_line' id='line_1_71' title="bbox 1060 1517 1451 1555; baseline 0 -9"><span class='ocrx_word' id='word_1_485' title='bbox 1060 1517 1202 1547; x_wconf 83' lang='lat' dir='ltr'>salvandi</span> <span class='ocrx_word' id='word_1_486' title='bbox 1218 1517 1324 1555; x_wconf 88' lang='lat' dir='ltr'>scripti</span> <span class='ocrx_word' id='word_1_487' title='bbox 1337 1518 1421 1546; x_wconf 87' lang='lat' dir='ltr'>sunt.</span> <span class='ocrx_word' id='word_1_488' title='bbox 1438 1526 1451 1543; x_wconf 87' lang='lat'>»</span> 
     </span>
    </p>

    <p class='ocr_par' dir='ltr' id='par_1_15' title="bbox 1062 1567 1839 1926">
     <span class='ocr_line' id='line_1_72' title="bbox 1101 1567 1836 1605; baseline -0.003 -7"><span class='ocrx_word' id='word_1_489' title='bbox 1101 1569 1188 1605; x_wconf 82' lang='lat' dir='ltr'>Quod</span> <span class='ocrx_word' id='word_1_490' title='bbox 1219 1571 1325 1599; x_wconf 85' lang='lat' dir='ltr'>antem</span> <span class='ocrx_word' id='word_1_491' title='bbox 1353 1569 1432 1599; x_wconf 82' lang='lat' dir='ltr'>liber</span> <span class='ocrx_word' id='word_1_492' title='bbox 1460 1568 1534 1598; x_wconf 82' lang='lat' dir='ltr'>vitae</span> <span class='ocrx_word' id='word_1_493' title='bbox 1562 1568 1601 1597; x_wconf 76' lang='lat' dir='ltr'>sit</span> <span class='ocrx_word' id='word_1_494' title='bbox 1625 1567 1764 1598; x_wconf 87' lang='lat' dir='ltr'>Christus</span> <span class='ocrx_word' id='word_1_495' title='bbox 1789 1574 1836 1596; x_wconf 86' lang='lat' dir='ltr'>se-</span> 
     </span>
     <span class='ocr_line' id='line_1_73' title="bbox 1062 1618 1837 1659; baseline -0.003 -8"><span class='ocrx_word' id='word_1_496' title='bbox 1062 1622 1201 1652; x_wconf 76' lang='lat' dir='ltr'>cundum</span> <span class='ocrx_word' id='word_1_497' title='bbox 1224 1622 1477 1658; x_wconf 73' lang='lat' dir='ltr'>humanitatem,</span> <span class='ocrx_word' id='word_1_498' title='bbox 1500 1621 1636 1658; x_wconf 81' lang='lat' dir='ltr'>videtur,</span> <span class='ocrx_word' id='word_1_499' title='bbox 1657 1620 1733 1659; x_wconf 84' lang='lat' dir='ltr'>quia</span> <span class='ocrx_word' id='word_1_500' title='bbox 1757 1618 1837 1649; x_wconf 86' lang='lat' dir='ltr'>Gre-</span> 
     </span>
     <span class='ocr_line' id='line_1_74' title="bbox 1063 1672 1839 1712; baseline -0.001 -9"><span class='ocrx_word' id='word_1_501' title='bbox 1063 1675 1174 1712; x_wconf 86' lang='lat' dir='ltr'>gorius</span> <span class='ocrx_word' id='word_1_502' title='bbox 1189 1675 1222 1704; x_wconf 85' lang='grc'>111</span> <span class='ocrx_word' id='word_1_503' title='bbox 1242 1673 1416 1705; x_wconf 73' lang='grc' dir='ltr'>Μοναῑίὸηε</span> <span class='ocrx_word' id='word_1_504' title='bbox 1440 1673 1513 1703; x_wconf 89' lang='lat' dir='ltr'>dicit</span> <span class='ocrx_word' id='word_1_505' title='bbox 1533 1682 1540 1702; x_wconf 94' lang='lat'>:</span> <span class='ocrx_word' id='word_1_506' title='bbox 1561 1672 1682 1702; x_wconf 84' lang='lat' dir='ltr'>«Liber</span> <span class='ocrx_word' id='word_1_507' title='bbox 1695 1672 1769 1702; x_wconf 87' lang='lat' dir='ltr'>vitae</span> <span class='ocrx_word' id='word_1_508' title='bbox 1792 1673 1839 1702; x_wconf 88' lang='lat' dir='ltr'>est</span> 
     </span>
     <span class='ocr_line' id='line_1_75' title="bbox 1063 1725 1837 1765; baseline -0.003 -8"><span class='ocrx_word' id='word_1_509' title='bbox 1063 1728 1142 1757; x_wconf 85' lang='lat' dir='ltr'>visio</span> <span class='ocrx_word' id='word_1_510' title='bbox 1157 1727 1274 1757; x_wconf 77' lang='lat' dir='ltr'>Judicis</span> <span class='ocrx_word' id='word_1_511' title='bbox 1289 1727 1495 1763; x_wconf 82' lang='lat' dir='ltr'>advenientis,</span> <span class='ocrx_word' id='word_1_512' title='bbox 1510 1726 1586 1765; x_wconf 88' lang='lat' dir='ltr'>quia</span> <span class='ocrx_word' id='word_1_513' title='bbox 1598 1725 1744 1765; x_wconf 89' lang='lat' dir='ltr'>quisquis</span> <span class='ocrx_word' id='word_1_514' title='bbox 1762 1733 1837 1755; x_wconf 89' lang='lat' dir='ltr'>eum</span> 
     </span>
     <span class='ocr_line' id='line_1_76' title="bbox 1064 1777 1837 1818; baseline -0.003 -8"><span class='ocrx_word' id='word_1_515' title='bbox 1064 1781 1164 1817; x_wconf 80' lang='lat' dir='ltr'>videt,</span> <span class='ocrx_word' id='word_1_516' title='bbox 1183 1789 1257 1810; x_wconf 77' lang='lat' dir='ltr'>mox</span> <span class='ocrx_word' id='word_1_517' title='bbox 1280 1782 1357 1809; x_wconf 84' lang='lat' dir='ltr'>teste</span> <span class='ocrx_word' id='word_1_518' title='bbox 1377 1779 1577 1816; x_wconf 85' lang='lat' dir='ltr'>conscientia,</span> <span class='ocrx_word' id='word_1_519' title='bbox 1593 1778 1747 1818; x_wconf 89' lang='lat' dir='ltr'>quidquid</span> <span class='ocrx_word' id='word_1_520' title='bbox 1763 1777 1837 1808; x_wconf 90' lang='lat' dir='ltr'>boni</span> 
     </span>
     <span class='ocr_line' id='line_1_77' title="bbox 1066 1831 1839 1871; baseline -0.004 -7"><span class='ocrx_word' id='word_1_521' title='bbox 1066 1834 1113 1864; x_wconf 89' lang='lat' dir='ltr'>vel</span> <span class='ocrx_word' id='word_1_522' title='bbox 1142 1834 1215 1864; x_wconf 85' lang='lat' dir='ltr'>mali</span> <span class='ocrx_word' id='word_1_523' title='bbox 1245 1834 1366 1871; x_wconf 85' lang='lat' dir='ltr'>fecerit,</span> <span class='ocrx_word' id='word_1_524' title='bbox 1392 1833 1549 1871; x_wconf 84' lang='lat' dir='ltr'>intelligit.</span> <span class='ocrx_word' id='word_1_525' title='bbox 1572 1843 1586 1859; x_wconf 77' lang='grc' dir='ltr'>ι)</span> <span class='ocrx_word' id='word_1_526' title='bbox 1611 1832 1670 1862; x_wconf 91' lang='lat' dir='ltr'>Sed</span> <span class='ocrx_word' id='word_1_527' title='bbox 1699 1831 1839 1862; x_wconf 82' lang='lat' dir='ltr'>Christus</span> 
     </span>
     <span class='ocr_line' id='line_1_78' title="bbox 1064 1885 1677 1926; baseline -0.003 -10"><span class='ocrx_word' id='word_1_528' title='bbox 1064 1887 1265 1926; x_wconf 81' lang='lat' dir='ltr'>judicaturus</span> <span class='ocrx_word' id='word_1_529' title='bbox 1277 1889 1323 1916; x_wconf 90' lang='lat' dir='ltr'>est</span> <span class='ocrx_word' id='word_1_530' title='bbox 1343 1886 1375 1916; x_wconf 90' lang='lat' dir='ltr'>in</span> <span class='ocrx_word' id='word_1_531' title='bbox 1390 1886 1492 1916; x_wconf 84' lang='lat' dir='ltr'>forma</span> <span class='ocrx_word' id='word_1_532' title='bbox 1508 1885 1602 1922; x_wconf 86' lang='lat' dir='ltr'>servi,</span> <span class='ocrx_word' id='word_1_533' title='bbox 1618 1887 1677 1915; x_wconf 84' lang='lat' dir='ltr'>etc.</span> 
     </span>
    </p>

    <p class='ocr_par' dir='ltr' id='par_1_16' title="bbox 1067 1937 1843 2134">
     <span class='ocr_line' id='line_1_79' title="bbox 1108 1937 1838 1978; baseline -0.003 -9"><span class='ocrx_word' id='word_1_534' title='bbox 1108 1939 1184 1969; x_wconf 85' lang='lat' dir='ltr'>Item</span> <span class='ocrx_word' id='word_1_535' title='bbox 1201 1939 1308 1969; x_wconf 81' lang='lat' dir='ltr'>Glossa</span> <span class='ocrx_word' id='word_1_536' title='bbox 1324 1939 1439 1969; x_wconf 88' lang='lat' dir='ltr'>ibidem</span> <span class='ocrx_word' id='word_1_537' title='bbox 1450 1939 1534 1976; x_wconf 82' lang='lat' dir='ltr'>dicit,</span> <span class='ocrx_word' id='word_1_538' title='bbox 1546 1938 1630 1978; x_wconf 85' lang='lat' dir='ltr'>quod</span> <span class='ocrx_word' id='word_1_539' title='bbox 1646 1937 1750 1968; x_wconf 86' lang='lat' dir='ltr'>«liber</span> <span class='ocrx_word' id='word_1_540' title='bbox 1763 1937 1838 1968; x_wconf 85' lang='lat' dir='ltr'>vitae</span> 
     </span>
     <span class='ocr_line' id='line_1_80' title="bbox 1067 1990 1843 2031; baseline -0.003 -9"><span class='ocrx_word' id='word_1_541' title='bbox 1067 1994 1113 2022; x_wconf 83' lang='lat' dir='ltr'>est</span> <span class='ocrx_word' id='word_1_542' title='bbox 1127 1992 1279 2029; x_wconf 88' lang='lat' dir='ltr'>Christus,</span> <span class='ocrx_word' id='word_1_543' title='bbox 1297 1992 1352 2031; x_wconf 90' lang='lat' dir='ltr'>qui</span> <span class='ocrx_word' id='word_1_544' title='bbox 1369 1994 1444 2022; x_wconf 87' lang='lat' dir='ltr'>tunc</span> <span class='ocrx_word' id='word_1_545' title='bbox 1458 1994 1568 2030; x_wconf 87' lang='lat' dir='ltr'>potens</span> <span class='ocrx_word' id='word_1_546' title='bbox 1583 1990 1736 2021; x_wconf 89' lang='lat' dir='ltr'>omnibus</span> <span class='ocrx_word' id='word_1_547' title='bbox 1750 1998 1843 2030; x_wconf 89' lang='lat' dir='ltr'>appa-</span> 
     </span>
     <span class='ocr_line' id='line_1_81' title="bbox 1068 2042 1842 2083; baseline -0.003 -9"><span class='ocrx_word' id='word_1_548' title='bbox 1068 2045 1148 2074; x_wconf 85' lang='lat' dir='ltr'>rebit</span> <span class='ocrx_word' id='word_1_549' title='bbox 1165 2056 1170 2074; x_wconf 91' lang='lat'>:</span> <span class='ocrx_word' id='word_1_550' title='bbox 1189 2056 1203 2072; x_wconf 83' lang='grc'>»</span> <span class='ocrx_word' id='word_1_551' title='bbox 1223 2044 1276 2074; x_wconf 87' lang='lat' dir='ltr'>sed</span> <span class='ocrx_word' id='word_1_552' title='bbox 1293 2053 1357 2074; x_wconf 88' lang='lat' dir='ltr'>non</span> <span class='ocrx_word' id='word_1_553' title='bbox 1372 2044 1536 2083; x_wconf 81' lang='lat' dir='ltr'>apparebit</span> <span class='ocrx_word' id='word_1_554' title='bbox 1546 2043 1697 2074; x_wconf 88' lang='lat' dir='ltr'>omnibus</span> <span class='ocrx_word' id='word_1_555' title='bbox 1713 2042 1774 2073; x_wconf 90' lang='lat' dir='ltr'>nisi</span> <span class='ocrx_word' id='word_1_556' title='bbox 1788 2051 1842 2073; x_wconf 88' lang='lat' dir='ltr'>se-</span> 
     </span>
     <span class='ocr_line' id='line_1_82' title="bbox 1068 2097 1656 2134; baseline -0.002 -7"><span class='ocrx_word' id='word_1_557' title='bbox 1068 2097 1206 2127; x_wconf 89' lang='lat' dir='ltr'>cundum</span> <span class='ocrx_word' id='word_1_558' title='bbox 1222 2097 1474 2127; x_wconf 83' lang='lat' dir='ltr'>humanitatem:</span> <span class='ocrx_word' id='word_1_559' title='bbox 1493 2105 1585 2134; x_wconf 82' lang='lat' dir='ltr'>ergo,</span> <span class='ocrx_word' id='word_1_560' title='bbox 1598 2098 1656 2126; x_wconf 87' lang='lat' dir='ltr'>etc.</span> 
     </span>
    </p>

    <p class='ocr_par' dir='ltr' id='par_1_17' title="bbox 1069 2148 1844 2400">
     <span class='ocr_line' id='line_1_83' title="bbox 1109 2148 1843 2189; baseline -0.004 -9"><span class='ocrx_word' id='word_1_561' title='bbox 1109 2150 1168 2180; x_wconf 84' lang='lat' dir='ltr'>Sed</span> <span class='ocrx_word' id='word_1_562' title='bbox 1180 2149 1262 2189; x_wconf 88' lang='lat' dir='ltr'>quod</span> <span class='ocrx_word' id='word_1_563' title='bbox 1274 2150 1314 2179; x_wconf 80' lang='lat' dir='ltr'>sit</span> <span class='ocrx_word' id='word_1_564' title='bbox 1323 2150 1371 2179; x_wconf 91' lang='lat' dir='ltr'>vis</span> <span class='ocrx_word' id='word_1_565' title='bbox 1381 2148 1539 2188; x_wconf 69' lang='lat' dir='ltr'>quaedam,</span> <span class='ocrx_word' id='word_1_566' title='bbox 1552 2157 1610 2178; x_wconf 89' lang='lat' dir='ltr'>nec</span> <span class='ocrx_word' id='word_1_567' title='bbox 1619 2148 1843 2184; x_wconf 83' lang='lat' dir='ltr'>divinitas,nec</span> 
     </span>
     <span class='ocr_line' id='line_1_84' title="bbox 1070 2200 1844 2240; baseline -0.003 -7"><span class='ocrx_word' id='word_1_568' title='bbox 1070 2204 1263 2240; x_wconf 82' lang='lat' dir='ltr'>humanitas,</span> <span class='ocrx_word' id='word_1_569' title='bbox 1273 2203 1398 2232; x_wconf 86' lang='lat' dir='ltr'>videtur</span> <span class='ocrx_word' id='word_1_570' title='bbox 1405 2202 1508 2232; x_wconf 86' lang='lat' dir='ltr'>dicere</span> <span class='ocrx_word' id='word_1_571' title='bbox 1521 2201 1737 2239; x_wconf 76' lang='lat' dir='ltr'>Augustinus⁷</span> <span class='ocrx_word' id='word_1_572' title='bbox 1750 2212 1757 2232; x_wconf 87' lang='lat'>:</span> <span class='ocrx_word' id='word_1_573' title='bbox 1770 2200 1844 2231; x_wconf 82' lang='lat' dir='ltr'>«vis</span> 
     </span>
     <span class='ocr_line' id='line_1_85' title="bbox 1069 2253 1841 2296; baseline -0.004 -9"><span class='ocrx_word' id='word_1_574' title='bbox 1069 2257 1216 2296; x_wconf 83' lang='lat' dir='ltr'>quaedam</span> <span class='ocrx_word' id='word_1_575' title='bbox 1244 2256 1353 2286; x_wconf 82' lang='lat' dir='ltr'>divina</span> <span class='ocrx_word' id='word_1_576' title='bbox 1377 2255 1506 2285; x_wconf 88' lang='lat' dir='ltr'>nomine</span> <span class='ocrx_word' id='word_1_577' title='bbox 1528 2254 1599 2284; x_wconf 88' lang='lat' dir='ltr'>libri</span> <span class='ocrx_word' id='word_1_578' title='bbox 1618 2253 1841 2293; x_wconf 78' lang='lat' dir='ltr'>intelligenda,</span> 
     </span>
     <span class='ocr_line' id='line_1_86' title="bbox 1070 2306 1842 2348; baseline -0.003 -10"><span class='ocrx_word' id='word_1_579' title='bbox 1070 2318 1133 2348; x_wconf 90' lang='lat' dir='ltr'>qua</span> <span class='ocrx_word' id='word_1_580' title='bbox 1142 2309 1196 2338; x_wconf 75' lang='lat' dir='ltr'>liet</span> <span class='ocrx_word' id='word_1_581' title='bbox 1204 2311 1239 2338; x_wconf 88' lang='lat' dir='ltr'>ut</span> <span class='ocrx_word' id='word_1_582' title='bbox 1249 2308 1438 2346; x_wconf 89' lang='lat' dir='ltr'>cuicumque</span> <span class='ocrx_word' id='word_1_583' title='bbox 1448 2307 1531 2337; x_wconf 86' lang='lat' dir='ltr'>bona</span> <span class='ocrx_word' id='word_1_584' title='bbox 1539 2309 1569 2337; x_wconf 90' lang='lat' dir='ltr'>et</span> <span class='ocrx_word' id='word_1_585' title='bbox 1583 2306 1664 2337; x_wconf 87' lang='lat' dir='ltr'>mala</span> <span class='ocrx_word' id='word_1_586' title='bbox 1672 2306 1711 2337; x_wconf 88' lang='lat' dir='ltr'>ad</span> <span class='ocrx_word' id='word_1_587' title='bbox 1720 2315 1842 2337; x_wconf 90' lang='lat' dir='ltr'>memo-</span> 
     </span>
     <span class='ocr_line' id='line_1_87' title="bbox 1071 2359 1838 2400; baseline -0.003 -9"><span class='ocrx_word' id='word_1_588' title='bbox 1071 2361 1151 2391; x_wconf 90' lang='lat' dir='ltr'>riam</span> <span class='ocrx_word' id='word_1_589' title='bbox 1166 2363 1369 2398; x_wconf 87' lang='lat' dir='ltr'>revocentnr,</span> <span class='ocrx_word' id='word_1_590' title='bbox 1381 2369 1453 2399; x_wconf 86' lang='lat' dir='ltr'>quae</span> <span class='ocrx_word' id='word_1_591' title='bbox 1469 2360 1543 2389; x_wconf 88' lang='lat' dir='ltr'>libri</span> <span class='ocrx_word' id='word_1_592' title='bbox 1559 2368 1676 2390; x_wconf 81' lang='lat' dir='ltr'>nomen</span> <span class='ocrx_word' id='word_1_593' title='bbox 1690 2359 1811 2400; x_wconf 88' lang='lat' dir='ltr'>accipit.</span> <span class='ocrx_word' id='word_1_594' title='bbox 1824 2371 1838 2388; x_wconf 73' lang='lat' dir='ltr'>n</span> 
     </span>
    </p>

    <p class='ocr_par' dir='ltr' id='par_1_18' title="bbox 1072 2412 1844 2587">
     <span class='ocr_line' id='line_1_88' title="bbox 1113 2412 1844 2451; baseline -0.001 -7"><span class='ocrx_word' id='word_1_595' title='bbox 1113 2414 1189 2444; x_wconf 86' lang='lat' dir='ltr'>ltem</span> <span class='ocrx_word' id='word_1_596' title='bbox 1200 2414 1271 2443; x_wconf 88' lang='lat' dir='ltr'>libri</span> <span class='ocrx_word' id='word_1_597' title='bbox 1287 2413 1420 2443; x_wconf 86' lang='lat' dir='ltr'>intentio</span> <span class='ocrx_word' id='word_1_598' title='bbox 1434 2413 1474 2443; x_wconf 83' lang='lat' dir='ltr'>ad</span> <span class='ocrx_word' id='word_1_599' title='bbox 1486 2412 1660 2451; x_wconf 85' lang='lat' dir='ltr'>legendum</span> <span class='ocrx_word' id='word_1_600' title='bbox 1675 2414 1722 2443; x_wconf 87' lang='lat' dir='ltr'>est</span> <span class='ocrx_word' id='word_1_601' title='bbox 1740 2423 1747 2442; x_wconf 91' lang='lat'>:</span> <span class='ocrx_word' id='word_1_602' title='bbox 1764 2421 1844 2451; x_wconf 85' lang='lat' dir='ltr'>ergo</span> 
     </span>
     <span class='ocr_line' id='line_1_89' title="bbox 1072 2486 1843 2516; baseline -0.003 -6"><span class='ocrx_word' id='word_1_603' title='bbox 1072 2489 1119 2510; x_wconf 83' lang='lat' dir='ltr'>art.</span> <span class='ocrx_word' id='word_1_604' title='bbox 1135 2490 1164 2516; x_wconf 63' lang='grc' dir='ltr'>ες</span> <span class='ocrx_word' id='word_1_605' title='bbox 1181 2486 1268 2516; x_wconf 64' lang='lat' dir='ltr'>steph.</span> <span class='ocrx_word' id='word_1_606' title='bbox 1293 2486 1395 2515; x_wconf 77' lang='lat' dir='ltr'>Bruler.,</span> <span class='ocrx_word' id='word_1_607' title='bbox 1417 2486 1447 2509; x_wconf 79' lang='lat' dir='ltr'>tv</span> <span class='ocrx_word' id='word_1_608' title='bbox 1470 2486 1547 2515; x_wconf 66' lang='lat' dir='ltr'>Seni„</span> <span class='ocrx_word' id='word_1_609' title='bbox 1567 2486 1624 2509; x_wconf 68' lang='lat' dir='ltr'>dist.</span> <span class='ocrx_word' id='word_1_610' title='bbox 1647 2491 1728 2515; x_wconf 67' lang='lat' dir='ltr'>nui,</span> <span class='ocrx_word' id='word_1_611' title='bbox 1746 2492 1770 2516; x_wconf 91' lang='lat' dir='ltr'>q.</span> <span class='ocrx_word' id='word_1_612' title='bbox 1791 2491 1843 2516; x_wconf 83' lang='lat' dir='ltr'>vu;</span> 
     </span>
     <span class='ocr_line' id='line_1_90' title="bbox 1074 2521 1843 2551; baseline -0.003 -5"><span class='ocrx_word' id='word_1_613' title='bbox 1074 2523 1140 2546; x_wconf 82' lang='lat' dir='ltr'>Petr.</span> <span class='ocrx_word' id='word_1_614' title='bbox 1165 2523 1195 2545; x_wconf 61' lang='lat' dir='ltr'>tte</span> <span class='ocrx_word' id='word_1_615' title='bbox 1219 2523 1331 2551; x_wconf 57' lang='lat' dir='ltr'>hiant,</span> <span class='ocrx_word' id='word_1_616' title='bbox 1357 2522 1385 2544; x_wconf 78' lang='lat' dir='ltr'>tv</span> <span class='ocrx_word' id='word_1_617' title='bbox 1411 2521 1491 2549; x_wconf 80' lang='lat' dir='ltr'>Seut.,</span> <span class='ocrx_word' id='word_1_618' title='bbox 1514 2521 1570 2544; x_wconf 80' lang='lat' dir='ltr'>dist..</span> <span class='ocrx_word' id='word_1_619' title='bbox 1592 2527 1672 2550; x_wconf 59' lang='lat' dir='ltr'>xciii,</span> <span class='ocrx_word' id='word_1_620' title='bbox 1688 2527 1713 2550; x_wconf 86' lang='lat' dir='ltr'>q.</span> <span class='ocrx_word' id='word_1_621' title='bbox 1736 2526 1794 2544; x_wconf 78' lang='lat' dir='ltr'>xiii.</span> <span class='ocrx_word' id='word_1_622' title='bbox 1811 2532 1843 2537; x_wconf 93' lang='lat'><strong>—</strong></span> 
     </span>
     <span class='ocr_line' id='line_1_91' title="bbox 1077 2555 1843 2587; baseline -0.001 -7"><span class='ocrx_word' id='word_1_623' title='bbox 1077 2558 1084 2570; x_wconf 68' lang='lat'>³</span> <span class='ocrx_word' id='word_1_624' title='bbox 1097 2557 1164 2580; x_wconf 77' lang='lat' dir='ltr'>Psul.</span> <span class='ocrx_word' id='word_1_625' title='bbox 1186 2562 1265 2587; x_wconf 76' lang='lat' dir='ltr'>Lvni,</span> <span class='ocrx_word' id='word_1_626' title='bbox 1286 2558 1324 2580; x_wconf 71' lang='lat'>29.</span> <span class='ocrx_word' id='word_1_627' title='bbox 1340 2569 1370 2574; x_wconf 89' lang='lat'>—-</span> <span class='ocrx_word' id='word_1_628' title='bbox 1387 2557 1397 2572; x_wconf 73' lang='lat'>⁵</span> <span class='ocrx_word' id='word_1_629' title='bbox 1410 2557 1491 2580; x_wconf 82' lang='lat' dir='ltr'>Gloss.</span> <span class='ocrx_word' id='word_1_630' title='bbox 1512 2557 1556 2579; x_wconf 82' lang='lat' dir='ltr'>ord</span> <span class='ocrx_word' id='word_1_631' title='bbox 1569 2575 1577 2586; x_wconf 94' lang='lat'><em>‚</em></span> <span class='ocrx_word' id='word_1_632' title='bbox 1593 2563 1623 2580; x_wconf 84' lang='lat' dir='ltr'>ex</span> <span class='ocrx_word' id='word_1_633' title='bbox 1641 2555 1800 2580; x_wconf 75' lang='lat' dir='ltr'>cassiodoro.</span> <span class='ocrx_word' id='word_1_634' title='bbox 1813 2567 1843 2573; x_wconf 95' lang='lat'>—</span> 
     </span>
    </p>
   </div>
   <div class='ocr_carea' id='block_1_12' title="bbox 1073 2590 1842 2664">
    <p class='ocr_par' dir='ltr' id='par_1_19' title="bbox 1073 2590 1842 2664">
     <span class='ocr_line' id='line_1_92' title="bbox 1073 2590 1842 2623; baseline -0.004 -7"><span class='ocrx_word' id='word_1_635' title='bbox 1073 2593 1082 2606; x_wconf 78' lang='lat'><strong>⁰</strong></span> <span class='ocrx_word' id='word_1_636' title='bbox 1092 2593 1177 2623; x_wconf 57' lang='lat' dir='ltr'>Apoc„</span> <span class='ocrx_word' id='word_1_637' title='bbox 1187 2599 1230 2621; x_wconf 81' lang='lat' dir='ltr'>xx,</span> <span class='ocrx_word' id='word_1_638' title='bbox 1243 2594 1279 2615; x_wconf 76' lang='grc'>12.</span> <span class='ocrx_word' id='word_1_639' title='bbox 1290 2593 1337 2609; x_wconf 83' lang='grc'>-7</span> <span class='ocrx_word' id='word_1_640' title='bbox 1352 2593 1424 2622; x_wconf 58' lang='lat' dir='ltr'>Aug„</span> <span class='ocrx_word' id='word_1_641' title='bbox 1434 2591 1463 2614; x_wconf 81' lang='lat' dir='ltr'>de</span> <span class='ocrx_word' id='word_1_642' title='bbox 1474 2591 1550 2615; x_wconf 77' lang='lat' dir='ltr'>Civit.</span> <span class='ocrx_word' id='word_1_643' title='bbox 1564 2592 1620 2622; x_wconf 81' lang='lat' dir='ltr'>Dei,</span> <span class='ocrx_word' id='word_1_644' title='bbox 1633 2591 1676 2616; x_wconf 91' lang='lat' dir='ltr'>lib.</span> <span class='ocrx_word' id='word_1_645' title='bbox 1688 2590 1742 2621; x_wconf 76' lang='lat' dir='ltr'>XX,</span> <span class='ocrx_word' id='word_1_646' title='bbox 1753 2597 1774 2614; x_wconf 90' lang='lat' dir='ltr'>c.</span> <span class='ocrx_word' id='word_1_647' title='bbox 1788 2595 1842 2614; x_wconf 84' lang='lat' dir='ltr'>xiv.</span> 
     </span>
     <span class='ocr_line' id='line_1_93' title="bbox 1105 2633 1626 2664; baseline 0.002 -8"><span class='ocrx_word' id='word_1_648' title='bbox 1105 2635 1137 2664; x_wconf 78' lang='lat' dir='ltr'>(a)</span> <span class='ocrx_word' id='word_1_649' title='bbox 1154 2633 1195 2656; x_wconf 74' lang='grc' dir='ltr'>ΑΙ.</span> <span class='ocrx_word' id='word_1_650' title='bbox 1210 2635 1234 2657; x_wconf 68' lang='lat' dir='ltr'>et</span> <span class='ocrx_word' id='word_1_651' title='bbox 1249 2634 1347 2664; x_wconf 75' lang='lat' dir='ltr'>organi.</span> <span class='ocrx_word' id='word_1_652' title='bbox 1363 2647 1392 2650; x_wconf 87' lang='lat'>—</span> <span class='ocrx_word' id='word_1_653' title='bbox 1408 2633 1441 2663; x_wconf 80' lang='lat' dir='ltr'>(b)</span> <span class='ocrx_word' id='word_1_654' title='bbox 1455 2633 1626 2658; x_wconf 76' lang='lat' dir='ltr'>conscientiae.</span> 
     </span>
    </p>
   </div>
  </div>
 </body>
</html>
