1991 3006
599 232 694 263 DIST.
718 231 820 262 XLVI.
846 231 933 262 ART.
958 232 994 262 Π.
1020 231 1169 269 QUAEST.
1197 232 1232 263 II.

165 302 192 330 1.
216 300 263 330 Ad
288 299 363 330 illud
385 309 477 339 ergo,
501 300 584 339 quod
606 299 708 339 primo
729 298 888 337 objicitur,

123 353 206 392 quod
223 353 255 382 in
270 352 332 383 Deo
352 362 414 383 non
438 353 517 383 cadit
537 352 710 392 compassio
725 361 783 382 nec
807 351 891 381 debi-

123 408 203 443 tum,
219 405 386 436 dicendum
398 429 405 442 ,
422 405 507 445 quod
528 404 741 435 misericordia
761 406 791 434 et
810 404 891 434 veri-

122 460 183 495 tas,
205 458 271 488 sive
295 458 434 498 justitia,
453 458 525 497 quia
549 458 664 487 veritas
689 466 746 496 pro
770 457 891 497 iustitia

120 511 289 550 accipitur,
317 512 380 542 duo
403 512 510 541 dicunt
533 511 567 540 in
587 513 749 547 creatura⁷
776 510 891 541 scilicet

121 565 274 594 effluxum
285 565 432 595 bonitatis
444 565 477 594 in
489 565 623 595 alterum
639 565 814 595 secundum
826 574 891 595 me-

121 615 192 652 rita,
209 615 259 645 vel
273 625 380 655 supra,
397 618 426 645 et
441 616 473 645 in
489 624 525 645 eo
541 616 594 654 qui
610 615 726 653 effluit,
743 624 888 654 compas-

121 667 258 705 sionem,
284 668 334 698 vel
357 668 508 698 debitum.
537 667 574 698 Et
598 668 738 707 primum
761 668 889 707 quidem

120 720 291 750 nobilitatis
313 724 377 758 est,
395 720 528 751 alterum
551 729 627 751 vero
646 720 890 759 imperfectionis

120 775 166 803 est
183 785 188 803 :
211 775 241 804 et
255 774 331 813 quia
346 783 438 804 omne
456 774 540 814 quod
559 774 730 804 nobilitatis
749 776 808 808 cst,
828 773 889 804 Deo

119 827 357 857 attribuendum
372 830 435 865 est;
453 828 536 867 quod
553 836 628 858 vero
644 827 889 866 imperfectionis

119 881 176 917 est,
194 888 258 909 non
274 882 319 909 est
338 880 366 909 ei
384 880 637 916 attribuendum3
656 879 724 909 ideo
739 880 771 909 in
788 888 824 909 eo
843 881 889 909 est

119 932 334 963 misericordia
343 935 373 962 et
384 932 507 971 justitia
518 935 675 971 quantum
685 932 724 962 ad
736 932 886 971 primum,

120 985 198 1015 sicut
214 986 348 1025 probant
361 986 498 1016 rationes
513 986 637 1025 primae,
655 995 718 1015 non
731 987 888 1025 quantum

118 1038 157 1068 ad
182 1038 372 1074 secundum,
399 1038 480 1068 sicut
500 1038 632 1077 probant
657 1038 728 1068 ‹luae
751 1039 888 1069 rationes

118 1093 294 1130 sequentes.

158 1146 187 1173 Ξ.
204 1143 251 1174 Ad
268 1143 346 1174 illud
361 1143 444 1183 quod
461 1143 620 1183 olJJicitur,
636 1143 721 1182 quod
732 1145 807 1173 tunc
822 1153 889 1174 om-

118 1197 169 1226 nia
185 1206 281 1236 opera
295 1196 346 1226 Dei
360 1196 509 1227 deberent
521 1197 580 1226 dici
592 1197 689 1235 justa,
703 1196 883 1233 dicendum7

117 1250 201 1290 quod
228 1252 275 1280 est
305 1250 442 1280 conditio
469 1250 627 1289 operantis
661 1258 733 1288 quae
762 1250 887 1289 respicit

117 1304 222 1343 ipsum
243 1303 416 1333 secundum
438 1304 603 1339 naturam,
628 1304 656 1332 ct
680 1305 724 1332 est
745 1299 886 1333 conditio

117 1356 276 1396 operantis
307 1364 378 1395 quae
410 1355 538 1394 respicit
574 1355 678 1394 ipsum
712 1355 886 1386 secundum

117 1413 221 1441 actum
242 1419 250 1439 ι
268 1410 387 1440 bonum
412 1409 496 1439 enim
517 1409 643 1448 respicit
663 1411 828 1445 naturam²
851 1412 886 1439 ut

118 1463 193 1493 dicit
208 1463 333 1493 Boetius
346 1463 377 1492 in
393 1462 473 1492 libro
488 1462 525 1493 de
540 1461 794 1493 Hebdomadibus
806 1473 817 1500 ‚·
833 1462 886 1493 sed

118 1519 237 1557 {ustum
253 1517 327 1547 dicit
342 1518 457 1546 actum.
480 1515 620 1545 Conditio
635 1524 713 1553 ergo
729 1515 795 1552 illa,
813 1524 885 1554 quae

117 1571 243 1610 respicit
267 1572 414 1600 naturam
432 1568 607 1608 operantis,
632 1568 886 1598 commumcatur

116 1624 160 1655 rei
174 1624 336 1664 productae
348 1648 355 1661 ‚
373 1625 408 1653 ut
423 1622 475 1653 Dei
492 1624 605 1652 natura
619 1622 713 1658 hona⁷
729 1622 759 1651 et
772 1623 886 1651 natura

116 1677 236 1717 operati
253 1677 346 1707 bona.
369 1676 428 1706 Sed
447 1675 582 1705 conditio
602 1684 673 1714 quae
693 1674 817 1713 respicit
832 1684 886 1705 ac-

117 1733 202 1767 tum,
219 1729 471 1760 communicatur
490 1738 553 1758 non
573 1728 605 1757 in
620 1730 734 1758 natura
749 1728 793 1758 rei
809 1737 886 1767 pro-

116 1783 229 1820 ductae7
242 1783 295 1813 sed
306 1783 365 1822 ipsi
375 1781 569 1821 productioni
582 1781 590 1797 ¹
607 1791 612 1810 :
628 1780 709 1810 unde
720 1789 793 1810 cum
804 1780 885 1811 Deus

115 1838 155 1868 sit
166 1839 290 1877 justus,
309 1845 374 1866 non
389 1836 510 1874 oportet
523 1833 605 1873 quod
623 1832 726 1863 omnis
741 1835 885 1864 creatura

115 1892 165 1922 vel
181 1892 297 1921 factum
312 1891 465 1920 creaturae
482 1889 520 1928 (a)
537 1888 575 1917 sit
587 1889 721 1926 Justum,
735 1887 788 1917 sed
801 1887 885 1926 quod

115 1945 181 1984 ipsa
213 1945 293 1973 facta
319 1942 371 1973 Dei
401 1942 436 1980 (ὸ)
464 1941 526 1971 sint
550 1941 660 1979 justa:
682 1939 774 1969 etsie
802 1941 886 1979 patet

117 1997 206 2027 illud.

157 2054 185 2082 3.
203 2051 239 2081 Et
254 2060 293 2081 ex
310 2050 369 2080 hoc
385 2051 469 2089 patet
489 2048 572 2088 quod
593 2046 756 2077 consuevit
770 2046 882 2085 qureri,

116 2113 213 2145 quare
227 2103 452 2140 misericordia,
469 2101 519 2132 vel
534 2101 661 2137 veritam,
681 2099 788 2137 magis
803 2099 884 2128 dica-

116 2161 168 2189 tur
186 2157 322 2188 conditio
338 2156 441 2196 operis
459 2154 578 2192 divini,
598 2162 695 2193 quam
713 2152 837 2182 bonitas
853 2153 884 2181 et

115 2211 263 2252 potentia.
284 2210 357 2241 Dico
371 2209 455 2239 enim
478 2207 563 2247 quod
576 2207 645 2237 haec
661 2207 695 2244 (c)
713 2205 884 2244 respiciunt

114 2266 279 2301 naturam,
298 2263 350 2293 sed
365 2262 417 2291 illa
431 2260 602 2300 respiciunt
617 2261 722 2289 actum
739 2269 744 2288 ;
766 2259 797 2288 et
814 2257 883 2287 ideo

114 2326 177 2348 non
198 2319 324 2347 tantum
347 2314 539 2345 conditiones
565 2312 683 2352 operis,
710 2311 763 2341 sed
788 2310 882 2340 etiam

113 2372 175 2402 vioe
193 2370 323 2402 Domini
336 2368 534 2409 appellantur
551 2367 583 2396 in
602 2365 726 2396 Psalmo
743 2364 753 2380 ²
775 2374 781 2393 ι
811 2362 883 2393 Uni-

112 2432 221 2461 versoe,
237 2426 295 2454 etc.

152 2479 181 2507 4.
197 2476 242 2506 Ad
262 2475 340 2506 illud
361 2475 445 2515 quod
466 2473 614 2513 objicitur
633 2470 746 2501 ultimo
761 2470 799 2500 de
816 2472 879 2499 ter-

145 2559 148 2570 ¹
167 2557 192 2580 ld
207 2558 257 2585 cst,
273 2555 366 2579 actioni
380 2553 545 2585 producendi.
560 2565 588 2570 —-
603 2553 614 2568 ²
628 2552 693 2576 Psnl.
712 2557 782 2581 xxiv,
801 2554 835 2574 Η).
852 2564 881 2568 —-

112 2593 120 2605 ³
140 2592 178 2621 Cs.
211 2591 282 2615 Alex.
315 2591 408 2618 Ali-ns„
441 2597 466 2620 p.
493 2590 519 2619 Ι,
547 2596 571 2619 ·1-
597 2593 694 2617 xxxix,
720 2586 827 2609 membr.
852 2587 879 2615 23

113 2630 137 2651 S.
159 2627 259 2656 Thom.,
283 2626 312 2649 tV
337 2626 414 2654 Seni.r
433 2625 490 2648 dist.
507 2630 581 2653 x1.v1‚
597 2630 623 2653 q.
643 2628 675 2649 Η,
691 2624 738 2645 art.
755 2624 781 2650 '¹3
799 2622 880 2651 Scot.,

114 2663 144 2686 IV
170 2663 249 2691 Seni„
272 2661 329 2685 dist,
355 2666 427 2691 XLVI,
453 2667 478 2691 q.
503 2666 549 2690 111;
572 2657 723 2685 Richardus,
748 2657 776 2679 lv
801 2657 880 2685 Seni„

113 2698 170 2722 dist.
195 2703 269 2727 nvi,
291 2704 315 2727 q.
337 2702 370 2725 Η,
390 2698 436 2720 art,
455 2697 485 2725 23
503 2695 593 2719 Thom.
615 2694 728 2722 Arcem„
752 2693 780 2715 lv
801 2691 878 2719 Seni„

1657 237 1714 265 533

949 299 1050 335 mino,
1068 299 1236 329 dicendum
1256 300 1339 338 quod
1358 300 1512 330 terminus
1527 300 1561 330 in
1578 301 1715 331 summi-

948 353 1009 382 tate
1035 352 1167 391 alicujus
1191 354 1291 391 potest
1314 353 1430 383 attendi
1457 355 1583 392 propter
1608 363 1716 385 exces-

948 414 1036 442 sum,
1053 405 1103 435 vel
1118 407 1245 444 propter
1257 414 1417 435 accessum
1437 406 1475 436 ad
1496 406 1634 437 medium
1656 416 1663 437 :
1686 409 1717 438 et

948 457 1086 496 primum
1112 457 1144 486 in
1165 457 1289 496 justitia
1314 459 1573 496 reprehenditur;
1599 469 1715 490 secun-

947 510 1022 540 dum
1043 511 1282 541 commendatur
1300 522 1305 540 :
1330 513 1361 540 et
1379 511 1500 542 ratione
1521 512 1619 552 huJ'us
1638 513 1716 543 dici-

947 565 999 593 tur
1010 564 1214 602 justissimus
1232 572 1296 593 non
1314 564 1433 594 ratione
1450 565 1554 604 primi.

1193 678 1395 716 QUAESTIO
1425 679 1466 710 II.

1009 760 1048 786 An
1064 761 1092 786 in
1107 759 1193 786 eodem
1208 767 1283 794 opere
1300 760 1406 786 Domini
1419 761 1454 786 sit
1469 762 1653 788 misericordia

1247 805 1272 829 et
1286 805 1385 830 veritas
1401 802 1420 830 ³.

986 882 1099 913 Utrum
1111 885 1142 913 in
1158 883 1268 913 codem
1283 892 1376 923 opere
1394 883 1517 914 Domini
1535 885 1573 915 sit
1590 885 1716 915 miseri-

945 936 1049 966 cordia
1066 938 1095 966 et
1114 936 1249 974 veritas3
1268 939 1298 967 et
1313 938 1397 977 quod
1412 947 1475 968 non
1491 938 1544 976 sit,
1568 938 1712 970 videtur:

945 989 1019 1028 quia
1035 989 1067 1018 in
1082 989 1172 1019 nobis
1187 991 1234 1019 est
1245 990 1325 1019 alius
1338 990 1467 1021 effectus
1478 991 1712 1030 misericordiae,

946 1044 980 1072 ut
1000 1051 1146 1081 parcere;
1172 1043 1255 1072 alius
1277 1043 1408 1074 effectus
1427 1044 1578 1083 Justitiae,
1596 1047 1631 1075 ut
1654 1054 1713 1084 pu-

945 1094 1031 1124 nire:
1049 1104 1126 1133 ergo
1144 1095 1168 1124 si
1188 1105 1206 1125 a
1226 1096 1317 1126 nobis
1338 1097 1525 1127 transfertur
1543 1097 1581 1128 ad
1597 1097 1711 1135 Deum,

944 1147 1069 1178 videtur
1087 1148 1170 1188 quod
1193 1149 1336 1180 similiter
1358 1150 1396 1180 sit
1416 1150 1449 1180 in
1468 1150 1544 1188 Deo,
1562 1160 1635 1181 cum
1655 1151 1715 1181 hoc

944 1209 1007 1230 non
1024 1204 1182 1240 repugnet
1195 1202 1312 1232 divinae
1330 1203 1532 1242 simplicitati.

985 1253 1062 1284 Item
1084 1255 1141 1285 etsi
1165 1255 1379 1286 misericordia
1405 1259 1436 1287 et
1454 1257 1576 1296 justitia
1597 1258 1629 1286 iu
1651 1257 1713 1289 Deo

944 1307 1117 1337 secundum
1144 1308 1315 1348 principale
1338 1310 1502 1348 signatum
1525 1310 1588 1340 sint
1610 1311 1711 1349 idem,

943 1360 1050 1388 tamen
1066 1359 1145 1389 ratio
1161 1359 1281 1390 dicendi
1297 1362 1342 1390 est
1356 1360 1455 1390 altera
1471 1363 1500 1391 et
1514 1360 1611 1391 altera
1630 1372 1636 1391 z
1654 1361 1713 1392 hoc

942 1420 1021 1450 ergo
1034 1412 1094 1442 erit
1108 1422 1125 1442 a
1146 1414 1233 1452 parte
1254 1414 1413 1444 connotati
1434 1425 1440 1444 :
1456 1423 1535 1453 ergo
1554 1415 1652 1445 alium
1668 1415 1711 1445 ef—

941 1465 1057 1495 fectum
1068 1468 1215 1496 connotat
1229 1466 1454 1504 misericordia,
1468 1477 1564 1506 quam
1575 1468 1710 1506 justitia:

942 1518 1025 1557 quod
1042 1519 1067 1548 si
1087 1519 1251 1557 eumdem,
1269 1522 1344 1550 tunc
1364 1530 1421 1550 nec
1441 1523 1486 1550 est
1505 1521 1681 1551 differentia
1696 1530 1714 1551 a

942 1573 1029 1610 parte
1043 1572 1153 1609 notati,
1170 1582 1227 1603 nec
1241 1573 1274 1603 in
1289 1582 1332 1603 se.

982 1624 1060 1654 Item
1088 1625 1210 1655 ratione
1237 1626 1376 1664 videtur,
1399 1627 1474 1667 quia
1501 1627 1715 1658 misericordia

941 1677 1012 1707 facit
1031 1680 1139 1708 contra
1160 1679 1287 1717 merita,
1310 1681 1342 1710 ut
1365 1680 1484 1710 bonum
1509 1681 1537 1711 ei
1559 1681 1613 1720 qui
1633 1680 1713 1711 male

942 1732 1076 1769 meruit3
1094 1733 1147 1763 sed
1167 1733 1291 1771 justitia
1311 1735 1485 1765 secundum
1509 1735 1642 1765 merita:
1660 1735 1712 1765 sed

941 1784 1023 1814 idem
1040 1794 1119 1824 opus
1134 1795 1199 1816 non
1215 1789 1316 1825 potest
1331 1788 1400 1818 fieri
1416 1790 1526 1818 contra
1541 1788 1666 1826 merita,
1683 1791 1713 1818 et

940 1838 1115 1868 secundum
1130 1839 1241 1869 merita
1258 1850 1264 1870 :
1282 1850 1370 1879 ergo⁷
1385 1843 1442 1872 etc.

981 1890 1094 1921 Contra
1118 1903 1124 1921 z
1148 1892 1250 1932 Super
1271 1893 1347 1924 illud
1373 1893 1487 1925 Psalmi
1511 1906 1517 1927 :
1552 1897 1712 1931 Universoe
1726 1916 1832 1940 Fundam.

940 1944 1002 1974 vice
1026 1944 1158 1976 Domini
1179 1946 1401 1979 misericordia
1427 1952 1455 1979 et
1477 1951 1611 1989 veritas,
1638 1952 1712 1982 dicit

940 1996 1142 2028 Cassiodorus
1158 2009 1164 2028 ε
1186 2010 1199 2027 α
1215 1998 1287 2030 Haec
1304 2000 1367 2031 duo
1384 2002 1415 2031 in
1431 2003 1517 2032 omni
1538 2013 1632 2044 opere
1649 2004 1709 2036 Do-

940 2050 1016 2080 mini
1037 2051 1180 2082 similiter
1196 2056 1286 2091 sunt,
1308 2054 1365 2084 etsi
1383 2064 1446 2086 non
1463 2057 1551 2087 nobis
1567 2058 1711 2089 similiter

939 2107 1120 2143 appareant.
1133 2117 1146 2133 n

979 2157 1055 2187 Item
1071 2159 1281 2198 Augustinus,
1291 2161 1329 2192 de
1341 2162 1517 2195 Concordia
1530 2165 1711 2206 Evcmyelz's-

939 2213 1068 2242 tarum:
1082 2223 1095 2239 «
1112 2212 1192 2243 Deus
1207 2214 1323 2253 quires
1338 2215 1495 2246 humanas
1510 2220 1599 2248 curat
1611 2220 1708 2258 juste,

938 2265 968 2293 et
982 2264 1226 2296 misericorditer
1240 2270 1344 2306 curat,
1363 2271 1396 2299 ut
1410 2279 1468 2300 nec
1483 2271 1629 2301 excludat
1648 2272 1707 2302 mi-

939 2316 1106 2347 sericordia
1122 2319 1295 2358 Justit,iam,
1314 2330 1371 2351 nec
1386 2322 1512 2361 justitia
1530 2324 1706 2355 misericor-

938 2368 1022 2398 diam
1038 2371 1193 2401 excludat.
1208 2383 1222 2400 »

979 2421 1055 2451 Item
1065 2423 1186 2454 ratione
1198 2425 1333 2463 videtur,
1349 2428 1423 2466 quia
1436 2438 1509 2459 cum
1518 2429 1558 2469 (d)
1573 2429 1650 2460 Deus
1661 2439 1709 2460 re-

938 2478 1083 2504 munerat
1098 2476 1236 2515 aliquem
1250 2488 1346 2518 supra
1361 2481 1570 2520 condignum,
1587 2484 1708 2513 constat

1733 905 1765 925 Ad
1786 912 1837 932 opp.

937 2543 992 2567 «list.
1017 2551 1094 2577 xrivl,
1118 2555 1142 2578 q.
1163 2554 1184 2579 ι,
1208 2551 1254 2572 art.
1280 2552 1310 2580 3;
1334 2551 1419 2581 Stephl
1445 2552 1545 2581 Brules„
1570 2553 1600 2576 iv
1628 2553 1706 2581 Scau,

937 2579 1076 2636 ilisthrvi,
1090 2589 1114 2612 q.
1130 2589 1166 2613 vr:
1183 2585 1246 2608 vvir.
1262 2586 1292 2608 ‹le
1302 2587 1412 2617 Tarum„
1427 2588 1457 2610 iv
1474 2589 1551 2617 srvit„
1565 2588 1621 2610 dist.
1636 2593 1705 2617 XLVI,

937 2621 961 2644 ¹1·
977 2621 984 2638 1
1007 2634 1011 2638 ,

970 2660 999 2687 (111
1019 2660 1078 2685 Caet,
1098 2662 1156 2687 edit.
1173 2664 1238 2688 deest
1254 2668 1385 2690 creaturae.
1398 2680 1427 2684 —
1447 2666 1480 2697 (b)
1496 2667 1554 2690 Item
1569 2666 1633 2689 deest
1650 2666 1703 2691 Dei.

936 2706 965 2711 —
983 2695 1011 2724 (c)
1028 2696 1088 2720 Coet.
1103 2698 1163 2722 edit.
1181 2700 1229 2724 illa.
1244 2715 1273 2718 —
1290 2702 1326 2731 (d)
1345 2702 1403 2726 Coet.
1419 2702 1479 2726 edit.
1496 2701 1560 2725 dces!
1575 2708 1642 2725 cum.
