1991 3006
522 143 617 174 DIST.
641 142 702 172 XX.
727 141 840 173 PART.
865 141 887 171 l.
913 140 1001 170 ART.
1028 140 1048 169 l.
1074 140 1124 177 ⁴31]
1142 142 1222 172 T‘sT.
1247 142 1283 171 ll.
1660 141 1698 169 59

107 215 182 246 vita:
199 215 265 244 imo
279 215 380 243 totum
396 212 444 242 vel
461 213 507 241 est
523 212 685 240 mortuum
696 232 704 245 ‚
722 208 773 238 vel
788 217 872 237 moi·-

108 268 275 303 tificatum;
301 268 332 296 et
350 265 420 296 ideo
437 271 560 294 summe
575 261 742 301 dispositus
766 264 812 291 est
835 260 873 290 ad

108 323 258 351 aeternam
274 317 506 349 damnationem
519 326 525 345 z
543 317 573 345 et
592 316 719 353 propter
735 313 794 343 hoc
809 314 873 342 sta-

108 374 165 403 tim
189 373 358 403 damnatur
380 371 466 409 Justa
483 367 700 398 retributione.
722 366 781 396 Sed
805 365 871 403 ille,

109 426 164 466 qui
180 428 226 456 est
240 426 272 455 in
287 423 448 459 charitate,
465 430 537 452 cum
551 420 688 451 charitas
700 418 796 449 simui
815 420 874 448 stet

109 487 182 509 cum
202 477 317 509 veniali
337 476 445 516 culpa,
463 477 492 505 et
512 476 601 505 reatu
618 482 736 513 poenae,
758 472 875 502 habere

108 532 209 570 potest
230 530 262 559 in
282 539 315 559 se
329 528 446 568 aliquid
465 528 601 566 dignum
622 535 726 566 poena.
743 525 781 556 Et
801 525 875 564 quia

109 583 212 622 gloria
227 590 292 612 non
309 582 410 620 potest
424 580 518 610 simul
533 582 613 610 stare
629 588 701 609 cum
717 587 809 618 poena
824 587 874 609 se-

109 635 248 666 cundum
266 634 369 664 forum
384 641 568 670 commune,
586 641 710 663 necesse
725 633 771 661 est
786 632 875 671 prius

109 688 249 720 debitum
278 687 355 717 illud
381 686 457 717 solvi
484 694 540 725 per
567 693 694 725 poenam
720 687 872 724 purgato-

107 743 199 773 riam.

148 797 177 825 5.
200 794 248 825 Ad
273 793 351 824 illud
377 792 461 832 quod
485 791 632 831 oincitur
658 791 696 821 de
719 790 871 830 pondere,

104 849 172 888 jam
188 849 273 887 patet
287 846 465 886 responsio,
484 845 559 884 quia
577 844 699 884 pondus
714 843 876 874 charitatis

107 900 202 931 habet
216 900 247 929 in
265 909 298 930 se
310 898 428 938 aliquid
440 897 614 934 retardans,
632 899 668 927 ut
679 897 802 935 culpam
816 896 873 926 ali-

108 963 205 994 quam
227 952 413 993 parvulam,
435 951 485 981 vel
508 953 651 981 reatum:
674 950 727 980 sed
751 950 875 989 pondus

108 1006 223 1046 peccati
242 1005 320 1035 nihil
340 1004 434 1034 habet
458 1003 600 1040 elevans,
621 1002 673 1032 vel
693 1002 872 1032 retardans:

108 1060 177 1090 ideo
192 1068 257 1089 non
272 1059 319 1088 est
333 1057 436 1087 simile
451 1057 488 1087 de
504 1065 635 1086 ascensu
653 1055 827 1092 charitatis,
846 1057 877 1085 et

107 1112 145 1143 de
159 1111 310 1142 descensu
329 1110 458 1149 peccati.

148 1168 177 1195 6.
200 1164 247 1194 Ad
262 1163 339 1193 illud
355 1163 440 1202 quod
459 1162 628 1201 objicitur,
645 1161 728 1201 quod
747 1171 810 1192 non
829 1164 875 1192 est

108 1219 165 1249 nisi
190 1217 308 1257 duplex
327 1218 426 1247 status
445 1217 477 1245 in
497 1215 555 1245 hac
571 1216 651 1253 vita,
674 1224 752 1254 ergo
766 1239 773 1253 ,
797 1217 873 1253 etc.;

107 1270 276 1302 dicendum
287 1269 371 1309 quod
381 1269 453 1299 licet
463 1277 525 1298 non
539 1268 600 1298 nisi
611 1268 728 1307 duplex
741 1268 781 1298 sit
794 1269 876 1307 prin-

108 1323 231 1363 cipalis,
254 1324 360 1353 tamen
384 1324 517 1360 uterque
540 1320 751 1351 subdividitur
770 1331 776 1350 2
802 1330 876 1350 nam

109 1376 164 1416 qui
189 1376 281 1406 habet
302 1375 475 1415 justitiam,
499 1374 532 1404 in
557 1373 675 1413 duplici
699 1373 876 1403 differentia

108 1431 155 1459 est
171 1438 178 1459 :
200 1430 255 1458 aut
268 1428 355 1458 enim
371 1430 416 1457 est
430 1427 462 1456 in
477 1428 561 1457 statu
576 1427 786 1466 perfectorum
804 1435 874 1465 per-

108 1482 239 1513 fectione
254 1480 410 1520 completa
420 1504 430 1517 ,
446 1482 476 1510 et
495 1479 564 1510 talis
579 1488 644 1510 non
662 1479 758 1509 habet
771 1479 877 1518 aliqua

108 1534 243 1566 venialia
257 1557 265 1570 ‚
284 1536 340 1564 aut
356 1533 462 1572 aliqua
477 1532 658 1562 cremabilia
669 1556 676 1570 ‚
698 1541 756 1562 nec
770 1532 876 1572 aliqua

108 1588 227 1625 debita,
243 1589 274 1618 et
291 1587 366 1617 huie
379 1586 484 1616 statim
504 1585 636 1616 debetur
650 1586 716 1616 vita
735 1587 874 1616 aeterna:

107 1640 185 1671 tales
201 1642 274 1671 sunt
288 1639 387 1670 sancti
404 1640 569 1678 martyres,
582 1641 617 1668 ut
629 1638 829 1676 Laurentius,
847 1640 877 1669 et

108 1693 290 1725 Vincentius
301 1717 310 1731 ,
329 1695 358 1723 et
375 1693 473 1723 sancti
495 1692 684 1724 confessores
697 1716 704 1730 ‚
722 1694 756 1722 ut
776 1692 876 1723 Bene-

109 1747 227 1785 dictus,
244 1749 274 1778 et
287 1746 486 1777 Franciscus.
502 1746 562 1777 Alii
577 1749 651 1777 sunt
665 1746 698 1776 in
715 1749 800 1777 statu
814 1747 874 1777 im-

108 1800 328 1840 perfectorum,
342 1802 374 1831 et
388 1800 421 1830 hi
434 1799 616 1830 cremabilia
629 1799 749 1829 habent
760 1802 795 1829 ut
809 1799 877 1839 plu-

108 1853 228 1884 rimum
235 1877 245 1892 ,
266 1855 296 1883 et
310 1853 404 1884 etiam
419 1852 539 1890 debita3
559 1854 590 1882 et
601 1854 723 1891 oportet
736 1852 876 1891 primum

109 1906 211 1937 debita
237 1905 315 1936 solvi
329 1929 337 1941 ,
366 1914 462 1944 quam
491 1904 732 1935 introducantur
760 1905 792 1934 in
820 1914 875 1944 pa-

108 1958 201 1988 triam
217 1969 223 1988 :
241 1958 341 1988 ethoc
355 1958 448 1988 estin
464 1966 556 1996 poena
568 1958 764 1996 purgatoria.
782 1958 875 1988 Simi-

108 2011 178 2041 liter
198 2013 339 2041 carentes
359 2010 481 2049 justitia
501 2010 534 2039 in
554 2009 668 2049 duplici
692 2012 770 2041 sunt
786 2011 878 2042 ‹liffe-

107 2065 227 2095 tentia:
243 2063 371 2102 quidam
391 2064 425 2093 in
443 2058 532 2093 vstatu
547 2063 768 2102 parvulorum,
791 2067 821 2094 et
843 2065 877 2095 hi

107 2118 214 2148 carent
239 2116 362 2156 Justitia
384 2116 534 2155 originali
557 2125 564 2146 :
592 2118 622 2147 et
650 2116 699 2146 his
729 2117 877 2156 competit

107 2171 207 2200 status
234 2169 267 2199 in
293 2168 400 2208 lymbo
424 2169 491 2199 sine
517 2177 610 2209 poena
633 2169 783 2200 sensibili.
814 2170 877 2200 Alii

109 2226 182 2255 sunt
196 2223 229 2254 in
244 2225 327 2254 statu
342 2223 522 2254 adultorum
535 2248 542 2262 ,
560 2224 614 2264 qui
629 2227 737 2255 carent
753 2226 876 2264 justitia

110 2276 275 2316 personali,
290 2277 356 2307 sive
369 2276 472 2316 gratia
487 2277 525 2316 (a)
539 2301 546 2315 ,
564 2286 619 2316 per
631 2277 791 2317 propriam
806 2278 872 2308 cul-

110 2339 194 2369 pam,
207 2332 237 2361 et
251 2329 366 2360 talibus
377 2330 526 2369 competit
536 2331 636 2360 status
648 2329 808 2360 infernalis
821 2339 829 2360 ;
845 2334 875 2361 et

112 2383 155 2412 sic
174 2385 257 2422 patet
279 2382 362 2422 quod
384 2382 464 2412 ratio
488 2382 541 2412 illa
566 2391 629 2413 non
653 2382 745 2413 valet.
772 2383 878 2414 Posset

143 2463 148 2475 “
168 2462 207 2492 Cf.
229 2462 376 2493 Bit-bardus,
398 2464 428 2486 lV
451 2463 528 2493 Sena,
550 2463 606 2487 (list.
627 2470 669 2490 xx,
694 2467 738 2488 art.
763 2467 786 2492 2,
809 2472 833 2495 q.
857 2471 876 2494 13

112 2497 198 2527 steph.
223 2498 327 2529 Brulef.,
350 2498 380 2522 lV
402 2498 480 2528 Saul„
500 2499 556 2522 dist.
578 2504 620 2529 xx,
639 2506 664 2529 q.
684 2505 716 2529 1¹;
737 2500 826 2524 l'ctrus
847 2501 877 2523 dc

111 2533 221 2562 Tarum„
240 2533 270 2556 lv
288 2533 365 2560 Seni..
388 2533 445 2558 dist.
465 2539 508 2563 xx,
523 2541 547 2564 q.
567 2539 601 2557 iX.
615 2546 644 2551 —
662 2534 669 2547 ²
684 2535 764 2558 Serm.
782 2541 834 2564 xm,
850 2535 878 2557 (le

113 2567 224 2597 Sanctis,
238 2568 281 2591 sed
295 2575 346 2592 non
364 2568 463 2592 videtur
480 2575 534 2592 esse
554 2569 698 2599 Augustini,
720 2572 744 2593 et
758 2569 825 2594 idem
841 2572 879 2593 est

112 2602 154 2632 qui
169 2604 194 2626 S.
207 2602 314 2627 Caesario
330 2604 420 2628 Arelct.
435 2604 561 2634 tribuitur,
577 2604 640 2628 inter
655 2605 708 2635 ejus
725 2606 798 2629 Hom.
817 2612 876 2635 vui,

931 208 1022 238 etiam
1039 207 1117 245 dici,
1133 208 1217 246 quod
1237 218 1330 247 poena
1346 206 1530 247 purgatoria
1544 215 1609 237 non
1623 207 1697 237 dicit

930 262 1063 298 statum,
1088 260 1143 291 sed
1164 262 1269 298 magis
1291 260 1461 291 transitum
1489 259 1527 289 de
1556 261 1641 289 statu
1664 259 1697 289 in

930 315 1057 344 statum.

1192 396 1372 433 QUAESTIO
1396 398 1432 427 ΙΙ.

966 489 1012 515 An
1029 496 1107 523 poena
1123 489 1278 523 purgatorii
1297 489 1333 514 sic
1352 489 1470 514 maoez'ma
1489 495 1625 523 poenarum
1644 491 1660 517 ¹,

972 578 1083 609 Utrum
1097 586 1190 618 poena
1212 577 1395 617 purgatoria
1415 577 1453 607 sit
1472 578 1613 608 maxima
1632 586 1699 617 pce·
1715 591 1818 611 fumum.

931 640 1046 662 narum
1064 631 1303 670 temporalium·‚
1330 633 1360 660 et
1379 630 1463 669 quod
1481 630 1542 667 sic,
1560 630 1696 661 videtur.

930 684 1133 723 Augustinus
1158 684 1191 713 in
1213 683 1352 722 quodam
1375 691 1519 713 sermone
1534 683 1544 698 ³
1572 693 1578 712 ε
1609 694 1623 711 «
1646 682 1700 713 Ille

931 737 1015 776 ignis
1033 737 1141 766 durior
1156 736 1214 766 erit
1229 744 1326 775 quam
1345 735 1497 774 quidquid
1517 735 1550 764 in
1565 734 1625 764 hoc
1640 743 1697 765 sae-

931 791 1002 821 culo
1019 799 1186 830 poenarum
1201 792 1255 820 aut
1271 789 1397 826 videre,
1421 790 1474 819 aut
1496 788 1611 818 sentire
1622 811 1629 824 ,
1646 790 1701 818 aut

931 843 1071 882 cogitare
1086 843 1156 883 quis
1172 844 1284 883 potest.
1301 853 1315 871 a)

972 896 1050 927 item
1058 896 1091 926 in
1103 896 1203 926 littera
1210 896 1284 926 dicit
1295 896 1316 933 ¹,
1325 895 1407 935 quod
1419 894 1563 925 «excedit
1573 903 1702 925 omnem

931 959 1069 990 poenam,
1085 959 1182 989 quam
1194 959 1338 990 unquam
1351 958 1464 989 passus
1479 951 1527 979 est
1538 949 1654 989 aliquis
1670 949 1702 978 in

932 1004 990 1034 hac
1004 1004 1080 1033 vita.
1098 1014 1112 1031 n

972 1057 1049 1088 Item
1072 1057 1191 1087 ratione
1220 1057 1363 1094 videtum
1387 1056 1462 1096 quia
1488 1058 1607 1095 quanto
1632 1056 1702 1095 quis

927 1110 1120 1151 judicandus
1135 1112 1180 1140 est
1195 1109 1336 1147 debilior,
1354 1111 1440 1139 tanto
1454 1108 1554 1148 judex
1568 1109 1703 1147 puniens

931 1163 1048 1193 m'mori
1073 1173 1164 1203 pcena
1188 1163 1279 1194 debet
1303 1172 1370 1193 esse
1399 1164 1565 1192 contentus
1591 1170 1598 1191 :
1623 1170 1702 1200 ergo

931 1218 1050 1255 quanto
1061 1218 1107 1246 est
1123 1216 1241 1253 sortior,
1254 1218 1341 1246 tanto
1352 1215 1494 1253 exigitur
1506 1214 1546 1244 ab
1560 1223 1596 1244 eo
1609 1222 1702 1253 poena

933 1269 1082 1307 gravior:
1113 1269 1167 1299 sed
1192 1268 1320 1308 spiritus
1344 1270 1506 1308 separatus
1528 1268 1701 1306 impropor-

932 1321 1121 1352 tionabiliter
1134 1324 1179 1352 est
1194 1321 1321 1358 fortior,
1339 1329 1434 1359 quam
1451 1321 1490 1350 sit
1504 1322 1606 1351 totum
1624 1328 1700 1350 con-

927 1375 1096 1413 junctum,
1120 1375 1186 1405 sive
1207 1374 1302 1404 homo
1327 1375 1430 1403 totus:
1454 1373 1508 1403 sed
1530 1375 1600 1412 post
1620 1372 1701 1402 hanc

932 1428 1030 1457 vitam
1051 1430 1097 1458 est
1121 1428 1250 1467 spiritus
1271 1429 1433 1466 separatus
1450 1437 1456 1456 :
1479 1434 1556 1464 ergo
1576 1425 1701 1455 videtur

931 1481 1014 1520 quod
1031 1480 1163 1519 gravius
1178 1480 1340 1520 puniatur.

972 1533 1049 1564 Item
1074 1534 1203 1574 spiritus
1227 1535 1390 1573 separatus
1414 1542 1432 1562 a
1460 1541 1552 1563 carne
1579 1541 1704 1572 semper

931 1588 1064 1627 gravius
1087 1589 1213 1627 peccat,
1241 1596 1338 1626 quam
1366 1586 1496 1625 spiritus
1518 1585 1604 1616 carni
1626 1594 1704 1616 con-

927 1642 1076 1680 junctus3
1101 1641 1152 1670 sed
1177 1640 1296 1670 malum
1319 1648 1422 1679 poenae
1446 1639 1703 1678 proportionatur

932 1694 1015 1724 malo
1034 1694 1135 1733 culpae
1147 1717 1156 1731 ,
1174 1695 1203 1723 et
1225 1693 1345 1722 malum
1369 1692 1471 1731 culpae
1486 1701 1610 1731 semper
1624 1701 1702 1731 gra-

932 1748 1004 1778 vius
1024 1747 1118 1777 estin
1139 1746 1253 1785 spiritu
1275 1748 1440 1785 separato:
1457 1754 1535 1784 ergo
1559 1745 1627 1785 pari
1649 1754 1702 1775 ra-

931 1801 1015 1831 tione
1031 1803 1061 1831 et
1077 1800 1196 1830 malum
1213 1808 1327 1839 poenae.

973 1854 1049 1884 Item
1066 1855 1167 1893 maJ'or
1181 1856 1211 1883 et
1227 1853 1356 1892 gravior
1371 1855 1417 1883 est
1429 1861 1522 1892 poena
1536 1852 1700 1891 passionis,

932 1916 1028 1947 quam
1048 1915 1141 1946 pcena
1158 1907 1401 1946 compassionis:
1420 1906 1474 1936 sed
1489 1906 1595 1935 anima
1608 1907 1703 1935 exuta

933 1960 1063 2000 punitur
1092 1968 1185 1999 poena
1219 1959 1388 1998 passionis,
1425 1959 1593 1997 conjuncta
1628 1966 1702 1988 vero

932 2021 1025 2052 poena
1038 2012 1262 2052 compassionis
1280 2022 1287 2041 :
1304 2020 1395 2050 ergo,
1411 2014 1469 2041 etc.

974 2066 1051 2096 Item
1064 2090 1072 2103 ‚
1089 2067 1208 2105 quanto
1224 2065 1330 2104 aliqua
1346 2074 1439 2105 poena
1454 2066 1500 2095 est
1515 2065 1635 2103 major,
1652 2063 1702 2095 vel

932 2119 1158 2156 universalior,
1174 2121 1260 2149 tanto
1281 2120 1327 2149 est
1348 2118 1497 2157 gravior:
1524 2118 1577 2148 sed
1596 2118 1703 2148 anima

933 2174 1028 2204 exuta
1043 2181 1115 2203 cum
1131 2172 1262 2211 punitur
1273 2196 1281 2209 ,
1298 2173 1364 2202 tota
1379 2171 1510 2211 punitur
1521 2195 1529 2209 ,
1547 2173 1577 2201 et
1589 2180 1701 2202 secun—

933 2226 1008 2256 dum
1033 2227 1149 2263 totum3
1176 2234 1248 2255 cum
1271 2225 1355 2255 enim
1381 2225 1421 2254 sit
1437 2224 1590 2264 simplex,
1617 2223 1702 2263 ignis

935 2280 1031 2308 totam
1046 2278 1192 2317 attingit:
1208 2278 1262 2308 sed
1276 2278 1308 2307 iu
1322 2278 1469 2317 praesenti
1484 2279 1539 2307 aut
1553 2277 1609 2307 vix
1620 2299 1629 2314 ,
1647 2278 1702 2307 aut

933 2340 1099 2370 nunquam
1111 2331 1216 2370 aliqua
1232 2339 1325 2370 poena
1338 2331 1441 2360 totum
1456 2329 1620 2360 hominem
1634 2338 1703 2360 cru—

933 2385 1008 2414 ciat:
1023 2393 1100 2423 ergo
1115 2384 1305 2423 generaliter
1321 2383 1446 2422 gravior
1463 2384 1508 2413 est
1524 2382 1586 2420 illa,
1603 2391 1699 2421 quam

934 2437 972 2467 sit
987 2437 1093 2476 aliqua
1108 2437 1290 2476 temporalis
1307 2445 1411 2476 poena.

933 2495 1052 2526 append„
1081 2500 1143 2518 toul.
1172 2495 1202 2523 V,
1228 2501 1297 2525 oper.
1326 2496 1351 2519 S.
1375 2496 1490 2524 Aussust„
1513 2494 1572 2517 edit.
1597 2494 1701 2523 Bened„

935 2538 1000 2554 ,ῆι-ΓΗ]
1022 2537 1073 2560 μιν,
1084 2537 1110 2554 n.
1122 2532 1145 2553 5.
1155 2530 1398 2560 —8Appe1i‹1.t0111.
1412 2531 1452 2559 lv,
1466 2536 1537 2559 oper.
1552 2527 1702 2557 s.A11g.,d‹÷

935 2573 984 2588 ver.
1000 2567 1023 2589 et
1037 2565 1096 2594 fals.
1112 2566 1209 2589 Pmm't..
1225 2572 1247 2588 c.
1265 2571 1338 2588 xvul.

968 2608 1000 2635 (ιι)
1014 2605 1074 2629 Caet.
1090 2604 1146 2628 etin.
1163 2604 1278 2634 gratuita
