1991 3006
114 270 143 290 De
176 269 218 289 illis

114 301 150 327 qui
171 302 218 327 post

124 332 208 357 longam

111 364 218 390 captivita-

109 399 151 416 tem
159 394 218 414 redc-

140 429 183 445 unt.

114 2289 200 2309 Divisio.

238 190 294 219 37⁶2
794 180 1101 213 SENTENTIARUM
1123 181 1197 212 LlB.
1223 181 1273 212 tv:

282 253 343 286 Ilic
356 252 516 296 quaeritur
528 250 568 283 de
583 249 648 282 illis
661 249 808 290 fen'iinis,
822 259 896 292 quae
908 253 1059 293 putantes
1072 249 1158 281 viros
1174 259 1250 281 suos
1263 248 1474 293 interemptos
1489 275 1496 289 ‚
1513 249 1564 282 vel
1577 250 1611 282 in
1628 251 1825 295 captivitate,

236 312 288 345 vel
304 311 344 343 ab
360 310 474 354 iniqua
489 308 713 341 dominatione
730 318 901 351 nunqnam
916 306 1114 346 liberandos,
1130 306 1164 338 in
1180 305 1321 338 aliorum
1334 306 1485 349 conjugia
1496 307 1695 340 transierunt
1708 319 1715 340 τ
1728 309 1754 341 si
1764 309 1825 350 illi,

236 369 293 413 qui
309 367 511 412 putabantur
526 366 658 410 periisse
674 364 911 403 remeaverint,
930 368 1042 396 utrum
1064 364 1110 396 eis
1126 363 1217 395 reddi
1233 363 1371 396 debeant
1388 376 1394 396 :
1413 368 1443 396 et
1458 376 1499 396 an
1525 365 1657 397 secundi
1679 365 1827 398 fornicati

235 426 313 467 sint,
331 430 361 458 et
376 425 452 469 ipsa}
467 434 531 456 reae
548 423 723 456 adulterii?
742 422 787 453 De
803 422 862 454 hoc
880 421 942 453 Leo
958 421 1047 465 Papa
1063 421 1106 453 sic
1121 421 1165 453 ait
1183 426 1190 441 ¹
1210 434 1216 454 z
1235 434 1250 451 ι(
1265 420 1398 454 Necesse
1420 426 1466 454 est
1481 426 1517 454 ut
1531 422 1753 465 legitimarum
1769 423 1827 455 foe-

234 484 312 516 dera
321 482 511 527 nuptiarum
524 480 775 523 rrdintegranda
787 478 970 519 credamus,
984 483 1014 511 et
1028 479 1160 511 remotis
1178 478 1238 520 liis,
1250 490 1324 523 quae
1338 479 1498 511 hostilitas
1510 479 1634 521 intulit,
1648 480 1825 524 unicuique

233 541 294 574 hoc
306 540 393 585 quod
404 539 547 582 legitime
558 538 686 579 habuit,
699 538 910 577 reformetur3
924 537 1080 580 omnique
1092 536 1200 569 studio
1214 537 1454 580 procurandum
1466 541 1524 578 est,
1538 542 1573 569 ut
1584 538 1716 582 recipiat
1726 549 1826 571 unus-

232 599 372 643 quisque
381 597 467 642 quod
477 596 645 641 proprium
655 595 901 627 est.Neetamen
909 594 1470 639 cu]pabilisjudicetur‚ettanquam
1479 595 1668 640 alienijuris
1676 606 1826 639 pervasor

232 655 405 696 habeatur,
418 654 476 698 qni
493 665 662 698 personam
679 653 748 696 ejus
766 651 887 692 mariti,
900 651 1033 696 quijam
1044 663 1110 684 non
1122 664 1188 684 csse
1204 652 1465 693 existiumtmtur,
1479 653 1663 697 assumpsit.
1678 653 1730 686 Sic
1739 653 1825 686 enim

232 714 349 754 multa,
365 724 439 757 quae
455 712 494 744 ad
512 723 577 752 eos,
596 711 654 754 qui
670 711 702 743 in
720 710 938 753 captivitatem
956 709 1045 742 ducti
1067 714 1156 750 sunt,
1178 710 1396 753 pertinebant,
1414 710 1515 754 injus
1529 711 1672 743 alienum
1691 711 1826 744 transire

231 774 409 816 potuerunt
423 782 430 811 ;
449 773 480 802 et
497 773 602 801 tamen
619 767 865 812 plenoejnstitiae
878 770 936 808 est,
952 770 987 799 ut
998 767 1119 799 eisdem
1138 768 1274 800 reversis
1290 768 1421 811 propria
1436 768 1667 801 reformentur.
1685 768 1825 813 Ideoque

231 829 257 862 si
275 828 337 861 viri
350 831 420 872 post
434 828 566 869 longam
582 825 801 870 captivitatem
818 825 952 865 reversi,
967 825 1012 856 ita
1024 824 1058 856 in
1074 824 1247 857 dilectione
1262 836 1396 857 suarum
1413 825 1592 869 conjugum
1604 831 1822 870 perseverant,

232 890 269 919 ut
284 897 336 918 eas
351 885 485 929 cupiant
500 885 534 916 in
548 895 645 916 suum
663 883 767 915 redire
782 882 984 914 consortium
998 908 1005 923 ‚
1022 882 1256 915 dimittendum
1273 887 1337 923 est,
1354 894 1412 916 nec
1430 883 1594 927 culpabile
1608 883 1824 927 judicandum

232 943 319 988 quod
336 943 507 976 necessitas
522 941 656 982 intulit,
674 945 705 973 et
728 940 969 973 restituendum
989 940 1077 984 quod
1099 940 1179 972 fides
1197 941 1308 983 poscit.
1327 940 1386 973 Sin
1403 945 1512 974 autem
1537 941 1657 986 aliquae
1672 941 1825 974 mutieres

232 1002 276 1034 ita
296 1001 442 1034 virorum
458 999 675 1044 posteriorum
692 1009 802 1031 amore
817 1002 894 1030 sunt
908 1002 1021 1041 eaptae,
1038 1001 1074 1029 ut
1089 997 1202 1029 malint
1215 997 1265 1029 his
1278 997 1451 1040 cohaerere,
1466 1010 1566 1043 quam
1582 999 1621 1032 ad
1638 999 1823 1042 legitimum

231 1059 368 1092 transire
385 1058 586 1091 consortium
601 1083 608 1097 ,
628 1056 744 1089 merito
759 1060 836 1088 sunt
851 1054 1001 1088 notandae
1013 1080 1022 1097 ‚
1039 1054 1084 1087 ita
1100 1059 1136 1087 ut
1151 1055 1365 1088 ecclesiastica
1380 1056 1612 1089 communione
1630 1057 1820 1101 priventur,

231 1128 304 1162 quae
321 1117 360 1149 de
378 1128 409 1149 re
424 1114 603 1149 excusabili
618 1114 931 1147 contaminationem
949 1113 1098 1145 criminis
1120 1113 1302 1156 elegerunt.
1318 1113 1466 1146 Redeant
1487 1125 1566 1157 ergo
1581 1114 1616 1146 in
1632 1125 1729 1147 suum
1747 1125 1823 1147 con-

228 1174 323 1218 jugia
338 1178 480 1215 statum;
498 1173 577 1218 quia
600 1173 683 1205 sicut
706 1172 877 1212 mulieres,
895 1182 968 1215 quae
993 1170 1032 1203 ad
1055 1171 1142 1203 viros
1164 1182 1239 1203 suos
1261 1172 1380 1204 reverti
1402 1171 1589 1213 noluerint,
1613 1172 1720 1216 impiae
1746 1177 1824 1205 sunt

232 1232 389 1265 habendae
404 1258 412 1273 ,
430 1231 474 1264 ita
488 1231 554 1264 iltae
570 1257 577 1272 ,
594 1241 666 1274 quaa
682 1230 842 1270 redeunt,
861 1228 976 1261 merito
991 1232 1072 1261 sunt
1094 1228 1280 1262 laudandae.
1297 1242 1312 1260 ³>
1332 1229 1379 1262 Ex
1396 1229 1446 1262 his
1460 1230 1641 1263 ostenditur
1656 1230 1748 1271 illos,
1765 1231 1822 1274 qui

231 1290 550 1332 taliterjunguntur,
568 1292 604 1320 ut
619 1287 751 1320 credant
768 1287 877 1319 virum
893 1286 1142 1330 interemptum,
1160 1297 1216 1330 per
1232 1286 1465 1329 ignorantiam,
1483 1287 1628 1332 aliquam
1643 1287 1822 1320 excusatio-

231 1358 305 1380 nem
331 1347 450 1379 hahere
475 1346 514 1378 de
537 1350 685 1390 peccato,
704 1349 735 1377 et
756 1349 883 1377 tantum
899 1344 1037 1388 primam
1056 1344 1207 1388 copulam
1230 1355 1297 1376 esse
1316 1344 1497 1387 legitimam
1511 1370 1519 1386 ‚
1538 1356 1603 1378 non
1623 1344 1820 1387 secundam;

231 1405 361 1438 veniam
381 1409 489 1437 tamen
512 1403 652 1444 habere,
679 1402 706 1434 si
727 1404 834 1434 careat
857 1402 1033 1446 opprobrio
1059 1401 1151 1434 malae
1173 1401 1363 1434 voluntatis.
1381 1401 1445 1434 Sed
1461 1402 1470 1417 ²
1485 1402 1512 1434 si
1534 1402 1627 1446 quis,
1655 1402 1766 1435 relicta
1787 1403 1822 1435 in

231 1463 337 1508 patria
352 1474 411 1495 sna
428 1472 549 1503 uxore,
568 1461 602 1492 in
624 1460 840 1503 longinquam
865 1460 978 1491 abiens
1002 1459 1167 1502 regionem
1184 1485 1191 1500 ,
1208 1459 1306 1492 aliam
1333 1460 1428 1492 ducat
1450 1471 1604 1501 uxorem,
1627 1460 1743 1493 deinde
1757 1471 1824 1505 poe-

231 1521 367 1554 nitentia
381 1520 498 1552 ductus
515 1530 585 1551 eam
602 1518 765 1550 dimittere
778 1517 876 1558 velit,
894 1529 1040 1550 asserens
1055 1528 1087 1549 se
1102 1517 1199 1549 aliam
1218 1517 1369 1550 hahuisse
1382 1544 1390 1559 ,
1411 1530 1484 1562 qute
1501 1518 1597 1560 vivit3
1612 1529 1670 1551 nec
1683 1518 1824 1552 Ecclesia

231 1579 396 1624 permittat
412 1604 419 1619 ‚
436 1588 509 1622 quae
523 1603 530 1618 ,
547 1576 635 1621 quod
651 1576 707 1608 ille
723 1576 835 1608 asserit
849 1601 855 1616 ,
873 1575 1001 1618 ignorat
1023 1587 1030 1607 z
1053 1575 1215 1619 quaeritur
1229 1587 1270 1608 an
1286 1576 1320 1607 in
1336 1575 1396 1608 hac
1411 1576 1552 1608 secunda
1563 1576 1680 1620 copula
1694 1577 1736 1609 sit
1749 1587 1824 1609 con-

228 1637 373 1681 jugium.
401 1636 486 1668 Sane
510 1635 574 1667 dici
597 1638 699 1678 potest
725 1645 791 1666 non
817 1644 883 1666 esse
906 1633 1120 1676 conjugium,
1139 1637 1170 1665 et
1194 1634 1367 1666 mulierem
1394 1634 1432 1666 de
1456 1634 1590 1667 crimine
1607 1634 1752 1667 excusari
1767 1645 1825 1678 per

233 1694 466 1738 ignorantiam,
484 1693 594 1725 virum
610 1696 720 1724 autem
736 1691 936 1724 adulterium
951 1691 1130 1723 admisisse.
1148 1691 1211 1724 Sed
1228 1703 1267 1724 ex
1283 1703 1349 1736 quo
1364 1692 1403 1724 ad
1420 1692 1559 1736 primam
1577 1692 1682 1726 redire
1698 1692 1822 1735 volens,

232 1764 291 1786 nec
306 1752 430 1793 valens,
448 1751 577 1794 cogitur
593 1750 741 1783 Ecclesia}
756 1749 929 1793 disciplina
947 1749 1030 1782 hanc
1044 1753 1166 1790 tenere,
1184 1749 1298 1793 incipit
1320 1750 1360 1793 (a)
1381 1761 1436 1793 per
1451 1749 1669 1782 obedientiam
1684 1754 1715 1784 et
1729 1750 1824 1783 timo-

231 1823 301 1844 rem
313 1811 352 1844 de
367 1811 441 1852 hoe,
454 1809 542 1854 quod
559 1809 703 1853 poscenti
718 1808 849 1841 mulieri
863 1808 1011 1840 debitum
1027 1807 1146 1849 reddit,
1161 1819 1179 1839 a
1194 1819 1260 1850 qua
1275 1807 1341 1851 ipse
1359 1818 1531 1852 nunquam
1547 1818 1676 1852 poscere
1692 1807 1787 1840 debet
1798 1812 1821 1849 ⁸;

231 1874 264 1902 et
279 1869 324 1901 sic
338 1868 378 1901 de
393 1868 467 1901 aliis
481 1867 673 1911 hujusmodi
693 1866 900 1899 sentiendum
919 1870 977 1898 est.

426 2006 630 2039 EXPOSITIO
653 2004 815 2036 TEXTUS.
1057 2005 1141 2044 quod
1156 2005 1303 2044 provenit
1324 2014 1363 2036 ex
1388 2005 1581 2044 obligatione
1606 2005 1824 2037 matrimonii:

1057 2060 1088 2087 et
1102 2058 1210 2096 incipit
1229 2058 1283 2088 itta
1306 2059 1442 2089 secunda
1458 2068 1531 2098 pars
1547 2059 1610 2089 ibi:
1639 2058 1717 2090 Cum
1732 2060 1784 2090 vir
1800 2062 1829 2091 et

1056 2111 1172 2142 mulier
1191 2111 1330 2151 leqz'cz'me
1349 2111 1513 2150 conjuncti
1530 2114 1621 2149 sunt,
1643 2114 1703 2142 etc.
1721 2111 1827 2142 Prima

1057 2172 1130 2202 pars
1144 2164 1239 2194 habet
1253 2165 1349 2195 duas:
1368 2165 1401 2195 in
1417 2165 1519 2204 prima
1533 2165 1730 2202 determinat,
1750 2164 1826 2204 quid

267 2103 338 2126 Nunc
352 2101 382 2125 de
398 2102 458 2124 voto
474 2098 645 2130 inspiciamus.
658 2097 753 2121 Votum
768 2098 806 2120 est
818 2094 958 2119 testificatio

515 2134 648 2165 quiedam,
664 2135 711 2156 etc.

270 2223 374 2263 Supra
387 2222 452 2261 egit
464 2220 614 2259 Magister
626 2219 663 2250 de
675 2218 900 2258 impedimento
912 2216 997 2256 quod

230 2277 317 2309 venit
338 2285 378 2306 ex
397 2274 604 2305 ecclesiastica
621 2272 832 2307 institutione3
858 2271 908 2300 liic
931 2270 1000 2308 agit

231 2331 268 2361 de
285 2329 507 2369 impedimento
523 2327 606 2366 qnod
628 2327 713 2356 venit
734 2334 774 2355 ex
789 2327 896 2354 nostra
920 2324 998 2354 obli-

232 2384 369 2423 gatione.
386 2382 422 2412 tit
433 2381 584 2420 quoniam
596 2380 760 2419 dupliciter
773 2381 874 2418 potest
884 2378 999 2417 aliquis

230 2436 369 2475 obligati
387 2436 492 2472 alicui,
508 2435 624 2463 scilicet
645 2436 718 2463 voto
734 2436 764 2463 et
781 2432 997 2468 matrimoni03

231 2491 300 2521 ideo
316 2490 416 2529 plinio
433 2489 499 2527 agit
521 2488 559 2517 de
575 2487 798 2525 impedimento
814 2485 897 2525 quod
916 2486 1000 2514 venit

230 2553 271 2575 ex
295 2542 486 2582 obligatione
507 2541 593 2577 voti,
615 2539 752 2569 secundo
771 2548 859 2576 vero,
885 2538 922 2568 de
948 2538 1000 2568 iilo

264 2625 333 2649 'Leo
350 2629 367 2654 i,
380 2623 459 2654 Epist.
474 2627 572 2652 mxvii,
588 2623 612 2645 et
627 2620 734 2645 hahetur
748 2626 816 2644 caus.
833 2625 922 2650 xum,
939 2626 964 2650 q.
980 2625 998 2650 1,

231 2670 252 2684 e.
273 2661 333 2684 Cum
349 2667 391 2690 pet·
409 2658 531 2682 bellicam,
544 2671 567 2673 m
586 2658 594 2672 2
610 2658 686 2687 liugn,
704 2657 733 2680 tv
751 2657 870 2686 Sentent„
886 2663 906 2679 c.
924 2662 957 2679 lv,
970 2668 1000 2672 —

1057 2217 1096 2247 sit
1111 2220 1221 2248 votum
1235 2243 1242 2256 ,
1260 2219 1397 2249 breviter
1414 2219 1549 2249 innuens
1564 2219 1640 2258 quid
1654 2219 1711 2255 sit,
1737 2221 1767 2249 et
1788 2218 1826 2249 de

1057 2281 1120 2311 quo
1131 2296 1139 2310 ,
1158 2275 1187 2303 ct
1202 2282 1340 2312 quorum
1355 2283 1362 2311 3
1386 2274 1417 2303 in
1434 2273 1572 2303 secunda
1587 2272 1774 2303 determinat
1787 2271 1826 2302 de

1057 2324 1250 2364 obligatione
1278 2327 1311 2356 in
1337 2326 1570 2366 comparatione
1593 2325 1633 2356 ad
1658 2326 1825 2355 matrimo-

1058 2378 1158 2414 nium,
1173 2380 1340 2410 ostendens
1352 2380 1433 2419 quod
1444 2380 1602 2420 quoddam
1615 2379 1755 2418 impedit,
1771 2378 1825 2409 sed

1057 2440 1121 2461 non
1136 2432 1265 2469 dirimit,
1281 2436 1316 2462 ut
1328 2436 1437 2463 votum
1452 2432 1605 2472 simplex;
1620 2432 1780 2471 quoddam
1796 2435 1826 2463 et

1057 2485 1200 2524 impedit,
1223 2489 1253 2516 et
1272 2487 1407 2525 dirimit,
1430 2489 1465 2517 nt
1485 2487 1625 2516 solemne
1642 2497 1648 2516 ;
1665 2488 1695 2516 et
1717 2486 1827 2526 incipit

1058 2539 1110 2570 illa
1125 2541 1263 2570 secunda
1281 2550 1354 2580 pars
1376 2540 1419 2570 ibi
1442 2551 1448 2570 :
1473 2540 1642 2571 Sciendum
1657 2547 1727 2572 vero
1742 2539 1826 2579 quod

1057 2620 1066 2634 ³
1085 2620 1139 2644 Hoc
1158 2620 1232 2644 hodie
1258 2627 1311 2644 non
1330 2622 1444 2651 tenetur,
1463 2620 1514 2644 imo
1531 2627 1584 2644 non
1609 2620 1684 2645 debet
1707 2620 1826 2646 Ecclesiae

1058 2656 1170 2686 obedire,
1184 2659 1210 2679 ut
1223 2656 1286 2680 intra
1301 2656 1406 2680 dicetur.
1420 2669 1448 2673 —
1465 2656 1498 2686 (a)
1514 2656 1603 2687 Suppl.
1621 2656 1744 2681 excusari.
