1991 3006
737 222 853 254 LIBER
878 223 1091 253 SECUNDUS.

114 294 165 325 Sic
179 295 324 324 nostrum
338 292 419 323 velle
434 292 542 323 divino
556 301 627 322 rore
642 291 779 330 rigatur,

114 346 198 377 Velle
219 346 304 386 quod
327 345 360 376 in
383 345 484 382 nobis,
510 346 547 375 ad
571 345 651 377 velle
675 345 794 375 bonum
810 353 883 374 mo-

195 401 320 430 veatur.

114 452 215 483 Gratis
229 452 338 491 'prima
360 452 463 490 datur,
488 454 618 491 gratum
640 451 729 489 facit,
752 451 805 482 illa
826 461 883 482 vo-

193 507 293 544 catur,

114 558 182 596 Qua
196 558 331 589 formata
345 558 423 589 fides
437 559 471 588 in
487 558 579 588 nobis
592 557 783 589 inveniatur.

115 612 203 649 Quod
217 612 327 651 praeit,
350 613 380 642 et
399 612 557 651 sequItur‚
574 620 675 641 unum
700 611 820 641 donum
835 619 885 641 re—

192 667 341 705 putatur3

114 718 174 749 Sed
195 718 311 758 duplex
331 720 418 749 aetus
438 718 555 758 duplici
572 719 631 749 sub
650 727 726 749 voce
746 719 882 748 notatur.

114 770 188 801 Esse
203 771 324 801 bonum
342 780 509 810 maguum,
528 771 709 808 minimum,
727 770 884 801 inedIum-

194 833 256 863 que
270 825 398 855 sciatur.

115 876 180 907 Sub
196 877 299 908 medio
309 887 396 916 vero⁷
412 878 538 909 libertas
553 878 760 909 contineatur.

322 983 538 1015 DISTINCTIO
561 983 679 1015 XXVII.

175 1058 246 1090 Quid
257 1060 291 1085 sz‘t
306 1060 392 1086 virtus
403 1080 411 1093 ‚
426 1062 450 1086 et
464 1059 531 1094 quid
544 1061 580 1086 sit
594 1063 687 1091 actus,
702 1060 742 1086 vel
757 1067 830 1094 opus.

147 1136 191 1160 Hie
208 1137 422 1162 considerandum
438 1140 492 1168 est,
508 1146 566 1162 etun
579 1139 730 1169 praedietum
743 1139 788 1169 sit,
805 1140 854 1163 etc.

156 1194 261 1225 Virtus
274 1196 423 1227 informat
437 1197 592 1235 ammam,
611 1197 694 1227 Deus
711 1197 793 1227 banc
808 1206 883 1236 ope-

195 1251 295 1285 ratur,

115 1301 153 1331 Et
177 1302 271 1340 juvat
299 1302 465 1333 arbitrium
481 1327 488 1339 ‚
520 1303 621 1333 bonus
650 1306 737 1334 actus
764 1305 799 1333 ut
828 1302 885 1333 eli-

194 1356 304 1386 eiatur.

116 1408 164 1439 Ex
184 1409 301 1448 quibus
322 1409 496 1449 adjunctis,
513 1410 616 1441 bonus
638 1410 767 1440 effectus
787 1418 885 1448 gene-

194 1464 294 1492 ratur.

115 1514 221 1545 Gratia
234 1524 297 1545 non
314 1516 461 1546 meritum
478 1516 587 1554 fertur,
612 1516 683 1547 lleet
703 1517 763 1547 hae
779 1526 878 1556 gene-

193 1571 294 1599 retur.

114 1621 213 1652 Nemo
228 1622 289 1652 fide
300 1646 308 1659 ,
324 1623 396 1653 fidei
413 1625 519 1654 tamen
533 1626 605 1654 actu
620 1624 752 1663 quisque
779 1633 884 1655 mere-

192 1677 259 1712 tur,

114 1728 141 1758 A
158 1728 266 1759 multis
281 1728 384 1759 vIrtus
397 1729 496 1759 animi
513 1731 617 1760 motus
633 1730 827 1769 perhibetur.

306 1842 524 1874 DISTINCTIO
554 1841 688 1873 XXVIII.
771 1857 785 1871 a

115 1922 245 1949 Praedicta
260 1925 372 1957 repetit,
398 1925 427 1949 ut
443 1924 500 1949 altu
520 1923 618 1957 addat,
634 1924 797 1957 definita-am
817 1926 885 1951 assz'-

150 1968 300 2001 ynatz'orzem
320 1975 421 2002 ponens
440 1968 471 1994 cle
494 1969 587 2001 gratia
606 1970 628 1994 et
653 1969 733 1995 libero
757 1969 884 2000 arbitrio,

150 2014 243 2038 contra
258 2013 426 2046 Pelagianos.

218 2095 242 2117 ld
255 2102 316 2118 vero
329 2095 478 2119 inconcusse
492 2096 517 2118 et
531 2091 715 2125 ineunctanter,
731 2097 779 2119 etc.

157 2156 263 2187 Gratia
275 2166 339 2187 non
356 2157 490 2196 propriis
507 2157 627 2188 meritis
642 2157 747 2195 datur,
762 2160 817 2187 aut
832 2157 886 2187 ad-

198 2210 337 2248 hibetur,

118 2264 195 2301 Quae
210 2264 270 2294 nisi
286 2263 443 2303 praeeedat
455 2287 464 2301 ,
478 2264 585 2294 nullus
610 2272 666 2303 pro
682 2273 772 2303 posse
788 2273 885 2295 mere-

197 2319 258 2347 tur.

329 2387 546 2419 DISTINCTIO
569 2387 672 2419 XXIX.

122 2461 215 2487 Utrum
228 2459 302 2486 homo
317 2463 377 2486 ante
390 2462 526 2495 peccatum
539 2461 638 2493 effueret
649 2462 742 2494 qratia
752 2465 886 2495 operante,

384 2506 407 2530 et
424 2506 586 2539 cooperante.

176 2579 234 2603 Post
243 2578 297 2602 haee
307 2578 517 2603 considerandum
529 2581 567 2602 est
583 2580 667 2603 utrum
676 2579 754 2604 homo
763 2598 771 2610 ,
785 2583 833 2605 ete.

161 2636 263 2667 Gratia
279 2636 305 2666 si
320 2636 398 2667 desit
410 2660 419 2675 ‚
443 2646 499 2667 uec
514 2636 616 2668 Adam
629 2637 806 2678 quidquam
822 2647 886 2670 me-

200 2691 315 2721 ruisset
326 2713 335 2728 ,

1653 227 1711 255 639

939 290 1020 320 Ante
1037 298 1133 320 suum
1149 289 1285 328 lapsum,
1303 297 1377 320 cum
1393 289 1524 320 virtutes
1538 289 1712 322 habuisset.

942 343 997 373 Hie
1013 342 1067 372 ubi
1083 341 1241 382 peccavit,
1258 342 1430 373 virtutibus
1445 342 1632 382 expoliatur,

939 395 977 426 Et
992 404 1068 425 mox
1084 395 1121 425 de
1137 394 1237 425 duleis
1253 395 1390 434 paradisi
1405 395 1476 426 sede
1490 395 1631 434 fugatur.

941 449 1046 489 Hujus
1062 449 1095 479 in
1111 448 1257 485 introitu,
1274 448 1444 479 Cherubim
1460 449 1650 489 gladiusque
1665 450 1711 481 lo-

1023 505 1123 534 catur.

942 557 996 587 His
1011 565 1101 587 amor
1116 558 1146 587 et
1161 565 1300 596 praesens
1319 556 1482 587 tribulatio
1497 557 1707 596 significetur,

941 611 1068 650 Absque
1083 610 1199 649 quibus
1215 609 1385 649 quisquam
1404 610 1546 649 requiem
1571 620 1635 641 non
1659 611 1712 640 in—

1021 663 1195 702 gredietur.

942 716 995 747 Usi
1012 717 1037 747 si
1052 717 1142 756 IIgno
1157 716 1232 747 vitae
1250 724 1389 755 persaepe
1404 715 1553 754 fuissent,

943 769 1068 800 Viribus
1084 772 1114 800 et
1128 770 1194 800 vita
1208 769 1356 808 longaeva
1370 769 1440 809 plus
1456 769 1654 807 viguissent,

943 823 1025 854 Raro
1039 824 1252 863 sumpserunt,
1267 822 1422 862 citiusque
1432 822 1515 852 mori
1529 824 1713 862 potueruut.

1164 934 1380 966 DISTINCTIO
1404 933 1494 965 XXX.

989 1011 1065 1044 Quod
1077 1019 1126 1046 per
1140 1011 1230 1038 Adam
1244 1013 1381 1046 peccatum
1396 1013 1420 1037 et
1432 1018 1513 1045 poena
1528 1012 1626 1038 transit
1641 1012 1670 1037 z'n

1259 1057 1389 1090 posteros.

1037 1137 1063 1159 tn
1078 1135 1250 1166 superioribus
1264 1135 1418 1159 insinuatum
1433 1137 1477 1164 est,
1494 1135 1559 1165 lieet,
1573 1137 1621 1159 ete.

982 1199 1059 1230 Adae
1076 1200 1201 1238 peccato
1212 1208 1316 1237 genus
1324 1198 1503 1229 humanum
1521 1197 1713 1228 maculatur.

942 1252 1101 1292 Culpaque
1116 1251 1248 1289 dicatur,
1266 1251 1317 1282 lex
1330 1252 1432 1282 carnis
1445 1254 1475 1282 et
1490 1252 1558 1291 ipsa
1570 1253 1712 1282 vocatur.

942 1305 997 1336 Illa
1010 1307 1173 1344 resurget,
1189 1307 1219 1335 et
1234 1305 1267 1334 in
1283 1305 1370 1335 coelis
1385 1313 1456 1334 earo
1473 1304 1681 1343 glorificatur,

943 1360 1018 1398 Quae
1034 1361 1124 1391 nobis
1145 1360 1184 1390 ab
1207 1360 1308 1391 Adam
1330 1360 1436 1390 solum
1461 1360 1620 1390 transfusa
1642 1368 1714 1399 pro-

1022 1414 1126 1451 batur,

940 1467 1009 1497 Non
1025 1476 1097 1506 quae
1108 1466 1247 1506 quotidie
1262 1466 1378 1502 refluit,
1396 1466 1466 1496 ssuit
1481 1468 1511 1496 et
1532 1467 1714 1504 vegetatur.

942 1521 1007 1551 Hoc
1022 1523 1127 1550 tamen
1144 1530 1162 1549 a
1176 1519 1284 1550 multis
1299 1521 1383 1549 recta
1398 1519 1520 1549 rat‘10ne
1534 1521 1674 1558 negatur
1691 1530 1697 1548 :

942 1574 984 1605 De
1000 1574 1198 1604 nutrimento
1213 1573 1380 1603 transfusae
1397 1572 1473 1612 quid
1487 1571 1651 1603 solidatur.

1162 1686 1380 1718 DlsTlNCTIO
1402 1685 1495 1717 XXXI

946 1768 1002 1800 Quo
1014 1767 1088 1794 modo
1103 1769 1239 1801 peccatum
1255 1767 1388 1799 orz‘flz'nale
1405 1775 1421 1792 α
1433 1766 1587 1801 parentibus
1602 1768 1717 1793 transeat

979 1812 1015 1839 ad
1033 1812 1122 1846 filios,
1143 1820 1179 1838 αη
1198 1811 1339 1837 secundum
1361 1811 1497 1843 animamy
1521 1818 1556 1836 cm
1578 1810 1718 1836 secundum

979 1864 1084 1891 corpus,
1100 1864 1135 1883 cm
1150 1855 1289 1882 secundum
1302 1857 1450 1889 utrumque.

1005 1939 1076 1961 Nune
1096 1939 1211 1968 superest
1226 1937 1376 1967 investigare
1399 1936 1506 1967 qualiter
1523 1935 1592 1966 illud,
1606 1936 1653 1959 etc.

984 1999 1044 2030 Per
1058 2000 1173 2030 coitum
1191 2009 1263 2030 earo
1282 2008 1346 2030 non
1362 1999 1484 2029 licitum
1506 2007 1635 2038 prorsus
1659 2006 1715 2037 ge-

1022 2055 1164 2083 neratur.

944 2106 1121 2137 Adveniens
1136 2105 1261 2143 amma,
1277 2106 1380 2136 earnis
1396 2105 1472 2135 vitio
1485 2104 1625 2134 vltiatur.

945 2159 996 2190 Sic
1010 2159 1043 2189 iu
1060 2169 1133 2189 vase
1149 2158 1243 2197 malo,
1260 2158 1373 2189 vinum
1389 2166 1507 2197 purum
1523 2156 1712 2187 maculatur.

944 2211 1003 2242 Per
1018 2212 1174 2251 baptisma
1193 2214 1320 2251 patrum
1332 2235 1339 2249 ‚
1361 2210 1463 2251 proles
1478 2219 1542 2240 nou
1559 2209 1712 2241 mundifi-

1024 2267 1124 2295 catur.

1151 2347 1372 2379 DISTINCTIO
1394 2347 1513 2379 XXXII.

948 2420 1080 2452 Quomodo
1099 2419 1232 2452 ortqz'rzale
1256 2420 1394 2453 peccatum
1418 2418 1572 2444 dimittatur
1598 2418 1628 2443 in
1653 2417 1717 2450 bap-

983 2465 1076 2496 tismo,
1094 2471 1150 2489 cum
1170 2465 1269 2497 etpost
1286 2464 1321 2489 sit
1343 2463 1395 2489 illa
1415 2462 1640 2496 concupiscentia,
1660 2468 1717 2494 quae

981 2509 1082 2535 dicitur
1096 2508 1230 2541 originale
1241 2508 1387 2541 peccatum.

1039 2581 1163 2609 Quoniam
1180 2580 1351 2611 supradictum
1367 2581 1405 2603 est
1419 2578 1540 2609 originale
1551 2597 1559 2608 ,
1574 2579 1622 2603 etc.

986 2638 1064 2668 Cum
1078 2638 1253 2678 baptizatur
1267 2638 1364 2668 homo
1375 2660 1383 2674 ,
1404 2636 1504 2667 fomes
1518 2635 1711 2674 debilitatur,

946 2691 1081 2731 Spiritus
1098 2691 1229 2722 interior
1246 2701 1264 2721 a
1279 2690 1373 2729 culpa
1387 2689 1622 2720 mundificetur.
