1991 3006
221 189 279 219 458

218 254 302 294 quod
317 255 382 283 erat
393 253 424 281 in
437 250 569 281 materia
583 259 590 280 ε
605 253 635 281 et
651 250 727 281 illud
741 249 824 290 quod
840 248 988 279 inssuitur

217 316 237 337 a
251 308 338 346 parte
351 304 491 343 agentis,
512 304 548 334 fit
561 303 681 343 aliquid
695 304 734 333 de
751 302 906 341 completo
920 311 987 332 esse

217 360 314 399 ipsius
336 357 503 398 producti:
521 359 550 387 et
575 356 644 387 ideo
668 365 792 387 necesse
814 357 877 390 est,
903 354 986 394 quod

218 414 332 442 natura
347 411 398 441 det
412 410 529 449 aliquid
544 410 617 440 novi
631 411 786 449 quantum
802 407 841 437 ad
856 407 986 437 modum

216 464 338 496 essendi
353 462 609 500 substantialem,
628 463 683 502 qui
698 465 744 492 cst
761 470 828 491 esse
848 460 880 490 in
901 462 984 490 actu.

217 517 366 554 Quamvis
381 516 466 547 enim
482 518 596 546 natura
610 525 673 545 non
686 515 736 545 det
752 523 868 544 novam
883 522 986 543 essen-

215 571 312 608 tiam,
334 569 386 599 dat
409 571 514 599 tamen
536 577 656 599 novum
686 567 816 598 modum
840 566 982 604 essendi,

217 632 281 654 non
295 624 421 653 tantum
436 621 680 658 accidentalem,
704 621 769 650 imo
789 620 883 649 etiam
908 619 984 649 sub-

215 676 408 712 stantialem,
437 675 520 705 sicut
543 684 610 705 esse
636 674 667 703 in
694 675 785 710 actu,
809 672 985 702 secundum

214 738 309 770 quem
329 731 429 769 potest
454 738 503 758 res
523 727 770 758 substantialiter
797 725 982 762 numerari,

214 785 243 814 et
258 782 462 813 diversificari
481 792 487 812 z
505 783 533 811 ct
560 782 723 820 propterea
752 782 867 809 natura
880 802 888 816 ,
912 787 985 808 cum

214 838 355 876 reparat,
381 844 444 865 non
466 834 568 871 idem,
591 833 642 863 sed
664 842 785 863 novum
804 832 950 872 producit
976 843 982 862 :

215 889 268 920 sed
285 889 365 919 Deus
380 889 433 928 qui
450 889 551 927 potest
566 887 649 926 ipsas
665 885 801 916 rationes
815 884 987 915 seminales

214 942 281 972 sine
295 941 462 972 emissione
485 940 620 979 alicujiis
646 939 719 969 novi
747 938 785 969 ad
811 938 984 977 perfectum

215 1004 282 1026 esse
296 994 465 1031 deducere,
483 995 582 1033 potest
601 993 701 1023 facere
716 992 800 1031 quod
814 992 852 1021 sit
870 991 954 1022 idem
972 1002 978 1021 ε

214 1052 245 1080 et
259 1049 302 1080 sic
316 1049 389 1079 facit
403 1049 434 1079 in
451 1047 610 1087 proposito
622 1071 631 1084 ,
656 1046 732 1086 quia
748 1055 787 1076 ex
807 1045 868 1075 illis
893 1045 982 1081 solis,

215 1104 246 1133 et
273 1110 328 1142 per
351 1101 498 1131 eumdem
527 1100 671 1130 ordinem
700 1099 733 1129 in
763 1098 985 1128 reformatione

213 1164 282 1186 rem
296 1154 455 1186 constituit
472 1163 511 1184 ex
529 1152 644 1193 quibus
665 1153 732 1182 erat
753 1155 836 1181 ante.
853 1150 941 1180 Unde
961 1150 985 1180 si

215 1208 323 1239 omnia
345 1207 500 1238 elementa
529 1206 756 1236 convertantur
787 1204 817 1233 in
842 1203 952 1242 ignem
975 1227 983 1241 ,

214 1261 296 1292 Deus
307 1269 348 1291 ex
360 1260 414 1290 illo
429 1260 504 1298 igne
521 1259 671 1289 reformat
685 1257 795 1287 eadem
811 1257 983 1294 elementa,

215 1323 287 1354 quae
302 1313 347 1343 ibi
361 1315 450 1343 erant
465 1312 498 1342 in
513 1311 688 1341 rationibus
707 1309 931 1346 seminalibus,
957 1311 987 1339 et

214 1376 254 1398 ex
263 1366 323 1396 illis
334 1366 468 1396 formam
479 1363 582 1394 carnis
594 1372 649 1402 per
661 1362 810 1393 eumdem
820 1362 983 1392 ordinem:

215 1423 246 1451 et
271 1419 315 1450 sic
339 1421 448 1459 patet,
475 1417 559 1457 quod
583 1416 664 1447 Deus
687 1417 789 1456 potest
812 1416 987 1446 reformare

216 1473 298 1504 idem
325 1481 439 1512 corpus
461 1470 637 1502 secundum
661 1479 833 1500 numerum
853 1480 859 1500 :
884 1472 914 1500 et
943 1470 987 1500 sic

216 1527 317 1567 potest
331 1525 391 1556 dici
406 1525 445 1555 ad
462 1532 611 1563 praesens.

258 1582 271 1610 1
291 1582 322 1609 et
336 1581 366 1609 ΕΞ.
391 1578 439 1608 Ad
458 1577 535 1607 illud
559 1575 643 1615 quod
667 1575 816 1615 objicitur
837 1575 940 1615 primo
957 1577 985 1606 et

217 1632 373 1669 seeundo,
387 1631 455 1670 jam
477 1631 561 1669 patet
575 1629 755 1667 responsio,
776 1628 851 1667 quia
872 1637 984 1667 quam-

217 1685 266 1716 vis
281 1684 363 1715 istud
379 1684 419 1713 sit
431 1682 623 1722 impossibile
639 1681 747 1720 agenti
763 1680 903 1711 inferiori
914 1704 923 1718 ,
941 1683 987 1710 est

217 1740 323 1768 tamen
352 1735 497 1776 possibile
522 1734 632 1773 agenti
660 1733 843 1773 superiori,
871 1733 987 1764 scilicet

215 1791 273 1830 ipsi
284 1790 346 1820 Deo
360 1801 366 1820 ;
382 1792 412 1820 et
428 1797 526 1828 quare
538 1788 629 1817 istam
644 1786 816 1826 potentiam
829 1796 893 1817 uon
904 1796 986 1817 coin-

215 1844 357 1874 municat
386 1843 467 1873 Deus
489 1843 642 1871 creaturae
659 1865 666 1877 ,
686 1842 791 1879 patet:
812 1840 887 1879 quia
900 1840 988 1870 nulla

213 1898 358 1926 creatura
372 1896 439 1935 agit
461 1904 502 1925 ex
521 1894 642 1934 seipsa,
663 1894 717 1924 sed
733 1903 788 1933 per
803 1893 922 1933 aliquid
938 1893 987 1923 sui

213 1949 413 1979 immittendo
429 1948 592 1985 virtutem,
609 1947 691 1977 sicut
705 1948 734 1976 et
750 1946 835 1976 color
847 1970 854 1983 ,
874 1946 912 1976 ad
928 1946 987 1976 hoc

214 2002 299 2042 quod
321 2002 468 2032 immutet
486 2001 610 2037 visum,
634 1999 705 2029 facit
727 1999 863 2038 speciem
887 1998 936 2028 sui
954 1998 987 2028 in

215 2055 317 2085 medio
335 2065 341 2085 z
359 2054 444 2084 unde
464 2053 531 2092 agit
554 2062 609 2092 per
627 2051 748 2091 aliquid
772 2051 986 2082 extrinsecum

214 2107 247 2137 in
271 2107 473 2137 extrinseco:
504 2115 567 2136 non
602 2106 646 2135 sic
676 2104 767 2135 Deus.
786 2104 850 2135 IIoc
878 2106 985 2135 autem

214 2160 283 2191 dico
296 2161 334 2191 de
348 2160 531 2200 operatione
549 2158 697 2189 naturali.

257 2215 285 2243 3.
303 2213 350 2244 Ad
370 2213 448 2243 illud
471 2211 555 2252 quod
580 2211 729 2251 objicitur
752 2210 790 2241 de
812 2210 937 2240 mortali
957 2212 987 2241 et

216 2267 404 2303 immortali,
419 2266 586 2297 dicendum
606 2265 688 2305 quod
699 2289 708 2303 ‚
725 2265 877 2304 quidquid
894 2265 935 2294 sit
950 2265 988 2295 de

218 2319 357 2355 mortali,
376 2321 484 2349 utrum
497 2318 536 2348 sit
550 2318 741 2355 differentia,
756 2320 811 2348 aut
825 2327 899 2355 non,
913 2318 988 2357 quia

217 2382 281 2404 non
296 2374 343 2403 est
366 2371 532 2411 praesentis
553 2371 831 2408 considerationis,
845 2380 917 2401 cum
935 2380 986 2401 ra-

218 2426 321 2457 tiones
335 2425 374 2455 ad
389 2426 558 2464 utramque
578 2427 700 2464 partem
717 2424 796 2462 sint,
810 2424 885 2463 quia
898 2424 988 2454 vide-

218 2483 270 2511 tur
295 2479 399 2511 dicere
419 2478 574 2509 detectum
600 2480 630 2507 et
650 2477 938 2516 imperfectionem,
958 2479 989 2507 et

218 2542 282 2564 non
308 2532 404 2562 habet
432 2531 642 2562 differentiam
670 2530 703 2560 in
731 2530 842 2560 eodem
870 2539 988 2568 genere

219 2584 490 2621 condividentem,
512 2585 543 2613 et
566 2582 627 2613 alia
658 2582 766 2622 plura;
792 2584 899 2612 tamen
929 2583 989 2614 hoc

221 2638 339 2678 absque
364 2636 522 2668 calumnia
544 2644 658 2667 verum
674 2637 737 2673 est,
754 2635 838 2675 quod
856 2636 988 2667 mortale

769 181 1078 215 SENTENTIARUM
1098 183 1174 215 LIB.
1200 183 1249 215 lV.

1042 249 1205 288 tripliciter
1228 251 1401 290 accipitur:
1420 260 1485 282 uno
1506 252 1599 283 modo
1622 253 1698 283 dicit
1711 256 1808 286 natu-

1041 303 1138 333 rali-m
1151 304 1358 343 aptitudinem
1367 306 1403 336 ad
1412 305 1622 343 moriendum,
1631 306 1692 337 alio
1703 307 1807 345 modo,

1041 357 1277 396 possibilitatem
1297 358 1336 388 ad
1351 359 1568 396 nioriendum;
1589 359 1681 390 tertio
1703 360 1807 398 modo,

1041 410 1268 441 necessitatem.
1286 411 1323 441 Et
1338 411 1440 451 primo
1459 412 1588 451 quidem
1607 412 1701 442 modo
1723 421 1809 443 mor—-

1040 462 1100 493 tale
1115 464 1194 494 inest
1208 464 1330 494 homini
1344 474 1380 494 ea
1395 465 1532 502 ratione,
1550 474 1612 504 qua
1631 467 1676 495 est
1690 465 1809 505 aliquid

1040 517 1249 555 compositum
1263 527 1300 547 ex
1316 518 1460 557 partibus
1474 517 1705 557 heterogeneis.
1721 517 1809 549 Unde

1041 568 1196 600 Hilarius:
1217 582 1230 598 a
1246 570 1313 601 Non
1328 580 1366 601 cx
1378 571 1558 611 compositis
1571 574 1616 601 est
1631 571 1722 608 Deus,
1734 571 1809 611 quia

1040 622 1106 652 vita
1120 624 1177 653 est.
1194 635 1208 650 »
1224 624 1255 653 Si
1269 633 1349 663 ergo
1364 624 1459 654 homo
1473 627 1519 654 est
1534 633 1574 654 ex
1589 623 1770 664 compositis
1779 625 1810 654 et

1040 674 1274 714 heim-ogerius,
1288 680 1317 706 et
1333 677 1464 707 diversis
1478 677 1600 707 naturis
1615 701 1621 714 ,
1637 679 1667 707 et
1681 676 1810 716 disposi-

1040 728 1197 766 tionibus,
1211 729 1403 768 impossibile
1419 731 1465 759 est
1483 729 1566 768 quod
1582 729 1679 759 vitam
1694 729 1809 760 habeat

1039 781 1098 811 nisi
1122 791 1194 812 cum
1208 782 1381 820 aptitudine
1397 782 1435 812 ad
1451 782 1650 812 moriendum
1664 794 1671 819 ;
1689 783 1719 812 et
1729 782 1810 812 sicut

1040 835 1108 864 talis
1124 835 1309 875 compositio
1328 838 1375 865 est
1397 835 1518 866 homini
1537 835 1702 872 naturam,
1720 834 1764 865 ita
1778 823 1810 865 et

1040 888 1171 918 mortale
1199 900 1205 918 z
1229 890 1260 918 et
1281 888 1340 918 hoc
1358 888 1451 919 modo
1473 888 1653 927 accipiendo
1677 887 1810 918 mortale

1039 943 1148 971 contra
1168 941 1361 974 immortale,
1383 950 1548 980 nunquam
1568 942 1760 971 concurrunt
1777 940 1810 970 in

1041 994 1122 1024 idem
1137 1005 1143 1031 3
1159 994 1201 1024 sie
1217 1004 1274 1024 nec
1283 994 1445 1034 spirltuale
1459 996 1513 1024 aut
1525 993 1671 1034 simplex,
1687 995 1717 1023 et
1727 1001 1810 1023 com-

1040 1048 1176 1086 positum
1195 1059 1201 1077 z
1219 1051 1249 1078 et
1268 1048 1294 1077 si
1310 1048 1416 1087 aliquo
1437 1048 1530 1078 modo
1545 1050 1589 1077 est
1613 1046 1807 1084 differentia,

1040 1101 1098 1131 isto
1111 1101 1203 1131 modo
1219 1103 1265 1131 est
1280 1110 1342 1131 non
1358 1101 1501 1131 dividens
1515 1100 1650 1137 animal,
1668 1099 1721 1130 sed
1737 1099 1810 1130 sub-

1040 1154 1186 1183 stantiam
1202 1154 1374 1191 vivcntem,
1392 1154 1440 1192 cuj
1448 1163 1484 1183 us
1499 1162 1564 1183 una
1575 1152 1752 1183 differentia
1763 1154 1810 1182 est

1040 1206 1234 1243 immortale,
1257 1208 1287 1235 et
1309 1214 1365 1245 per
1383 1205 1564 1244 oppositum
1586 1203 1729 1235 mortale.
1752 1202 1811 1234 Se-

1040 1259 1144 1289 cundo
1161 1259 1253 1289 modo
1267 1258 1399 1288 mortale
1413 1258 1493 1288 inest
1507 1257 1630 1288 homini
1645 1266 1682 1287 eo
1698 1256 1808 1295 modo,

1040 1322 1103 1352 qno
1119 1314 1163 1342 est
1183 1311 1257 1350 quid
1279 1311 1489 1350 compositum
1504 1320 1544 1341 ex
1564 1310 1706 1350 partibus
1722 1309 1811 1340 hete-

1041 1365 1190 1403 rogcneis
1213 1364 1405 1394 habentibus
1425 1364 1706 1401 tlefectibilitatem,
1729 1362 1811 1393 sieut

1040 1422 1072 1452 in
1095 1417 1198 1457 primo
1216 1417 1346 1447 homine
1370 1417 1426 1456 qui
1446 1416 1582 1446 habebat
1605 1417 1722 1446 statum
1745 1415 1811 1445 ani-

1041 1473 1156 1502 malem
1185 1483 1192 1503 1
1222 1475 1253 1502 et
1281 1472 1341 1502 hoc
1371 1471 1465 1502 modo
1493 1472 1568 1502 dicit
1596 1473 1714 1501 statum
1742 1479 1809 1500 me-

1041 1526 1129 1556 dium
1152 1525 1234 1555 inter
1263 1525 1444 1562 miseriam,
1469 1526 1499 1554 et
1527 1524 1675 1563 gloriam.
1705 1522 1811 1553 Tertio

1042 1578 1134 1609 modo
1150 1580 1283 1608 mortate
1298 1579 1379 1608 inest
1389 1578 1483 1608 alicui
1494 1577 1615 1608 viventi
1631 1586 1667 1606 ea
1677 1576 1809 1614 ratione,

1041 1640 1105 1670 qua
1132 1631 1244 1661 vivens
1269 1633 1315 1660 est
1341 1630 1551 1669 compositum
1578 1639 1619 1659 ex
1646 1629 1812 1659 contrariis

1041 1684 1230 1714 habentibus
1248 1683 1533 1720 (lcsectibilitatem,
1556 1684 1586 1712 et
1610 1690 1753 1721 pugnam
1772 1681 1812 1711 ad

1042 1737 1194 1773 invicem,
1217 1739 1247 1766 et
1266 1736 1309 1765 sic
1332 1736 1413 1765 inest
1432 1735 1555 1765 homini
1579 1734 1666 1774 lapso
1683 1745 1689 1765 :
1707 1736 1737 1764 et
1752 1733 1812 1764 hoc

1041 1790 1135 1820 mollo
1158 1789 1232 1819 dicit
1256 1791 1372 1819 statum
1395 1788 1532 1819 miseriae
1550 1812 1558 1826 ,
1585 1791 1616 1817 et
1634 1787 1813 1818 immortale

1043 1843 1091 1873 liis
1105 1843 1286 1882 oppositum
1306 1842 1381 1872 dicit
1402 1841 1503 1872 alium
1523 1843 1641 1871 statum
1660 1850 1666 1869 :
1688 1842 1719 1870 et
1733 1848 1812 1879 quo-

1041 1896 1092 1926 nia
1098 1906 1127 1926 m
1138 1898 1239 1925 status
1250 1895 1367 1925 mutari
1380 1897 1491 1934 potest,
1501 1894 1623 1924 unitate
1637 1892 1812 1923 secundum

1042 1958 1215 1979 numerum
1243 1949 1427 1978 remanente
1443 1971 1452 1985 ,
1480 1947 1554 1977 hinc
1584 1947 1631 1976 est
1658 1945 1743 1985 quod
1773 1953 1814 1976 ex

1043 2001 1168 2031 mortali
1193 2001 1369 2031 secundum
1393 2000 1478 2030 hunc
1503 1998 1659 2039 duplicem
1682 1997 1813 2028 modum

1042 2055 1078 2084 fit
1092 2054 1270 2084 immortale
1287 2053 1354 2082 sine
1369 2053 1551 2083 diversitate
1566 2051 1748 2082 substantiae
1763 2062 1769 2082 :
1784 2053 1815 2082 et

1043 2107 1101 2137 boc
1117 2107 1209 2137 modo
1232 2107 1267 2136 fit
1289 2106 1322 2136 in
1339 2105 1466 2135 homine
1483 2104 1680 2143 glorificato,
1697 2103 1753 2144 qui
1767 2105 1813 2134 est

1043 2160 1184 2190 mortalis
1198 2159 1301 2199 primo
1318 2158 1422 2195 modo,
1439 2157 1555 2187 scilicet
1569 2156 1747 2187 secundum
1761 2164 1815 2186 na-

1042 2213 1178 2243 turalem
1190 2212 1418 2252 aptitudinem3
1435 2210 1489 2241 sed
1503 2209 1702 2246 immortalis,
1719 2210 1815 2249 prout

1042 2266 1115 2296 dicit
1132 2265 1343 2305 privationem
1360 2263 1508 2303 potentiae
1525 2265 1554 2293 et
1568 2261 1772 2292 necessitatis.

1083 2320 1112 2348 4.
1134 2318 1182 2348 Ad
1204 2318 1283 2348 illud
1302 2317 1387 2357 quod
1403 2316 1516 2346 ultimo
1536 2314 1712 2354 objicitur¹‚
1729 2313 1815 2353 quod

1043 2372 1177 2402 diversae
1196 2373 1272 2401 sunt
1296 2370 1494 2410 operationes
1510 2392 1519 2406 ,
1543 2367 1711 2399 dicendum
1730 2366 1814 2406 quod

1043 2424 1177 2455 diversae
1205 2423 1402 2463 operationes
1422 2422 1563 2453 diversos
1577 2421 1706 2451 effectus
1720 2419 1812 2451 indu-

1043 2478 1130 2513 cunt,
1141 2477 1268 2516 quando
1283 2476 1428 2507 dividunt
1438 2484 1478 2506 ex
1490 2483 1583 2514 aequo
1599 2483 1607 2504 z
1625 2473 1679 2504 sed
1686 2472 1814 2513 quando

1044 2530 1087 2560 sic
1107 2531 1172 2566 est,
1190 2529 1275 2569 quod
1291 2538 1354 2559 una
1375 2528 1414 2559 ad
1429 2528 1561 2558 alteram
1576 2526 1743 2557 ordinatur
1757 2549 1765 2563 ,
1783 2526 1814 2556 et

1044 2585 1090 2613 est
1107 2582 1286 2622 reparativa
1304 2582 1434 2612 effectus
1457 2580 1603 2616 alterius;
1630 2579 1657 2609 si
1675 2577 1813 2610 secunda

1077 2646 1082 2659 “
1095 2645 1131 2670 Ex
1147 2644 1234 2676 Arist„
1249 2645 1334 2675 Phys„
1348 2643 1392 2668 lib.
1409 2643 1440 2667 lV
1455 2644 1481 2667 et
1495 2643 1525 2673 V,
1541 2643 1607 2667 cont.
1626 2642 1653 2666 ¹8
1668 2642 1694 2665 et
1705 2641 1744 2666 ⁴8.
