1991 3006
49 1453 153 1474 Fundam.

652 196 748 228 DIST.
772 196 861 227 XLII.
886 196 976 227 ART.
999 195 1052 226 III.
1076 195 1227 230 oUAEST.
1252 196 1288 226 ΙΙ.

169 265 286 305 duplex
302 266 539 296 matrimonium
554 274 618 296 non
628 267 674 295 est
690 265 820 299 bonum,
833 263 936 293 dicen—

169 318 246 348 dum
267 318 352 358 quod
374 318 450 348 illud
474 317 717 356 intelligendum
740 319 787 347 est
810 316 878 346 sic:
905 315 935 345 id

169 374 231 406 est,
247 380 310 401 non
325 373 371 401 est
387 370 582 400 honorabile.

209 428 238 455 3.
254 424 301 454 Ad
321 423 398 454 illud
418 423 501 462 quod
520 423 679 462 objicitur⁷
703 423 786 462 quod
807 422 936 462 punitur

168 486 261 517 poena
284 476 545 515 irregularitatis,
571 476 740 506 dicendum
767 475 850 515 quod
872 484 936 505 non

167 538 258 569 posse
280 529 448 559 ascendere
472 529 510 559 ad
533 538 636 559 sacros
659 529 785 559 ordines
806 537 871 558 non
892 530 937 557 est

168 591 277 622 poena,
295 582 369 622 quia
382 582 477 612 etiam
492 591 548 612 nec
568 584 692 619 mutus,
709 581 759 612 vel
774 581 938 612 mutilatus

168 635 370 673 naturaliter,
398 637 498 674 potest
526 635 710 672 ascendere;
747 644 804 665 nec
830 636 937 664 tamen

167 689 228 719 hoc
242 691 287 719 est
309 689 337 718 ei
355 688 388 718 in
402 697 527 727 poenam
538 711 545 724 ‚
569 688 623 718 sed
643 687 716 727 quia
731 696 794 717 non
810 689 855 717 est
870 687 935 717 ido·

166 751 255 772 neus

208 797 237 825 4.
254 795 301 825 Ad
315 795 392 825 illud
410 794 494 834 quod
508 794 670 833 objicitur,
687 793 772 833 quod
788 802 852 823 non
867 793 939 823 licet

168 849 274 889 plures
300 849 417 879 habere
443 849 554 886 simul³
578 848 745 879 (licendum
769 848 853 887 quod
874 857 938 878 non

168 905 214 933 est
228 902 342 938 simile,
359 902 434 941 quia
448 902 517 932 viro
530 902 656 931 vivente
672 901 786 931 mulier
801 910 866 931 non
882 901 938 931 ha-

169 956 221 986 bet
234 957 421 995 potestatem
437 955 486 984 sui
502 955 656 994 corporis,
678 963 734 984 nec
754 963 770 984 e
787 963 939 985 converso

168 1009 218 1038 vir
232 1009 358 1038 vivente
374 1007 523 1044 mullei-(33
541 1010 570 1037 et
582 1007 650 1037 ideo
663 1016 726 1037 non
739 1010 838 1047 potest
848 1008 939 1037 alteri

167 1062 241 1092 dare
254 1071 260 1098 ;
278 1064 307 1091 et
323 1062 350 1090 si
366 1061 429 1097 dat,
448 1063 556 1090 contra
567 1061 620 1099 jus
633 1061 704 1090 facit
720 1072 726 1090 :
744 1061 797 1091 sed
813 1063 939 1091 mortua

167 1123 266 1145 uxore
291 1114 410 1144 solutus
431 1116 476 1144 est
495 1114 555 1151 vir,
580 1116 609 1144 et
632 1114 702 1144 ideo
723 1114 810 1151 licet,
830 1117 860 1145 et
874 1124 939 1145 non

167 1169 284 1206 peccat.

430 1255 612 1293 QUAESTIO
635 1256 673 1286 Π.

248 1347 292 1373 An
307 1346 425 1373 secundae
437 1347 538 1380 naptz’ae
552 1346 608 1372 sint
623 1346 826 1372 sacramentales
840 1347 857 1371 ¹.

211 1434 321 1465 Utrum
346 1434 494 1465 secundae
521 1434 641 1474 nuptiae
667 1435 730 1464 sint
759 1443 938 1465 sacramen-

168 1487 261 1525 tales,
278 1488 344 1517 sive
364 1487 498 1517 habeant
514 1487 669 1517 rationem
691 1488 892 1525 sacramenti3
909 1490 940 1518 et

169 1540 250 1580 quod
267 1540 322 1577 sic,
338 1529 475 1577 videtur,
493 1540 568 1580 quia
582 1543 816 1570 sacramentum
834 1541 941 1570 matri-

168 1594 267 1624 monii
281 1594 376 1624 efficit
389 1602 562 1624 consensus
576 1593 758 1623 animorum
769 1602 938 1632 expressus

169 1656 224 1687 per
244 1647 342 1678 verba
364 1647 522 1677 exteriora
543 1647 624 1677 inter
647 1646 805 1685 legitimas
832 1656 938 1685 perso—

168 1710 225 1730 nas
242 1700 317 1730 :sed
340 1699 410 1730 talis
434 1702 480 1730 est
503 1700 536 1730 in
560 1700 705 1730 secundis
727 1699 868 1739 nuptiis:
889 1709 938 1730 er-

169 1762 226 1792 go,
251 1755 310 1783 etc.
332 1752 419 1790 Quod
442 1753 510 1783 istae
528 1762 671 1792 personae
692 1753 754 1782 sint
773 1753 938 1792 legitimae,

170 1806 330 1846 probatur,
347 1806 421 1845 qula
436 1805 524 1836 nullo
533 1807 606 1845 jure
620 1816 639 1836 a
651 1806 855 1836 matrimonio
872 1815 941 1845 pro-

168 1859 328 1890 hibentur.

209 1911 287 1942 Item
304 1912 405 1941 coitus
419 1914 587 1942 excusatur
602 1912 634 1941 in
649 1912 793 1942 secundis
808 1912 938 1951 nuptiis,

168 1964 308 2003 alioquin
323 1973 387 1994 non
407 1964 589 1995 concederet
608 1974 660 1995 eas
683 1965 869 2004 Apostolus:
887 1965 941 1995 sed

168 2017 269 2048 coitus
282 2018 315 2047 in
333 2017 534 2048 matrimonio
550 2020 721 2048 excusatur
734 2018 856 2048 ratione
873 2028 938 2048 me-

168 2070 279 2100 dicinae
294 2070 546 2101 sacramentalis:
563 2080 652 2110 ergo,
670 2073 728 2101 etc.

207 2122 282 2153 Item
300 2123 446 2153 seeundae
467 2123 587 2163 nuptiae
608 2126 682 2154 sunt
702 2125 938 2164 inseparabiles,

167 2177 246 2207 sicut
261 2178 290 2206 et
305 2176 432 2216 primae:
452 2177 505 2207 sed
520 2177 769 2216 inseparabilitas
784 2178 816 2208 in
834 2178 940 2208 matri-

167 2229 274 2260 monio
296 2238 361 2259 non
380 2230 466 2259 venit
485 2239 525 2259 ex
545 2232 633 2269 parte
652 2230 745 2261 bonae
768 2231 858 2268 fidei,
883 2240 940 2261 nec

167 2282 262 2322 prolis
278 2293 285 2312 :
303 2291 381 2321 ergo
396 2291 436 2312 ex
454 2285 542 2322 parte
562 2283 651 2321 boni,
670 2284 755 2323 quod
772 2286 817 2314 est
831 2293 939 2314 sacra-

167 2339 322 2368 mentum.

207 2391 294 2429 Item,
311 2391 368 2430 qui
383 2391 544 2430 cognoscit
559 2392 729 2422 secundam
743 2393 827 2423 coitu
843 2393 940 2423 sorni—

167 2444 261 2481 cario,
286 2453 350 2475 non
373 2444 507 2474 efficitur
526 2445 728 2484 irregularis3
753 2445 807 2484 qui
831 2448 938 2476 autem

167 2497 337 2528 secundam
351 2497 524 2536 cognoscit,
541 2506 613 2527 cum
629 2506 694 2536 qua
706 2498 875 2535 contraxit,
892 2498 938 2527 ef-

167 2550 270 2580 ficitur
299 2549 485 2588 irregularis
502 2560 508 2579 ε
538 2558 616 2588 ergo
647 2549 782 2589 amplior
811 2553 857 2580 est
885 2551 939 2581 hie

199 2631 204 2644 ¹
221 2629 260 2659 Cf.
279 2630 304 2653 S.
318 2629 418 2658 Thom.‚
429 2628 455 2652 in
470 2629 558 2660 Suppl.
569 2636 593 2660 p.
613 2630 659 2658 ΙΙΙ,
674 2636 698 2660 q.
713 2635 792 2660 Lxm,
807 2632 852 2654 art.
871 2632 899 2660 2;
915 2633 939 2655 et

168 2665 200 2689 lv
216 2665 294 2696 serm,
309 2664 366 2689 dist.
382 2669 446 2695 xm,
462 2670 487 2696 q.
503 2670 541 2694 111,
557 2666 603 2688 art.
620 2665 648 2696 25
663 2664 791 2696 Richard„
809 2666 839 2690 lV
857 2666 938 2696 Sene..

1705 200 1763 227 443

992 263 1080 300 unio,
1096 272 1192 302 quam
1207 263 1266 293 ibi:
1283 263 1335 294 sed
1352 273 1417 294 non
1431 264 1492 294 nisi
1508 263 1760 294 sacramentalis:

993 325 1086 354 erga,
1108 317 1165 345 etc.

1034 368 1147 399 Contra
1163 379 1169 398 :
1188 371 1216 398 sl.
1234 368 1292 405 Qui
1308 369 1400 399 iterat
1418 372 1668 407 sacramentum,
1691 369 1765 400 facit

993 422 1021 451 ei
1036 422 1275 459 contumeliam,
1293 425 1322 452 et
1344 422 1413 452 ideo
1429 423 1506 452 nihil
1520 424 1590 453 facit
1604 423 1761 453 iterando:

994 475 1044 505 sed
1066 475 1098 505 in
1119 475 1265 505 secundis
1279 476 1400 515 nuptiis
1422 476 1554 506 iteratur
1570 477 1764 507 matrimonii

993 531 1224 559 sacramentum
1240 539 1245 558 :
1263 537 1342 567 ergo
1366 537 1431 558 non
1450 531 1496 558 est
1514 529 1555 558 ibi
1578 529 1765 560 sacramenti

995 582 1160 621 susceptio,
1178 581 1230 611 sed
1245 581 1447 611 contumelia.

1034 637 1062 664 2.
1081 634 1158 664 Item
1175 634 1337 664 vinculum
1360 634 1553 664 matrimonii
1568 635 1766 665 contrahitur

994 697 1033 717 ex
1049 689 1163 717 mutuo
1178 696 1349 724 consensn3
1373 687 1426 717 sed
1445 696 1615 717 consensus
1632 690 1678 718 est
1694 688 1766 718 vin-

994 742 1102 772 culum
1120 742 1317 778 animorum,
1335 744 1365 771 et.
1380 742 1618 771 matrimonium
1634 745 1679 772 est
1694 742 1766 772 vin-

994 795 1102 825 culum
1123 795 1206 835 quod
1230 804 1294 825 non
1316 795 1466 832 solvitur,
1493 795 1694 825 manentibus
1711 804 1767 826 ex-

994 849 1122 878 tremis:
1139 857 1217 886 ergo
1237 857 1311 878 cum
1327 848 1443 877 animae
1464 847 1527 877 sint
1545 847 1766 887 incorruptibi-

995 902 1050 939 les,
1073 910 1196 941 semper
1218 903 1324 930 manet
1349 900 1514 931 vinculum
1538 901 1633 940 priini
1656 902 1767 931 matri-

996 955 1093 985 monii
1109 966 1115 985 :
1146 955 1200 985 sed
1225 955 1372 993 alligatus
1400 955 1456 984 uni
1485 955 1764 993 sacramentaliter,

995 1017 1059 1037 non
1083 1010 1184 1047 potest
1208 1007 1297 1037 alteri
1319 1007 1586 1038 sacramentaliter
1609 1008 1765 1047 obIIgari:

995 1069 1085 1099 ergo,
1103 1063 1162 1090 etc.

1036 1116 1064 1144 3.
1084 1113 1161 1143 Item
1182 1114 1215 1143 in
1231 1114 1376 1144 secundis
1395 1114 1515 1154 nuptiis
1535 1116 1580 1144 est
1599 1115 1704 1144 carnis
1724 1115 1768 1146 di-

995 1167 1076 1197 visio
1087 1176 1127 1196 ex
1138 1169 1226 1206 parte
1238 1167 1310 1204 viri,
1325 1166 1375 1197 vel
1388 1167 1546 1198 mulieris:
1560 1168 1613 1198 sed
1627 1168 1768 1199 Christus

995 1224 1041 1251 est
1056 1221 1225 1258 indivisus,
1248 1222 1279 1251 et
1293 1220 1430 1251 Ecclesia
1450 1221 1596 1252 similiter
1616 1222 1765 1259 indivisa,

996 1277 1026 1306 et
1042 1275 1137 1305 unius
1152 1274 1250 1305 solius
1265 1284 1399 1314 sponsa,
1416 1277 1446 1305 et
1460 1275 1604 1306 humana
1620 1278 1735 1306 natura
1749 1285 1768 1306 a

996 1329 1106 1359 divina
1119 1330 1167 1358 est
1183 1328 1318 1358 indivisa
1334 1339 1339 1358 :
1362 1337 1441 1367 ergo
1461 1338 1524 1359 non
1545 1332 1649 1359 manet
1666 1329 1765 1368 signi-

996 1382 1119 1412 ficatio:
1136 1390 1225 1420 ergo⁷
1242 1384 1299 1412 etv.

1036 1438 1065 1465 4.
1087 1435 1164 1465 Item
1188 1437 1422 1464 sacramentum
1442 1438 1488 1465 est
1509 1435 1645 1474 dignum
1671 1436 1765 1466 bene-

996 1488 1148 1523 dictione,
1176 1488 1251 1527 quia
1273 1497 1400 1518 sacrum
1427 1490 1473 1518 est
1498 1491 1527 1518 et
1553 1489 1765 1519 sanctificans:

996 1541 1050 1571 sed
1060 1541 1207 1571 sccundae
1218 1541 1338 1579 nuptiae
1351 1550 1414 1571 non
1424 1541 1670 1572 benedicuntur:
1687 1550 1767 1580 ergo

996 1603 1060 1624 non
1075 1594 1200 1624 videtur
1215 1594 1259 1624 ibi
1273 1603 1340 1624 esse
1355 1596 1600 1625 sacramentum.

1272 1710 1494 1742 CONCLUSIO.

997 1796 1121 1822 Secundoe
1136 1797 1238 1831 nuptia:
1251 1797 1281 1821 in
1303 1804 1329 1822 se
1349 1798 1409 1822 suat
1423 1798 1634 1829 sacramentum3
1655 1797 1684 1822 in
1698 1803 1768 1821 com-

1030 1841 1173 1874 paratione
1195 1848 1255 1866 vero
1279 1840 1315 1866 acl
1336 1841 1457 1874 primas,
1482 1840 1578 1867 habent
1600 1840 1770 1874 semiplenam

1032 1885 1162 1909 rationem
1179 1885 1349 1910 sacramenti.

1042 1967 1133 2006 Resp.
1159 1968 1198 1997 ad
1217 1977 1286 2006 arg.
1312 1967 1485 1998 Dicendum
1502 1967 1584 2007 quod
1604 1968 1770 2007 dupliciter

996 2022 1043 2050 est
1062 2020 1150 2060 loqui
1163 2021 1200 2050 de
1217 2021 1361 2051 secundis
1375 2020 1493 2060 nuptiis
1507 2032 1513 2051 :
1531 2023 1587 2051 aut
1602 2021 1635 2050 in
1651 2030 1697 2058 se,
1715 2024 1770 2051 aut

997 2074 1030 2103 in
1045 2074 1196 2103 relatione
1213 2074 1251 2103 ad
1267 2074 1385 2113 primas
1400 2084 1406 2104 x
1424 2074 1449 2104 si
1468 2074 1501 2104 in
1517 2083 1567 2112 se,
1584 2083 1657 2104 cum
1672 2074 1710 2104 sit
1725 2074 1769 2104 ibi

997 2136 1168 2157 consensus
1188 2136 1357 2166 expressus
1380 2127 1461 2157 inter
1482 2127 1640 2166 legitimas
1661 2137 1767 2167 perso-

996 2188 1064 2215 nas,
1083 2187 1129 2209 est
1144 2179 1254 2219 utique
1269 2180 1309 2209 ibi
1326 2182 1576 2218 sacramentum,
1594 2190 1650 2211 nec
1665 2183 1710 2211 est
1726 2181 1769 2212 ibi

996 2233 1098 2262 carnis
1115 2233 1244 2271 divisio,
1262 2234 1315 2264 sed
1330 2234 1406 2264 unio
1423 2234 1525 2264 carnis
1542 2234 1599 2264 viri
1615 2237 1645 2264 et
1659 2235 1769 2265 mulie-

996 2286 1054 2323 ris3
1072 2286 1096 2315 si
1113 2289 1219 2317 autem
1241 2286 1411 2326 loquamur
1434 2287 1465 2316 in
1481 2287 1717 2326 comparatione
1730 2288 1769 2318 ad

995 2339 1225 2378 praecedentes,
1251 2339 1295 2369 sic
1323 2341 1428 2370 manet
1454 2339 1486 2369 in
1509 2340 1555 2370 eis
1580 2341 1768 2371 sacramenti

994 2392 1074 2423 ratio
1090 2392 1278 2432 incompleta
1300 2394 1427 2431 propter
1444 2393 1546 2422 carnis
1561 2393 1764 2431 divisionem,

995 2445 1071 2484 quia
1081 2446 1113 2475 in
1125 2445 1235 2485 primis
1245 2454 1373 2475 carnem
1385 2454 1476 2475 suam
1489 2446 1592 2477 univit
1605 2456 1679 2477 cum
1689 2456 1766 2483 uno,

995 2500 1027 2529 in
1042 2499 1187 2529 secundis
1199 2508 1273 2529 cum
1289 2498 1362 2536 alio,
1379 2501 1409 2529 et
1424 2499 1494 2529 talis
1509 2499 1622 2530 divisio
1636 2499 1716 2530 tollit
1730 2499 1767 2529 de

996 2552 1194 2591 plenitudine
1209 2552 1413 2591 signationis.

995 2631 1052 2656 dist.
1077 2638 1145 2662 xmr,
1166 2634 1214 2657 art.
1231 2634 1259 2663 3,
1281 2639 1305 2663 q.
1328 2638 1372 2662 1113
1400 2632 1487 2663 Steph.
1509 2631 1612 2662 Brules.‚
1635 2632 1666 2656 lv
1688 2631 1767 2662 Sent.‚

996 2666 1053 2692 dist.
1066 2673 1131 2700 Χιιι,
1147 2675 1171 2700 q.
1188 2674 1245 2692 vni.

1789 380 1822 400 Ad
1832 386 1884 406 opp.
