1991 3006
20 504 125 525 Fundam.

21 2003 54 2023 Ad
74 2009 124 2029 opp.

628 221 722 251 DlS'l'.
747 221 835 252 XXV.
859 222 948 253 Alt't'.
974 222 995 252 l.
1020 221 1167 258 QUAEST.
1193 222 1243 252 lll.

398 339 576 377 QUAESTIO
599 340 651 370 111.

144 421 183 447 An
202 423 337 456 episcopus
356 422 515 447 simoniacus
530 422 615 454 possit
634 421 741 447 ordines
759 420 868 447 rendere
890 426 908 446 ¹.

184 500 295 531 Utrum
310 500 500 530 simoniacus
517 500 681 539 episcopus
700 500 837 539 aliquem
852 510 907 530 va-

142 552 203 583 leat
217 553 360 583 ordinem
375 553 511 584 vendere
524 563 530 590 3
547 555 577 583 et
592 553 675 592 quod
691 553 744 591 sic,
762 553 888 583 videtur
901 564 907 583 t

140 605 289 644 quoniam
302 606 379 635 nihil
395 606 590 645 prohibetur⁷
609 606 671 636 nisi
685 607 770 645 quod
783 607 850 636 fieri
865 609 910 636 est

138 657 302 697 possibile,
325 658 465 697 alioquin
487 658 604 688 frustra
625 659 831 697 prohibetur:
857 660 909 689 sed

138 713 217 741 sacri
228 712 346 743 ordinis
356 713 494 743 venditio
507 712 706 751 prohibetur;
720 713 763 743 ita
773 713 857 743 enim
870 713 907 752 (a)

138 764 275 796 Calixtus
297 766 382 805 Papa
401 766 566 806 prohibet²
583 778 588 796 :
611 778 625 795 «
640 766 839 804 Sanctorum,
858 767 908 796 111-

137 819 226 857 quit,
252 823 378 858 patrum
399 819 545 858 exempla
565 821 749 858 sequentes,
772 820 910 850 ordinari

137 880 330 911 quemquam
350 872 383 902 111
403 871 538 902 Ecclesia
559 871 630 909 Dei,
656 872 703 902 vel
727 873 909 911 promoveri

137 933 193 963 per
206 925 371 964 pecuniam
382 949 390 963 ,
412 926 598 956 auctoritate
614 925 703 955 Sedis
724 926 910 964 Apostolicae

138 978 238 1008 modis
252 979 400 1009 omnihus
414 979 630 1018 prohibemns.
648 990 661 1006 n
680 978 767 1017 Ergo
778 1002 785 1015 ,
802 981 861 1009 etc.

177 1031 252 1061 Item
266 1056 274 1069 ,
297 1032 381 1072 quod
400 1034 501 1072 potest
524 1032 640 1063 furtive
664 1033 783 1071 accipi,
810 1035 911 1071 potest

136 1085 231 1115 etiam
247 1086 381 1124 pecunia
395 1086 457 1116 emi
473 1088 503 1116 et
520 1086 615 1116 vendi
636 1097 641 1116 :
662 1086 715 1115 sed
731 1086 807 1116 ordo
823 1095 911 1116 sacer

137 1140 236 1176 potest
256 1139 370 1169 furtive
390 1139 509 1178 accipi⁷
533 1139 613 1169 sicut
632 1139 758 1175 dicitur⁷
783 1139 908 1176 Eoetra,

136 1191 174 1221 de
189 1200 237 1228 eo,
254 1192 309 1231 qui
322 1192 436 1222 furtive
448 1192 591 1223 ordinem
605 1193 751 1232 suscepit,
768 1193 823 1222 ubi
837 1203 909 1223 cum

136 1253 173 1275 eo
194 1245 404 1284 dispensatur,
428 1246 451 1276 si
472 1246 672 1284 ingrediatur
696 1247 884 1285 religionem
899 1271 907 1284 ,

136 1299 220 1338 quod
228 1300 323 1338 possit
330 1300 363 1330 in
372 1300 523 1339 susceptis
535 1301 699 1331 ordinibus
707 1300 888 1330 ministrare
900 1312 906 1330 z

137 1361 232 1390 ergo,
251 1355 308 1382 etc.

178 1404 255 1434 Item
266 1429 275 1442 ‚
293 1406 378 1445 quod
392 1409 438 1436 est
452 1407 484 1436 in
499 1407 640 1437 humana
657 1407 888 1446 dispensatione
900 1430 907 1442 ,

137 1459 237 1496 potest
257 1458 319 1488 emi
333 1461 362 1488 et
377 1459 489 1495 vendi,
511 1459 592 1489 sicut
612 1461 642 1489 et
661 1459 833 1489 liberaliter
848 1460 909 1489 mi-

137 1510 264 1540 nistrari
280 1522 286 1541 z
313 1511 366 1542 sed
387 1511 535 1542 ordinum
562 1512 684 1542 collatio
710 1512 742 1542 in
767 1512 909 1542 humana

137 1563 368 1602 dispensatione
390 1565 551 1595 consistit:
576 1574 654 1604 ergo
674 1567 776 1604 potest
795 1566 856 1595 emi
879 1568 908 1596 et

137 1616 229 1646 vendi
245 1627 251 1646 :
270 1626 347 1656 ergo
362 1617 530 1648 simoniace
545 1618 624 1648 dari.

178 1669 254 1700 Item
277 1669 437 1701 character
461 1671 579 1701 ordinis
599 1673 660 1701 stat
680 1681 752 1701 cum
774 1674 910 1711 quanta-

138 1731 274 1762 cumque
284 1723 376 1763 culpa
385 1726 416 1753 et
427 1724 560 1754 malitia:
580 1733 660 1763 ergo
671 1727 702 1755 et
716 1727 853 1764 potestas
863 1735 910 1755 or-

137 1774 277 1813 dinandi,
290 1778 320 1806 et
328 1776 470 1806 ordinem
484 1777 676 1816 suscipiendi
689 1789 696 1807 :
709 1787 799 1816 ergo,
812 1788 911 1817 quan-

139 1830 308 1868 tacumque
325 1829 364 1859 sit
383 1829 416 1859 in
434 1829 541 1869 aliquo
559 1829 731 1860 simoniaca
748 1831 887 1869 pravitas
899 1855 907 1868 ,

139 1882 245 1911 tamen
259 1890 324 1912 non
339 1882 465 1912 videtur
476 1882 635 1912 dationem
648 1907 656 1920 ‚
673 1883 723 1913 vel
739 1884 908 1922 susceptio-

140 1943 214 1964 nem
227 1935 346 1965 ordinis
360 1935 522 1974 impedire.

180 1986 314 2017 Contra:
340 1990 367 2017 1.
394 1987 568 2026 Gregorius
591 1988 686 2024 dicit,
711 1991 741 2018 et
763 1989 908 2027 hahetur,

141 2048 167 2077 1,
183 2042 295 2079 quaest.
315 2042 345 2068 ι8
361 2051 367 2070 2
389 2052 403 2069 «
418 2040 616 2080 Quicumque
630 2041 734 2071 studet
748 2041 840 2080 pretii
855 2041 909 2072 da-

139 2092 221 2122 tione
235 2101 362 2122 sacrum
377 2093 520 2123 ordinem
539 2093 680 2133 accipere
690 2117 699 2131 ,
718 2103 782 2123 non
798 2096 845 2124 est
860 2104 910 2123 sa<

137 2144 256 2181 cerdos,
270 2145 323 2175 sed
335 2145 396 2175 dici
409 2146 629 2176 tantummodo
644 2146 782 2177 inaniter
791 2147 829 2184 (b)
841 2156 908 2177 con-

137 2197 278 2236 cupiscit.
296 2209 310 2226 »
331 2198 415 2237 Ergo
431 2207 486 2238 per
501 2199 667 2229 simoniam
684 2199 760 2229 ordo
776 2208 838 2229 non
854 2209 910 2238 po-

137 2251 197 2280 test
209 2251 325 2290 suscipi
340 2260 346 2281 :
364 2260 444 2289 ergo
458 2260 516 2282 nec
531 2252 725 2282 simoniacus
741 2252 826 2282 dare.

178 2305 207 2333 2.
225 2303 301 2334 Item
317 2304 377 2334 Leo
393 2304 477 2343 Papa
491 2304 534 2334 sic
549 2305 658 2343 arguit
679 2304 688 2320 ‘⁴
707 2315 712 2334 :
733 2317 746 2332 «
762 2304 866 2335 Gratia
885 2304 910 2334 si

138 2364 201 2386 non
221 2357 319 2395 gratis
342 2356 446 2394 datur,
469 2356 520 2387 vel
539 2356 701 2395 accipitur,
720 2357 825 2395 gratia
846 2366 910 2387 11011

139 2411 194 2438 051.
210 2408 379 2440 Simoniaci
399 2412 507 2440 autem
522 2419 586 2439 non
608 2411 708 2448 gratis
729 2411 908 2449 accipiunt:

138 2461 240 2500 igitur
253 2464 388 2501 gratiam
399 2488 406 2501 ‚
427 2472 500 2503 quae
516 2462 656 2493 maxime.
671 2464 701 2493 in
720 2464 909 2495 Ecclesiasti-

139 2515 183 2545 cis
212 2516 375 2547 ordinibus
408 2520 569 2556 operatur,
596 2526 660 2547 uon
688 2518 853 2557 accipiunt.
878 2518 909 2548 Si

174 2612 337 2643 ¹Richardus‚
351 2614 379 2637 lv
397 2616 474 2643 Sene„
489 2615 548 2638 dist.
570 2621 631 2645 xxxx,
647 2617 693 2638 art.
707 2617 730 2645 2,
746 2622 771 2646 q.
785 2621 806 2645 15
823 2615 908 2645 steph.

149 2647 232 2671 tsi-utet
243 2667 250 2678 ,
267 2648 296 2671 lv
314 2650 381 2677 Seni,
397 2649 452 2673 dist..
470 2657 530 2680 xiv,
546 2658 571 2681 q.
587 2657 633 2679 111;
652 2651 739 2674 Petrus
753 2651 783 2673 dc
798 2651 909 2680 Tarant.‚

141 2684 197 2708 dist.
211 2690 271 2713 xxv,
285 2691 310 2715 q.
324 2690 357 2708 Ιν.
372 2698 396 2701 —-
408 2686 416 2699 ²
428 2686 521 2715 Dec-ret,
534 2694 561 2717 p.
576 2687 605 2717 lt,
622 2694 690 2710 caus.
702 2692 720 2716 1,
736 2693 760 2717 q.
778 2692 796 2717 1,
808 2693 830 2711 e.
847 2693 910 2710 x.—

1677 226 1733 255 195

964 291 1071 319 autem
1085 297 1150 319 non
1165 289 1332 327 accipiunt,
1351 298 1414 320 non
1429 289 1565 320 habent:
1585 291 1610 319 si
1625 295 1732 320 autem

965 351 1027 371 non
1046 342 1178 378 habent,
1195 351 1251 372 1100
1271 343 1381 380 gratis,
1398 352 1456 373 nec
1474 352 1539 373 non
1555 343 1654 382 gratis
1669 344 1733 373 cui-

962 405 1059 435 quam
1075 395 1150 425 dare
1166 397 1308 434 possunt.
1326 407 1340 422 »

1005 451 1034 479 3.
1052 449 1127 479 110111
1144 449 1226 479 dona
1241 448 1377 487 Spiritus
1392 450 1489 479 sancti
1502 451 1575 480 sunt
1588 450 1621 479 in
1636 451 1734 488 potes-

964 503 1026 531 tate
1040 501 1104 538 Dei,
1120 510 1183 531 non
1198 500 1351 538 homini53
1370 501 1438 531 ideo
1458 502 1543 531 enim
1556 502 1654 532 sancti
1667 501 1734 541 Spi-

965 554 1044 583 ritus
1055 554 1213 591 dicuntur,
1226 556 1256 583 et
1267 556 1351 591 sunt,
1364 554 1437 592 quia
1448 556 1514 593 ipse
1526 555 1639 585 donat:
1654 564 1733 594 ergo

965 616 1058 637 1101110
1073 608 1172 646 potest
1182 615 1219 636 ea
1229 606 1357 642 habere.
1374 606 1435 636 nisi
1446 616 1464 636 a
1475 606 1591 645 Spiritu
1606 611 1712 638 sancto
1725 619 1731 638 ;

965 660 1017 689 sed
1034 659 1168 699 Spiritus
1183 662 1328 696 sanctus,
1345 668 1419 690 cun]
1435 659 1473 689 sit
1484 659 1732 698 liberalissimus,

965 712 1044 742 nihil
1067 715 1168 752 potest
1191 712 1348 747 vendere,
1375 722 1477 752 neque
1502 713 1631 743 vendit:
1657 723 1734 752 ergo

965 766 1035 804 ejus
1060 766 1159 802 dona,
1182 774 1239 795 nec
1254 765 1386 804 pecunia
1402 769 1534 805 possunt
1555 766 1660 804 vendi,
1678 776 1735 797 nec

966 819 1065 857 pretio
1076 819 1251 857 comparari
1265 829 1270 848 ς
1288 818 1312 847 51
1327 827 1404 857 ergo
1420 819 1496 849 ordo
1508 819 1628 849 donum
1642 819 1736 859 Spiri-

965 873 1016 901 tus
1030 871 1127 901 saucti
1142 874 1187 901 est
1201 895 1207 907 ,
1233 872 1428 910 impossibile
1443 874 1489 902 est
1510 872 1616 911 ipsum
1636 873 1736 911 pretio

965 925 1080 961 vendi,
1102 924 1151 954 vel
1172 925 1253 954 emi:
1275 934 1354 962 ergo
1374 934 1431 955 nec
1453 925 1492 954 ab
1515 925 1621 964 aliquo
1640 925 1735 955 simo-

966 976 1055 1007 niaco
1070 977 1147 1007 (lari.

1006 1033 1034 1060 4.
1053 1030 1129 1060 110111
1146 1030 1179 1059 111
1194 1030 1289 1060 sacris
1303 1031 1467 1061 ordinibus
1481 1055 1487 1065 ‚
1503 1032 1618 1062 scilicet
1632 1033 1735 1063 diaco-

966 1086 1041 1113 natu
1066 1086 1096 1112 et
1117 1083 1306 1120 sacerdotio.
1330 1083 1467 1123 Spiritus
1487 1087 1614 1115 sanctus
1635 1085 1735 1123 datur,

965 1136 1048 1175 quod
1063 1138 1147 1175 patet
1160 1145 1214 1175 per
1225 1136 1293 1173 hoc,
1310 1137 1394 1175 quod
1409 1137 1524 1168 dicitur
1539 1138 1581 1167 ibi
1592 1142 1600 1157 ⁵
1619 1149 1625 1169 ι
1641 1140 1737 1170 Acci—

964 1188 1029 1226 pice
1044 1187 1200 1226 Spa-ctum
1214 1190 1358 1219 sanctum
1371 1197 1381 1218 .·
1398 1189 1452 1218 sed
1464 1188 1600 1228 Spiritus
1612 1192 1737 1220 sanctus

965 1249 1029 1269 non
1048 1242 1150 1279 potest
1168 1240 1284 1270 vendi:
1308 1250 1387 1279 ergo
1407 1251 1464 1271 nec
1486 1242 1611 1273 ordines
1635 1244 1733 1280 sacri,

966 1293 1021 1332 qui
1032 1293 1126 1323 etiam
1140 1294 1208 1332 ejus
1220 1293 1345 1323 datione
1358 1294 1574 1325 conferuntur.
1592 1295 1737 1326 Probatio

966 1346 1099 1376 minoris
1114 1357 1119 1375 :
1139 1346 1227 1382 Quod
1243 1349 1343 1385 potest
1358 1347 1420 1376 erni
1434 1371 1440 1385 ,
1457 1350 1487 1377 et
1503 1348 1614 1386 vendi,
1637 1351 1738 1388 potest

965 1402 997 1431 in
1024 1401 1208 1431 servitutem
1230 1401 1353 1440 redigi:
1382 1402 1435 1431 sed
1457 1401 1592 1441 Spiritus
1613 1405 1738 1433 sanctus

965 1463 1028 1484 non
1045 1456 1146 1493 potest
1161 1454 1264 1492 redigi
1280 1454 1311 1483 in
1328 1454 1516 1484 servitutem
1531 1465 1537 1484 t
1560 1464 1640 1493 ergo
1652 1480 1659 1492 ‚
1678 1458 1735 1485 etc.

966 1506 1126 1542 Quaeritur
1150 1507 1259 1545 igitur,
1287 1516 1360 1537 cum
1384 1508 1518 1537 simonia
1540 1508 1579 1537 sit
1601 1509 1739 1539 studiosa

966 1560 1111 1590 voluntas
1134 1561 1280 1598 emendi,
1303 1561 1353 1590 vel
1373 1561 1529 1591 vendendi
1554 1561 1737 1601 spirituale,

966 1613 1124 1652 quomodo
1147 1614 1243 1652 possit
1264 1614 1401 1644 incidere
1422 1614 1454 1643 in
1474 1623 1635 1644 sacrorum
1652 1615 1737 1645 ordi-

968 1675 1043 1696 num
1064 1666 1263 1697 collationem
1276 1668 1309 1706 (c)
1324 1692 1332 1705 ,
1359 1668 1409 1698 vel
1432 1668 1567 1698 aliorum
1589 1668 1737 1707 spiritua·

967 1719 1045 1749 lium
1056 1744 1063 1756 ⁷
1084 1729 1156 1749 cum
1171 1719 1243 1755 illa,
1266 1723 1301 1749 ut
1316 1720 1450 1758 videtur,
1476 1721 1569 1751 vendi
1586 1730 1649 1751 non
1664 1730 1738 1760 pos—

967 1773 1037 1802 sint.

1240 1839 1466 1871 CONCLUSIO.

1023 1919 1165 1953 Episcopus
1184 1920 1346 1945 simoniacus
1364 1920 1508 1946 simoniace
1523 1922 1613 1954 potest
1632 1928 1690 1947 vere

1257 1963 1361 1990 ordines
1377 1964 1450 1990 [lare.

1010 2039 1098 2079 Resp.
1116 2040 1155 2070 ad
1170 2049 1240 2079 arg.
1260 2041 1308 2070 Ad
1322 2040 1547 2080 praedictorum
1561 2041 1739 2081 intelligen-

968 2093 1046 2123 tiam
1065 2095 1111 2123 est
1130 2093 1307 2124 notandum
1320 2118 1328 2126 .
1350 2094 1434 2133 quod
1449 2094 1611 2133 spirituale
1626 2095 1739 2126 dicitur

968 2146 1142 2185 tripliciter.
1174 2147 1242 2177 Uno
1262 2147 1375 2183 modo,
1402 2147 1486 2186 quod
1508 2150 1554 2178 est
1578 2148 1739 2188 spirituale

968 2209 1058 2239 pure,
1078 2203 1114 2230 ut
1129 2200 1242 2238 gratia,
1261 2203 1291 2230 et
1306 2200 1449 2238 virtutes).
1465 2203 1496 2231 et
1511 2202 1611 2232 dona:
1628 2204 1658 2232 et
1672 2203 1739 2234 haec

968 2262 1025 2283 nec
1038 2253 1076 2283 de
1090 2253 1181 2290 facto,
1199 2263 1254 2283 1100
1267 2254 1304 2284 (le
1316 2255 1389 2293 jure
1402 2255 1496 2285 vendi
1512 2258 1660 2295 possunt;
1675 2257 1739 2287 imo

968 2306 993 2335 si
1018 2306 1089 2345 quis
1112 2306 1231 2336 habens
1253 2307 1347 2337 vellet¹
1371 2308 1524 2346 vendere,
1552 2318 1615 2339 non
1637 2310 1739 2340 solum

969 2367 1032 2388 non
1056 2359 1235 2398 acquireret
1257 2359 1412 2398 (1111911115,
1439 2361 1492 2391 sed
1515 2362 1609 2392 etiam
1623 2386 1631 2400 ‚
1655 2363 1739 2402 quod

969 2412 1116 2448 liaberet,
1135 2412 1303 2441 amitteret.
1321 2412 1390 2442 Alio
1406 2414 1500 2444 modo
1515 2415 1678 2453 spirituale
1693 2417 1740 2445 est

968 2465 1052 2503 quoii
1069 2465 1267 2504 adjungitur,
1287 2465 1402 2495 scilicet
1417 2466 1461 2496 rei
1477 2467 1651 2506 corporali,
1667 2476 1737 2506 quae

969 2520 1074 2547 tamen
1096 2518 1217 2547 ratione
1233 2518 1318 2548 illius
1333 2519 1505 2558 spiritualis
1526 2522 1736 2556 consecratur,

969 2575 978 2589 ³
993 2575 1085 2597 Dreros.
1102 2582 1125 2604 p.
1148 2575 1177 2605 tl,
1194 2582 1296 2604 caus.1,
1312 2583 1336 2606 q.
1360 2582 1376 2605 1,
1398 2585 1418 2601 c.
1436 2583 1464 2600 11.
1479 2590 1508 2594 —
1528 2578 1538 2593 δ
1553 2576 1626 2606 ΙόίιΙ.,
1642 2586 1664 2600 c.
1681 2583 1737 2600 1.—

968 2610 977 2625 ¹5
989 2610 1070 2638 Joun.,
1083 2616 1126 2639 xx,
1142 2611 1180 2633 22.

1000 2650 1034 2680 (a)
1053 2650 1112 2672 f'tpt.
1125 2649 1184 2673 alst.
1199 2650 1263 2672 deest
1280 2650 1312 2674 itu
1330 2651 1438 2674 enim.»
1452 2651 1482 2679 (b)
1500 2652 1543 2674 scd
1558 2651 1665 2674 inaniter
1680 2653 1738 2674 ten-

969 2685 1100 2709 tummodo
1115 2685 1173 2708 dici.
1186 2698 1216 2702 —
1234 2686 1264 2715 (c)
1280 2686 1340 2708 Item
1357 2686 1497 2710 collatione.
