1991 3006
127 1499 160 1520 Aci
178 1505 229 1525 opp.

255 200 311 227 <140

253 267 362 294 utrum
389 264 488 293 forma
513 263 598 293 verbi
631 264 670 292 sit
697 263 735 292 de
764 262 898 293 essentia
925 262 1021 300 hujus

252 316 451 346 sacramenti.
470 315 505 345 Et
524 315 608 354 quod
630 315 672 345 sic
683 340 690 352 ,
707 316 832 346 videtur
848 314 951 353 primo
967 323 1021 354 per

252 370 349 400 ritum
381 369 569 399 universalis
601 368 746 399 Ecciesiae
758 393 766 405 ,
798 377 869 407 quie
904 367 1020 407 ubique

251 422 393 453 locorum
405 422 588 452 unctionem
599 423 709 453 tribuit
720 431 793 451 cum
805 421 1020 451 benedictione

253 474 446 505 sacerdotali.

294 528 369 557 Item
387 528 540 567 probatur
556 537 611 567 per
626 528 702 559 illud
716 528 818 559 Jacohi
836 531 842 546 ¹
860 538 866 556 ε
886 527 1021 559 Intlzccat

250 581 463 620 presbyteros,
486 585 512 613 et
535 585 620 613 orent
643 589 699 620 pro
721 589 765 618 eo,
784 583 933 619 unqenles
953 588 1021 611 eum

251 634 335 665 oleo:
356 643 434 673 ergo
457 635 662 674 praemittitur
681 634 781 664 oratio
803 636 875 663 ante
902 633 1020 662 unctio-

251 696 336 717 nem.
353 687 390 717 Et
406 687 539 724 videtur,
557 687 639 726 quod
656 687 707 716 iila
721 687 760 716 sit
775 686 812 716 dc
828 686 1018 724 integritate⁷

250 742 283 769 ut
300 740 425 770 unctio:
449 743 479 769 et
497 740 556 770 hoc
578 740 728 778 probatur
750 748 805 778 per
823 738 959 768 litteram
976 747 1020 767 se-

250 795 400 832 quentem
415 794 426 809 ¹
443 805 449 822 :
471 793 580 824 Oratio
595 792 674 831 fidei
687 791 825 823 salvabit
841 791 1018 829 infirmum.

251 845 337 885 Ergo
357 847 493 876 efficacia
510 846 697 876 sacramenti
712 845 927 885 principaliter
946 845 1021 875 resi-

249 899 300 929 det
317 908 412 938 penes
427 899 562 929 verbum
578 899 739 928 orationis.

291 952 366 982 Item
385 952 445 982 hoc
460 953 565 991 ipsum
580 952 707 982 videtur
723 961 777 991 per
791 951 891 981 simile
905 952 936 981 in
952 951 1020 981 aliis

249 1005 472 1043 sacramentis,
503 1005 579 1044 quia
598 1008 794 1035 sacramenta
822 1013 913 1034 novae
942 1004 1020 1042 legis

249 1058 445 1088 sanctificant
469 1067 525 1097 per
547 1058 697 1095 verbum,
723 1060 756 1087 ut
780 1057 854 1087 dicit
878 1057 971 1096 IIugo
987 1060 1018 1086 ⁸:

248 1120 326 1150 ergo
342 1111 409 1151 pari
431 1111 554 1141 ratione
574 1110 699 1140 videtur
714 1110 798 1150 quod
816 1109 898 1139 istud
921 1119 1020 1140 sacra-

248 1166 404 1195 mentum.

289 1218 366 1248 Item
381 1218 461 1248 sicut
480 1218 513 1248 in
533 1217 602 1248 aliis
617 1217 790 1247 necessaria
809 1219 855 1247 est
870 1217 1017 1254 intentio,

248 1273 278 1301 et
296 1271 366 1301 ideo
384 1274 428 1301 est
453 1271 590 1301 verbum
611 1270 705 1300 etiam
728 1272 851 1299 arctans
875 1270 1020 1299 intentio-

248 1333 338 1360 nem,
360 1323 403 1354 ita
422 1326 452 1353 et
470 1324 501 1353 iu
518 1323 578 1353 hoc
600 1323 775 1353 necessaria
799 1325 843 1352 cst
865 1323 1017 1353 intentio:

247 1386 326 1416 ergo
338 1377 404 1416 pari
422 1377 553 1414 ratione,
571 1380 601 1406 et
616 1376 705 1407 verbi
720 1376 937 1415 exprimentis>
954 1376 1019 1406 sive

247 1430 397 1460 arctantis
412 1430 619 1461 intentionem
638 1430 674 1468 (α’)
693 1429 836 1469 prolatio.

287 1482 425 1514 Contra:
455 1486 484 1513 1.
511 1483 621 1513 Omnia
649 1485 844 1513 sacramenta
869 1492 907 1512 ex
936 1483 1019 1513 fonte

246 1544 344 1566 sacrae
355 1535 528 1575 Scripturae
542 1538 648 1566 ortum
663 1536 790 1573 habent,
804 1535 878 1575 quia
890 1536 1018 1566 nullum

246 1591 480 1619 sacramentum
504 1591 551 1618 est
571 1591 603 1618 in
628 1588 782 1625 Ecclesia,
807 1589 884 1628 quin
907 1589 1018 1619 descri-

247 1643 339 1673 batur
363 1643 396 1672 in
419 1642 600 1681 Scriptura:
629 1643 683 1673 sed
708 1643 805 1681 hujus
830 1644 1018 1673 sacramenti

246 1696 347 1725 forma
369 1705 534 1735 nunquam
554 1696 759 1733 describitur,
784 1705 841 1726 nec
864 1696 903 1726 ab
927 1705 1019 1726 evau-

248 1748 371 1786 gelista,
387 1757 445 1778 nec
460 1748 499 1778 ab
513 1748 653 1787 apostolo
667 1759 673 1778 :
691 1757 782 1786 ergo,
799 1750 858 1778 etc.

285 1803 313 1831 Ξ.
336 1801 413 1831 Item
435 1801 543 1831 omnia
565 1803 780 1838 sacramenta,
805 1810 878 1841 quae
901 1802 1019 1832 habent

246 1855 395 1891 formam,
413 1854 557 1884 eamdem
574 1854 689 1885 debent
709 1855 826 1885 habere
844 1864 900 1894 per
919 1857 1018 1886 totam

246 1907 414 1938 Ecclesiam
431 1907 617 1937 catholicam
630 1932 638 1945 ‚
660 1908 735 1947 quia
756 1908 888 1938 variatio
909 1909 1018 1939 formae.

245 1962 291 1989 est
319 1960 451 1990 variatio
481 1961 670 1990 sacramenti
687 1984 694 1996 ‚
727 1962 758 1990 et
785 1963 1018 1991 sacramentnm

245 2015 337 2045 debet
351 2024 418 2045 esse
433 2015 591 2045 uniforme
602 2039 609 2051 ,
626 2015 707 2044 sicut
721 2015 798 2045 fides
814 2018 844 2044 et
866 2015 1017 2046 Ecclesia:

246 2068 299 2098 sed
325 2067 385 2098 hoc
407 2070 640 2097 sacramentum
667 2076 731 2097 non
756 2067 850 2097 habet
874 2068 1018 2098 eamdem

246 2121 404 2150 formam:
433 2130 507 2150 nam
533 2121 565 2150 in
588 2120 724 2150 Ecclesia
750 2120 945 2159 Gregoriana
973 2123 1020 2151 est

247 2173 315 2203 haec
335 2173 436 2203 forma
454 2184 460 2203 :
478 2174 536 2204 Per
553 2174 650 2205 istam
666 2176 809 2204 sanctam
825 2177 1017 2211 unctionem,

247 2229 277 2258 et
301 2234 392 2257 suam
420 2227 606 2265 piissimam
630 2226 884 2258 misericordiam
908 2226 1017 2257 indul-

247 2282 319 2317 fleat
335 2279 395 2310 tibi
411 2279 566 2310 Dominus
590 2279 751 2318 quidquid
765 2278 923 2310 oculorum
941 2280 1019 2310 vitio

247 2331 422 2370 deliquisti.
441 2332 475 2361 ln
490 2332 699 2362 Ambrosiana
713 2334 758 2362 est
772 2332 841 2362 hzec
860 2343 866 2362 z
888 2334 974 2371 Unqo
990 2336 1019 2364 te

249 2383 313 2415 oleo
331 2386 532 2424 sanctificato
547 2387 583 2416 in
601 2386 723 2417 nomine
742 2386 861 2423 Patris,
881 2389 909 2417 et
928 2386 1018 2420 Filat,

248 2440 276 2469 et
303 2437 446 2476 Spiritus
469 2440 574 2470 sancti
587 2462 594 2475 ,
622 2442 656 2470 ut
680 2447 763 2470 more
789 2439 904 2470 militis
929 2440 1021 2471 uncti

246 2493 449 2530 proeparatus
466 2492 510 2522 ad
526 2495 683 2523 certamen
694 2516 702 2529 ‚
722 2500 831 2523 aereas
846 2493 950 2531 possis
966 2500 1021 2523 su-

247 2552 358 2583 perare
377 2547 568 2583 potestates,
594 2545 644 2576 vel
672 2545 783 2575 similis
806 2545 883 2576 huic
907 2557 914 2575 :
943 2555 1020 2585 ergo

281 2616 285 2627 ¹
300 2615 362 2643 lacn,
380 2621 402 2643 ν,
422 2617 455 2639 14,
470 2629 499 2633 -
510 2616 517 2629 ’-“
534 2616 596 2638 Ibat.
608 2629 637 2633 —
653 2617 659 2628 ²
673 2617 728 2644 flua
742 2634 748 2646 ,
760 2616 790 2639 (le
805 2616 926 2645 Sacram„
943 2617 986 2640 lib.
1002 2617 1019 2646 l,

282 2659 313 2688 (a)
328 2659 387 2682 Coet.
400 2659 458 2682 edit.
471 2660 622 2683 intentione.

808 194 1116 227 SENTENTIARUM
1140 195 1173 225 LI
1180 194 1212 224 B.
1237 193 1284 224 IV.

1078 271 1141 291 non
1159 261 1281 292 videtur
1296 262 1380 302 quod
1399 263 1506 302 aliqua
1526 263 1626 294 forma
1646 265 1685 295 sit
1703 265 1844 296 substan-

1079 314 1168 344 tialis.

1119 370 1147 397 3.
1181 367 1258 397 item
1291 377 1401 399 omnes
1431 372 1702 400 sacramentorum
1735 371 1844 402 sormae

1078 420 1199 450 traditae
1222 423 1293 450 sunt
1315 430 1371 461 per
1390 423 1563 453 orationem
1586 423 1817 463 deprecativam
1835 433 1843 454 ε

1078 482 1154 511 ergo
1178 482 1240 503 non
1266 474 1392 504 videtur
1412 476 1635 506 convenienter
1662 476 1843 515 assignata3

1078 529 1131 555 aut
1160 536 1224 555 non
1252 529 1297 556 cst
1325 527 1441 564 forma,
1471 529 1621 567 quoniam
1651 531 1847 560 sacramenta

1078 588 1170 609 nova}
1186 579 1264 618 legis
1279 580 1536 612 certitudinaliter
1556 585 1678 621 ponunt
1693 591 1790 612 suum
1807 582 1847 612 ef-

1078 630 1190 659 fectum
1204 640 1210 660 :
1226 640 1303 666 ergo
1319 640 1373 670 per
1389 633 1562 662 orationem
1578 633 1781 663 indicativam
1797 633 1847 663 de-

1078 683 1151 713 hent
1167 684 1314 722 exprimi,
1331 694 1394 715 non
1410 695 1466 724 per
1481 686 1724 725 deprecativam.

1117 738 1146 766 4.
1166 736 1242 766 Item
1258 738 1431 768 secundum
1447 739 1574 769 beatum
1589 738 1760 776 Jacobum‚
1777 747 1847 771 ora-

1078 790 1121 821 tio
1137 788 1216 827 fidei
1228 793 1272 819 est
1289 790 1350 827 illa,
1368 800 1441 830 quae
1457 794 1503 821 est
1518 792 1709 822 necessaria:
1726 793 1751 822 si
1767 801 1846 831 ergo

1078 844 1178 872 oratio
1194 846 1239 873 cst
1254 843 1292 873 ad
1309 843 1422 881 Deum,
1441 846 1471 874 et
1485 844 1523 874 ad
1540 844 1637 874 Deum
1654 847 1764 875 oratur
1782 854 1847 876 me-

1077 897 1138 927 lius
1153 897 1276 935 gemitu
1290 897 1408 934 cordis,
1424 906 1520 936 quam
1537 906 1611 927 voce
1626 897 1705 934 oris,
1721 898 1847 929 videtur

1077 950 1161 989 quod
1173 950 1213 979 ad
1230 950 1319 980 istius
1334 950 1521 980 sacramenti
1543 950 1764 989 perfectionem
1783 960 1847 982 non

1077 1006 1219 1043 oporteat
1230 1004 1348 1043 aliquid
1359 1013 1412 1034 ore
1426 1006 1518 1034 tenus
1526 1004 1673 1043 exprimi.
1685 1004 1847 1040 Quaeritur

1077 1057 1194 1095 igitur,
1212 1057 1235 1086 si
1253 1058 1384 1087 sormam
1400 1057 1494 1087 habet
1506 1081 1513 1093 ‚
1533 1066 1605 1097 quae
1624 1057 1664 1087 sit
1683 1058 1799 1094 forma,
1816 1059 1847 1088 et

1077 1119 1132 1149 per
1147 1119 1243 1149 quem
1258 1110 1399 1141 modum.

1350 1225 1574 1257 CONCLUSIO.

1076 1312 1211 1338 Emtremoe
1223 1314 1356 1339 unctionis
1371 1314 1459 1346 forma
1474 1316 1510 1340 est,
1527 1314 1612 1339 oratio
1624 1312 1805 1347 deprecativa,
1821 1314 1846 1338 et

1112 1357 1157 1382 hoc
1182 1364 1214 1382 esc
1231 1358 1386 1391 principali
1406 1358 1588 1388 institutae‘one,
1616 1356 1760 1391 multiplici
1785 1363 1845 1382 con-

1112 1402 1236 1433 gruentia
1252 1401 1389 1427 ordinata.

1116 1483 1208 1523 Resp.
1233 1485 1272 1515 ad
1293 1494 1363 1523 arg.
1384 1484 1556 1516 Dicendum
1571 1485 1655 1525 quod
1673 1484 1771 1524 aliqui
1787 1493 1843 1515 vo-

1075 1537 1204 1568 luerunt
1232 1538 1356 1574 dicere,
1387 1538 1472 1577 quod
1498 1538 1582 1569 istud
1611 1540 1844 1568 sacramentum

1075 1600 1139 1621 non
1155 1590 1290 1621 hahebat
1304 1591 1440 1621 formam
1456 1591 1543 1621 verbi
1559 1591 1774 1627 essentialem,
1791 1590 1845 1621 sed

1075 1652 1147 1683 quae
1164 1643 1267 1673 solum
1287 1646 1354 1674 erat
1373 1644 1410 1674 de
1435 1644 1514 1674 hene
1536 1653 1621 1681 esse3
1638 1646 1669 1674 et
1690 1643 1759 1674 ideo
1781 1652 1846 1674 non

1075 1697 1134 1726 fuit
1148 1705 1307 1735 expressa,
1325 1705 1382 1726 nee
1397 1697 1428 1726 in
1446 1696 1580 1727 Ecclesia
1596 1696 1758 1727 invenitur
1771 1696 1845 1726 uni-

1075 1759 1129 1787 ca,
1152 1750 1204 1780 sed
1231 1750 1366 1780 diversa.
1393 1750 1453 1780 Sed
1476 1753 1582 1780 tamen
1606 1750 1689 1780 istud
1713 1758 1776 1780 non
1801 1751 1846 1780 est

1075 1812 1223 1833 securum
1250 1803 1352 1833 dicere
1374 1803 1400 1841 ὦ,
1432 1812 1489 1833 nec
1516 1803 1694 1833 secundum
1722 1804 1845 1833 textum

1075 1856 1257 1895 scripturae,
1274 1865 1347 1886 cum
1362 1856 1395 1885 in
1410 1856 1500 1886 istius
1515 1855 1704 1886 sacramenti
1719 1855 1844 1886 institu-

1075 1910 1159 1940 tione
1186 1910 1362 1940 maximam
1389 1909 1454 1939 vim
1484 1909 1629 1939 videatur
1653 1907 1787 1939 Jacobus
1814 1908 1847 1938 in

1075 1962 1216 1992 oratione
1230 1962 1395 1992 instituere
1406 1985 1416 1999 ,
1433 1963 1463 1991 et
1479 1961 1535 1991 sibi
1561 1963 1660 1991 totam
1676 1960 1846 1991 efficaciam

1074 2015 1256 2051 attribuere,
1272 2024 1344 2045 cum
1360 2015 1433 2044 dicit
1448 2025 1454 2044 ;
1477 2014 1582 2045 Oratio
1595 2014 1674 2052 fidei
1688 2013 1827 2045 salvabit
1835 2025 1847 2046 .-

1074 2077 1137 2098 non
1153 2068 1245 2097 dicit:
1264 2067 1384 2097 Unctio.
1403 2067 1509 2097 Oratio
1522 2069 1630 2096 autem
1644 2066 1716 2096 fidei
1730 2066 1846 2096 dicitur

1074 2130 1138 2151 non
1156 2120 1253 2159 ipsius
1269 2119 1453 2157 inungentis
1464 2143 1473 2156 ,
1491 2118 1544 2148 sed
1564 2119 1663 2158 ipsius
1679 2118 1826 2149 Ecclesiae
1837 2142 1845 2157 ,

1075 2174 1106 2203 in
1136 2174 1227 2212 cnjus
1256 2172 1316 2203 tide
1344 2172 1607 2202 administrantur
1636 2174 1843 2202 sacramenta.

1075 2226 1162 2257 Sicut
1183 2235 1262 2264 ergo
1280 2226 1312 2255 in
1333 2225 1402 2254 aliis
1422 2224 1624 2254 sacramentis
1645 2233 1708 2254 non
1730 2225 1847 2256 sufficit

1075 2279 1168 2309 corde
1192 2279 1328 2315 credere,
1355 2278 1415 2307 nisi
1440 2278 1493 2307 fiat
1518 2277 1668 2317 professio
1690 2277 1723 2307 in
1747 2278 1846 2308 verbo

1075 2332 1240 2368 exteri0ri;
1263 2331 1306 2361 sic
1328 2329 1572 2369 intelligendum
1595 2332 1641 2360 est
1663 2330 1733 2368 hic,
1760 2331 1846 2370 quod

1074 2395 1138 2416 non
1164 2385 1278 2415 sufficit
1299 2384 1398 2414 oratio
1414 2383 1558 2413 mentalis
1579 2383 1646 2413 sine
1670 2383 1782 2414 vocali.
1809 2384 1847 2415 Et

1075 2439 1144 2469 ideo
1168 2440 1269 2467 forma
1292 2436 1381 2467 verbi
1403 2438 1449 2466 est
1473 2436 1510 2466 de
1535 2436 1717 2474 integritate
1740 2446 1844 2468 sacra-

1076 2491 1189 2528 menti;
1215 2491 1335 2527 forma,
1361 2490 1508 2529 inquam,
1533 2489 1622 2519 verbi
1637 2512 1644 2525 ‚
1672 2490 1845 2520 secundum

1076 2544 1159 2584 quod
1183 2545 1228 2573 est
1247 2543 1429 2582 expressiva
1450 2541 1600 2572 orationis
1623 2542 1715 2572 fidei:
1740 2545 1770 2573 et
1785 2543 1846 2574 hoe

1076 2633 1102 2656 p.
1117 2626 1158 2654 lx,
1173 2632 1195 2647 c.
1209 2630 1235 2647 11.
1245 2638 1266 2640 -
1282 2624 1290 2639 Β
1301 2624 1342 2647 Est
1352 2623 1419 2646 euim
1432 2624 1521 2646 eontra
1534 2622 1611 2645 Cone.
1623 2622 1700 2653 Trid„
1713 2630 1775 2647 sess.
1788 2629 1841 2652 xiv,

1078 2661 1160 2683 Doctr.
1175 2659 1204 2683 cle
1219 2660 1329 2683 Sacram.
1346 2660 1396 2682 ext.
1413 2665 1477 2687 unc„
1493 2665 1515 2680 c.
1533 2664 1550 2681 ι.

1863 1502 1940 1529 Opinio

1859 1534 1949 1554 aliorum

1860 1571 1960 1585 erronea.

1863 1762 1957 1789 improb.
