1991 3006
191 177 250 207 204

191 251 262 282 quae
293 243 332 281 (α)
358 242 444 273 nulla
469 241 592 272 ratione
616 243 717 282 potest
743 242 880 282 suppleri
906 251 961 282 per

191 295 352 325 hominem
363 319 371 332 ,
388 304 445 325 nec
466 296 637 334 repensari.
655 295 772 326 Tamen
790 297 821 326 in
838 297 959 326 ordini-

191 348 250 378 bus
263 348 464 378 inferioribus
474 357 513 378 ex
526 358 621 379 causa
633 350 825 379 necessitatis
840 349 961 388 dispen-

190 402 342 432 sationem
358 402 477 441 recipit,
495 402 574 432 sicut
589 402 703 432 ‹licitur
718 402 738 440 ¹,
756 402 827 432 (list.
844 412 957 440 xxxrv,

190 463 257 494 cap.
283 454 522 492 subdiaconus,
545 455 572 493 ἓ.
600 455 787 486 Necessitate
810 458 933 493 coflante
948 466 960 495 ,-

189 510 219 537 et
243 507 369 545 iterum,
394 509 511 546 Lector,
532 509 563 539 si
584 508 732 542 viduam.
757 511 814 539 μιν.
842 509 887 539 Ex
912 510 960 539 ilis

189 563 272 600 patet
290 561 373 601 quod
391 562 505 593 divisio
525 563 628 593 carnis
645 563 790 602 impedit,
808 566 838 593 et
861 573 959 603 quare

189 614 332 653 impedit,
348 616 379 644 et
394 624 466 654 quae
482 615 606 646 divisio.

229 664 259 697 1.
274 667 321 698 Ad
336 667 411 698 illud.
427 668 511 708 quod
527 669 673 708 objicitur
688 670 726 699 de
742 670 956 709 corruptione,

188 720 356 751 dicendum
372 721 454 760 quod
469 730 531 751 non
548 724 594 752 est
609 722 720 759 simile,
737 723 813 761 quia
832 732 894 752 non
909 732 958 752 rc-

189 775 312 812 pugnat.
327 775 503 805 necessitati
519 777 724 813 sacramenti,
753 785 808 805 nec
828 776 956 815 signifi-

187 827 318 864 cationi,
345 829 379 857 ut
404 827 555 866 bigamia.
581 827 732 859 Similiter
760 829 873 859 divisio
903 839 958 869 per

187 880 426 910 fornicationem
442 890 504 911 non
522 881 668 921 impedit,
685 883 760 922 quia
775 892 837 913 nou
854 886 899 913 est
915 884 958 913 di-

187 933 255 963 visa
271 942 325 973 per
339 933 690 973 signifflationen13sed
707 935 775 966 haec
785 939 831 966 est
843 937 956 967 divisio

186 986 328 1025 signans.

225 1041 254 1069 ⁶2.
271 1040 318 1070 Ad
333 1041 410 1072 illud
429 1042 513 1081 quod
529 1042 676 1081 objicitur
701 1054 706 1073 ;
729 1055 743 1071 «
758 1043 819 1073 Aut
836 1043 895 1074 hoc
909 1046 956 1074 est

186 1101 225 1122 ex
241 1095 329 1132 parte
344 1095 474 1133 animae,
492 1097 545 1125 aut
561 1105 600 1125 ex
615 1098 701 1135 parte
717 1097 831 1133 carnis,
847 1108 861 1125 11
881 1100 954 1135 etc„

185 1145 352 1177 dicendum
367 1149 451 1188 quod
466 1149 545 1179 ratio
559 1149 697 1178 sumitur
710 1158 748 1179 ex
760 1152 848 1188 parte
860 1151 956 1180 totius

185 1198 323 1230 hominis
343 1225 351 1238 ,
380 1203 472 1241 cujus
496 1204 543 1232 est
564 1202 806 1232 inatrIrnonium
832 1205 955 1233 contra-

185 1251 278 1291 here,
295 1255 325 1284 et
340 1255 424 1293 quod
439 1256 485 1285 est
501 1255 679 1294 sulijffletum
697 1255 905 1292 matrimonii,
924 1257 955 1285 in

184 1315 248 1346 quo
263 1308 391 1346 quidem
405 1311 451 1339 est
469 1309 731 1348 impedimentum
749 1318 812 1339 non
834 1310 956 1340 ratione

185 1359 412 1399 immunditiae,
430 1361 480 1393 vel
496 1362 656 1402 qualitatis
672 1362 824 1393 absoiutae
835 1372 906 1402 quae
921 1364 956 1393 fit

184 1412 215 1442 in
231 1422 343 1452 carne,
367 1415 420 1445 sed
436 1417 564 1454 propter
587 1415 852 1453 significationem
877 1416 954 1446 deii-

183 1466 330 1498 cientem.
348 1468 427 1504 Quia
447 1469 532 1498 enim
549 1469 707 1499 contraxit
721 1478 795 1499 cum
812 1478 894 1507 una,
912 1470 953 1499 si-

183 1520 294 1558 gnavit
311 1520 469 1551 Christum
484 1533 490 1559 3
509 1522 583 1562 quia
594 1531 670 1552 vero
686 1522 725 1551 ab
738 1531 801 1552 una
816 1523 953 1560 recessit,

182 1575 213 1603 et
228 1574 388 1605 contraxit
411 1584 484 1605 cum
501 1575 653 1612 secunda,
672 1576 797 1605 recessit
817 1586 835 1606 a
850 1576 954 1616 signi-

183 1626 326 1658 ficatione
340 1638 346 1658 :
363 1630 393 1658 et
408 1628 451 1658 ita
465 1631 510 1658 est
527 1629 664 1659 desectus
677 1630 878 1667 sacramenti,
897 1631 953 1660 sci-

181 1679 253 1710 licet
267 1680 395 1710 unitatis
408 1705 415 1717 ‚
432 1690 503 1720 quae
522 1681 555 1711 in
570 1685 768 1712 sacramento
784 1684 876 1713 matri
884 1694 954 1714 mo-

182 1732 226 1762 nii
241 1736 271 1764 et
287 1734 407 1764 ordinis
421 1735 554 1765 debebat
570 1736 756 1774 significari.

223 1788 251 1817 3.
265 1786 301 1816 Et
317 1796 371 1827 per
384 1788 444 1817 1100
458 1791 542 1828 patet
557 1798 693 1828 sequens
708 1789 790 1828 quod
805 1790 954 1829 objicitur

181 1839 219 1869 de
234 1839 355 1871 defectu
377 1842 565 1872 sacramenti
585 1854 590 1873 :
610 1843 678 1873 dico
700 1843 786 1873 enim
813 1845 896 1883 quod
921 1845 953 1875 in

181 1901 218 1922 eo
233 1892 336 1923 deficit
352 1897 585 1925 sacramentum
604 1897 748 1934 unitatis,
767 1898 850 1937 quod
861 1922 868 1935 ,
885 1898 953 1929 sive

180 1945 302 1976 deficiat
323 1956 362 1977 ex
377 1951 465 1987 parte
480 1958 554 1987 sua,
574 1950 640 1980 sive
656 1960 695 1981 ex
719 1954 806 1990 parte
821 1952 950 1989 uxoris,

180 1999 279 2029 reddit
295 2000 399 2039 ipsum
418 2002 523 2032 minus
537 2002 689 2034 idoneum
712 2005 750 2034 ad
767 2005 884 2035 ordinis
899 2015 951 2035 sa-

179 2055 388 2083 cramentum.
405 2053 438 2084 Si
451 2063 531 2094 ergo
543 2065 668 2095 quaeras
680 2058 763 2096 qnod
775 2067 952 2089 sacramen-

179 2105 248 2134 tum
263 2104 376 2144 deficit,
395 2108 504 2138 utrum
520 2109 652 2146 ordinis,
670 2110 719 2140 vel
736 2111 949 2149 matrimonii,

178 2157 247 2188 dico
263 2159 346 2198 quod
358 2164 593 2192 sacramentum
606 2163 727 2194 ordinis
742 2164 857 2203 deficit,
875 2166 952 2205 quia

178 2218 241 2240 nou
268 2212 314 2241 est
347 2213 494 2251 perfectio
521 2224 592 2254 quae
614 2216 712 2255 possit
740 2217 919 2256 significare
941 2243 949 2255 ‚

177 2262 260 2301 quod
275 2264 377 2303 exigit
392 2266 479 2296 ordo.
500 2267 657 2299 Praeterea
675 2271 722 2299 est
743 2270 883 2300 desectus
899 2280 951 2301 sa-

177 2317 328 2347 cramenti
357 2320 551 2351 matrimonii
565 2333 571 2358 3
603 2322 742 2353 defectus
758 2347 767 2360 ,
796 2323 927 2363 inquam
941 2349 947 2362 ‚

177 2377 239 2399 non
255 2369 407 2409 simplicis
423 2373 598 2411 negationis
610 2399 617 2413 ,
635 2375 716 2406 sicut
730 2378 776 2406 est
792 2376 826 2406 in
843 2386 879 2407 eo
895 2378 950 2417 qui

177 2431 343 2462 nunquam
358 2424 417 2454 fuit
435 2429 599 2464 uxoratus,
617 2429 668 2458 sed
684 2429 824 2459 defectus
838 2430 948 2469 priva-

176 2474 269 2506 tionis
279 2499 288 2513 ,
307 2476 360 2506 ubi
374 2477 491 2517 aliquid
506 2481 553 2510 est
567 2481 605 2511 de
619 2482 848 2520 significatione
859 2506 869 2518 ,
888 2484 945 2514 ali-

210 2571 324 2596 ¹Decret.
342 2580 368 2604 p.
388 2574 406 2605 Ι,
422 2574 480 2600 dist.
495 2583 586 2607 xxxu‘,
601 2585 623 2601 c.
642 2583 693 2602 xvii
711 2580 736 2602 et
750 2585 866 2603 xv111.—
881 2580 889 2595 ²
907 2581 948 2611 Cf.

177 2607 202 2631 S.
216 2606 351 2637 Thom.,in
364 2609 452 2641 Suppl.
469 2618 491 2642 p.
507 2612 548 2640 ΙΙΙ,
565 2620 590 2644 q.
607 2620 694 2644 xxxIx,
712 2616 759 2638 art.
776 2616 803 2645 3;
820 2615 947 2646 Richard„

177 2642 207 2666 lV
230 2642 308 2674 Sene,
332 2644 388 2669 dist.
415 2651 475 2678 xxv,
501 2650 548 2672 art.
574 2651 599 2679 5,
630 2656 654 2680 q.
682 2652 709 2680 l,
732 2650 818 2681 steph.
844 2650 948 2681 Brulef„

747 175 1057 207 SENTENTlARUM
1079 176 1152 207 Liss.
1178 177 1226 207 IV.

1017 244 1094 283 quid
1109 243 1145 273 de
1164 244 1338 283 privatione
1349 268 1357 282 ,
1375 253 1447 284 quae
1464 246 1595 283 generat
1613 245 1785 284 quamdam

1017 297 1248 334 enormitatem,
1262 297 1328 327 sive
1341 297 1584 335 deformitatem,
1596 298 1718 329 ratione
1731 308 1785 330 cu-

1013 350 1068 389 jus
1083 350 1121 380 ad
1141 353 1204 380 tam
1225 350 1328 380 nobile
1353 353 1587 381 sacramentum
1610 360 1674 381 non
1697 351 1787 382 debet

1016 403 1151 433 admitti.
1167 403 1210 433 Ex
1226 403 1274 433 his
1287 405 1392 443 patent
1405 404 1594 443 quaestiones
1602 406 1783 443 sequentes,

1016 466 1113 496 quare
1122 457 1237 487 scilicet
1248 456 1375 496 impedit
1388 457 1510 494 dlvisio,
1527 466 1591 487 non
1604 457 1784 497 corruptio;

1016 509 1092 548 quia
1104 518 1166 539 non
1178 510 1321 549 privatur
1335 511 1567 540 sacramentum
1577 509 1716 549 aliquod,
1727 518 1786 540 nec

1015 563 1150 593 efficitur
1165 564 1353 594 defectivum
1376 566 1503 603 propter
1528 564 1764 604 corruptionem
1777 587 1785 600 ‚

1016 617 1096 647 sicut
1111 620 1238 657 propter
1252 617 1453 647 divisionem.

1055 672 1084 700 4.
1108 670 1154 700 Ad
1185 670 1260 700 illud
1288 670 1373 710 quod
1398 670 1572 710 quaeritur,
1600 679 1699 710 quare
1721 679 1786 702 non

1016 723 1145 762 impedit
1161 724 1321 762 corruptio
1331 724 1599 753 consecrationem
1611 723 1688 760 viri,
1706 723 1785 754 sicut

1015 778 1045 806 et
1060 776 1219 813 mulieris;
1233 776 1340 806 dicunt
1355 775 1452 815 aliqui
1466 776 1603 815 juristae,
1619 776 1704 816 quod
1720 777 1784 816 epi-

1015 839 1128 869 scopus
1157 830 1264 867 signat
1290 828 1459 858 Ecclesiam
1494 828 1701 867 militantem,
1730 830 1784 861 sed

1015 883 1109 921 virgo
1124 882 1229 920 signat
1253 882 1411 911 Christum
1434 882 1488 921 qui
1514 881 1571 911 suit
1596 882 1700 921 virgo.
1724 881 1785 913 Sed

1015 936 1090 966 illud
1106 945 1169 966 non
1185 936 1266 976 capit
1280 937 1361 966 ratio
1375 939 1478 973 recta;
1496 938 1527 966 et
1543 936 1613 966 ideo
1628 936 1718 966 aliter
1733 936 1783 966 di-

1013 990 1166 1028 cendum,
1184 991 1267 1030 quod
1290 990 1455 1029 episcopus
1476 990 1582 1029 signat
1604 989 1782 1028 Christum,

1013 1043 1066 1073 sed
1081 1043 1195 1073 mulier
1209 1043 1315 1082 signat
1336 1043 1502 1073 Ecclesiam
1515 1042 1780 1082 triumphantem,

1014 1097 1079 1127 sive
1106 1097 1207 1136 ipsam
1234 1097 1419 1129 Ecclesiam,
1447 1105 1519 1136 quae
1544 1097 1639 1135 virgo
1665 1098 1731 1134 est,
1754 1098 1786 1127 et

1014 1159 1179 1190 nunquam
1200 1150 1257 1181 suit
1279 1150 1338 1180 nisi
1362 1159 1444 1180 uxor
1469 1150 1582 1180 Christi
1607 1161 1613 1180 :
1641 1149 1784 1180 Christus

1013 1206 1120 1234 autem
1146 1204 1203 1234 etsi
1225 1204 1319 1242 virgo
1344 1204 1417 1240 suit,
1444 1206 1551 1234 tamen
1575 1204 1782 1243 Synagogam

1012 1257 1121 1287 habuit
1137 1267 1201 1288 non
1217 1260 1249 1287 ut
1266 1266 1415 1294 uxorem,
1442 1257 1496 1287 sed
1510 1259 1546 1287 ut
1560 1257 1781 1287 concubinam.

1052 1312 1081 1341 5.
1099 1311 1135 1341 Et
1151 1320 1206 1350 per
1228 1310 1286 1340 hoc
1303 1313 1387 1350 patet
1416 1310 1562 1340 ultimum
1574 1334 1582 1347 ,
1610 1318 1708 1349 quare
1732 1309 1784 1340 ille

1012 1365 1066 1404 qui
1082 1365 1247 1404 desponsat
1262 1365 1442 1403 corruptam
1460 1364 1499 1394 ab
1514 1364 1592 1401 alio,
1613 1366 1643 1394 et
1661 1372 1784 1403 cogno-

1012 1419 1067 1449 scit
1081 1442 1090 1456 ,
1105 1420 1149 1448 est
1167 1418 1309 1457 ineptus,
1324 1421 1352 1447 et
1369 1417 1692 1457 bigamusjudicatur
1711 1426 1718 1447 :
1735 1417 1784 1448 di-

1011 1472 1145 1503 cendum
1171 1472 1256 1502 enim
1273 1471 1355 1511 quod
1382 1471 1461 1501 ratio
1476 1473 1539 1507 est,
1565 1471 1641 1510 quia
1655 1479 1720 1501 non
1735 1472 1782 1501 est

1012 1526 1126 1556 unicus
1139 1525 1242 1563 unicae
1261 1536 1266 1555 :
1285 1526 1345 1555 ista
1367 1525 1452 1555 enim
1468 1533 1533 1554 nou
1548 1526 1594 1554 est
1616 1524 1727 1562 unica,
1752 1526 1784 1555 et

1012 1581 1165 1619 maiorem
1198 1581 1319 1618 oportet
1355 1578 1528 1617 significari
1557 1577 1711 1607 unitatem
1742 1586 1782 1608 ex

1011 1635 1099 1673 parte
1115 1632 1239 1669 uxoris,
1257 1640 1352 1671 quam
1368 1631 1448 1668 viri,
1476 1630 1627 1669 quoniam
1646 1629 1783 1660 Ecclesia

1010 1696 1074 1716 non
1089 1685 1147 1715 suit
1159 1685 1300 1725 copulata
1314 1683 1374 1714 nisi
1392 1683 1525 1719 Christo,
1543 1691 1600 1713 nec
1614 1682 1781 1713 matrimo-

1010 1739 1144 1775 nialiter,
1162 1748 1218 1769 nec
1236 1737 1297 1768 alio
1313 1737 1417 1767 modo.
1436 1736 1576 1766 Christus
1595 1737 1703 1766 autem
1727 1744 1780 1766 co-

1010 1792 1139 1831 pulatus
1154 1792 1213 1822 suit
1229 1791 1423 1831 Synagogae,
1447 1789 1594 1828 quamvis
1607 1797 1672 1819 non
1691 1788 1782 1819 inso-

1010 1845 1159 1882 lubiliter,
1182 1846 1212 1875 et
1227 1845 1268 1874 ita
1290 1852 1355 1873 non
1375 1841 1650 1872 matrimonialiter
1667 1852 1674 1872 2
1691 1841 1781 1872 etsie

1010 1900 1093 1938 patet
1106 1898 1189 1937 quod
1202 1897 1309 1927 omnia
1323 1895 1397 1926 talia
1412 1897 1527 1925 statuta
1538 1896 1612 1924 sunt
1626 1894 1717 1925 valde
1729 1903 1779 1925 ra-

1010 1951 1186 1988 tionabilia,
1204 1951 1279 1989 quia
1294 1950 1325 1979 in
1341 1957 1454 1979 eorum
1470 1947 1698 1978 constitutione
1715 1956 1780 1978 non

1009 2004 1158 2042 pensatur
1172 2001 1282 2041 culpa,
1300 2000 1354 2030 sed
1369 1999 1474 2039 potius
1492 1998 1681 2038 significatio
1700 2007 1778 2028 con-

1009 2066 1091 2096 grua
1101 2081 1108 2093 ,
1126 2058 1183 2086 etc.

1266 2158 1445 2197 QUAESTlo
1466 2157 1516 2188 lV.

1070 2249 1111 2274 An
1130 2247 1166 2273 ad
1185 2246 1373 2280 susceptionem
1395 2243 1496 2270 ordinis
1514 2244 1550 2270 sit
1569 2244 1715 2270 necessaria

1236 2290 1353 2316 conditio
1374 2288 1507 2315 libertatis
1525 2287 1544 2313 ².

1047 2375 1158 2406 Utrum
1174 2374 1211 2404 ad
1229 2373 1462 2412 susceptionem
1477 2371 1597 2402 ordinis
1612 2371 1652 2401 sit
1665 2380 1778 2402 neces-
1792 2384 1896 2406 Fundam.

1006 2429 1088 2459 saria
1103 2427 1240 2458 conditio
1255 2425 1429 2462 libertatis3
1453 2426 1484 2455 et
1502 2424 1586 2464 quod
1602 2424 1666 2462 sic,
1687 2424 1775 2455 vide-

1005 2483 1096 2513 detur
1117 2483 1126 2499 ⁸
1144 2491 1150 2511 t
1173 2479 1316 2510 «Nullus
1342 2478 1562 2518 episcoporum
1589 2477 1625 2507 ad
1647 2477 1774 2508 clerica-

1007 2568 1036 2591 tv
1053 2567 1131 2596 Sent.‚
1146 2565 1203 2589 dist.
1219 2570 1278 2594 xxv,
1294 2570 1319 2594 q.
1337 2568 1374 2587 111.
1388 2575 1418 2580 -
1432 2562 1442 2578 ³
1457 2562 1552 2585 Decret.
1569 2568 1593 2592 p.
1611 2562 1629 2585 1.
1646 2562 1702 2586 dist.
1719 2568 1775 2588 Liv,

1005 2610 1026 2627 c.
1045 2609 1060 2626 1.

1037 2653 1067 2681 (α)
1082 2650 1141 2674 Coet.
1156 2648 1218 2672 edre.
1234 2648 1287 2679 qui.
