1991 3006
66 1865 152 1887 Divisio.

804 195 992 226 DISTINCT.
1015 195 1146 227 XXXIV.

1714 201 1767 230 321

187 262 365 295 videndum
381 267 428 296 est
444 262 523 307 quid
539 266 849 295 censeanteanones.
867 267 873 282 ¹
889 275 906 294 «
920 262 984 302 Qui
1000 262 1169 295 dormierit
1183 273 1257 295 cum
1273 263 1401 296 duabus
1416 264 1593 306 sororibus,
1606 268 1637 297 et
1652 275 1719 297 nna
1729 276 1769 298 ex
1790 274 1826 298 qui
1849 282 1896 298 cum

1802 306 1883 328 duabus

186 320 251 352 illis
267 325 341 353 ante
358 321 455 353 fuerit
471 331 566 358 uxor,
583 323 732 352 neutram
751 331 788 352 ex
806 320 883 363 ipsis
900 320 1032 360 habeam
1051 331 1109 352 nec
1123 320 1183 364 ipsi
1198 320 1338 353 adulteri
1351 333 1499 365 unquam
1512 322 1545 354 in
1556 321 1709 366 conjugio
1718 333 1770 355 co·
1790 339 1897 361 sororibus

185 378 352 421 pnlentur.
371 390 387 408 »
406 378 485 410 Item
505 391 511 410 :
532 391 547 409 «
564 377 628 409 Nee
643 378 784 422 propriae
805 377 900 409 uxori
925 378 1000 409 licet
1015 377 1076 409 sibi
1101 377 1233 410 reddere
1249 377 1413 419 debitum,
1437 391 1535 423 quam
1552 379 1613 411 sibi
1633 379 1772 412 reddidit

186 435 331 467 illicitam
348 461 355 476 ‚
373 447 515 468 sororem
533 435 603 479 ejus
613 435 836 478 cognoscendo
850 448 857 475 ;
875 446 933 467 nec
948 439 1018 478 post
1035 439 1170 467 mortem
1188 435 1299 467 uxoris
1314 435 1387 467 licet
1398 436 1427 467 ei
1443 436 1601 470 adulterae
1613 438 1664 470 vel
1678 437 1772 470 adul-

187 493 244 524 teri
260 493 407 536 copulari
420 493 451 524 in
469 492 672 536 conjugium.
693 506 708 523 »
728 493 807 525 Item
825 492 995 525 Zacharias
1019 493 1107 536 Papa
1122 495 1131 510 ³
1150 505 1156 524 :

1178 506 1193 523 «
1210 493 1422 525 Conenbuisti
1440 506 1513 526 cum
1538 506 1646 527 sorore
1660 494 1772 527 uxoris

186 555 249 583 tuae
261 563 268 592 3
281 551 307 582 si
324 550 424 583 fecisti
438 576 445 590 ‚
464 553 614 582 neutram
632 550 766 591 habea53
782 554 812 582 et
828 561 912 582 uxor
930 554 984 581 tua
999 576 1006 590 ,
1022 550 1048 581 si
1063 562 1130 582 non
1148 550 1247 582 fuerit
1261 551 1389 583 conseia
1404 552 1549 593 sceleris,
1561 557 1592 584 et
1607 553 1772 585 continere

187 620 250 641 non
267 608 357 647 vult,
378 608 482 640 nubat
496 608 530 640 in
543 608 684 640 Domino
699 634 706 648 ,
724 608 775 640 eui
792 608 874 640 vult.
892 608 941 640 Tu
958 619 1034 640 vero
1051 613 1082 640 et
1107 608 1255 640 adultera
1275 609 1343 640 sine
1363 620 1417 651 spe
1432 609 1575 653 conjugii
1591 610 1770 649 maneatis;

185 671 216 699 et
238 667 317 699 dum
342 666 474 707 vivitis,
499 666 723 710 poenitentiam
746 666 842 709 agite.
864 680 877 697 11
897 666 990 705 Quod
1015 667 1060 698 ait
1086 679 1092 698 :
1121 667 1184 699 Cui
1208 666 1278 698 vult
1305 666 1426 706 nubat,
1454 666 1702 709 intelligendum
1729 673 1776 700 est

186 728 256 768 post
280 728 416 756 mortem
442 723 516 756 viri.
545 723 636 756 Unde
660 724 886 767 Gregorius³z

909 736 924 754 «
949 724 1015 763 Qui
1032 735 1148 756 uxores
1172 736 1247 756 suas
1268 724 1303 756 in
1326 724 1487 757 adulterio
1505 723 1772 768 deprehendunt,

185 793 242 814 nee
257 781 312 814 ille
328 808 335 821 ,
355 793 413 814 nec
431 781 489 813 illa
503 781 602 814 aliam
621 793 757 814 uxorem
781 782 941 825 accipiat,
960 782 1010 814 vel
1027 782 1131 814 alium
1150 782 1280 821 virum,
1303 782 1448 826 quandiu
1475 782 1571 815 ambo
1594 782 1721 815 vivunt.
1741 783 1776 815 Si

185 851 260 872 vero
276 840 423 872 adultera
440 844 569 872 mortua
593 840 712 880 fuerit,
731 840 781 872 vir
797 840 868 884 ejus
881 867 888 880 ,
919 840 944 872 si
970 840 1064 881 vult,
1086 840 1209 882 nubat;
1235 840 1383 872 adultera
1406 851 1482 873 vero
1506 852 1676 885 nunquam
1694 867 1701 880 ‚
1718 841 1776 873 etsi

184 901 334 930 mortuus
350 897 448 930 fuerit
464 897 516 930 vir
533 897 603 941 ejus
619 911 625 938 3
642 898 695 930 sed
724 898 877 930 omnibus
901 898 1016 931 diebus
1040 898 1239 941 poenitentiae
1263 898 1406 930 lamenta
1430 898 1603 942 persolvat.
1622 911 1638 928 1)
1655 898 1715 930 Hic
1738 898 1776 931 de

182 955 238 987 illo
254 955 417 987 adulterio
436 955 558 997 agitur,
571 955 659 998 quod
676 967 750 987 cum
772 960 908 998 cognato
924 956 1006 994 viri,
1025 956 1076 988 vel
1091 960 1228 999 cognata
1244 957 1354 989 uxoris
1368 957 1597 989 committitur.

1799 367 1885 389 dormi-

1820 402 1866 421 unt.

226 1013 312 1045 Illud
336 1013 431 1045 etiam
458 1013 625 1045 sciendum
647 1017 693 1045 est
708 1039 716 1054 ,
734 1013 822 1057 quod
847 1025 904 1057 pro
927 1013 1040 1057 aliqua
1063 1013 1276 1054 infirmitate,
1298 1014 1348 1046 vel
1374 1014 1500 1046 macula
1525 1015 1686 1058 corporali
1711 1026 1776 1048 non
1797 1020 1844 1042 Non
1870 1023 1902 1041 est

1797 1053 1902 1072 dimitten-

181 1070 255 1102 licet
271 1071 340 1102 viro
358 1081 493 1102 uxorem
514 1070 704 1113 dimittere,
721 1075 784 1104 ete
807 1082 986 1112 converso3
1008 1071 1062 1103 sed
1083 1071 1178 1103 dehet
1203 1072 1285 1103 alter
1308 1071 1401 1103 alteri
1423 1072 1569 1104 subsidia
1592 1073 1774 1116 providere.
1797 1084 1823 1103 aa
1849 1089 1902 1103 uxor

182 1127 274 1160 Unde
290 1127 498 1170 Augustinus
511 1129 521 1144 ⁵
545 1140 552 1160 :

179 1186 319 1218 debilem
343 1185 516 1225 membris,
532 1186 584 1219 vel
609 1197 725 1219 efer-am
743 1212 750 1227 ,
776 1186 828 1218 vel
854 1186 1027 1227 claudam,
1052 1186 1102 1219 vel
1127 1187 1258 1219 surdam
1275 1213 1283 1228 ,
1304 1187 1355 1219 vel
1377 1187 1403 1219 si
1429 1187 1556 1232 aliquid
1583 1189 1694 1230 aliud,
1712 1189 1779 1223 sive

180 1243 302 1276 morbis
327 1243 376 1275 vel
401 1243 591 1285 laboribus,
617 1244 856 1287 ‹filolorihusque
881 1244 1062 1277 confectam
1081 1271 1088 1285 ,
1114 1249 1144 1276 et
1169 1245 1330 1288 quidquid
1346 1271 1353 1285 ‚
1380 1250 1512 1289 excepta
1537 1246 1754 1279 fornicatione

1766 1274 1774 1289 7

180 1301 355 1344 excogitari
372 1305 476 1344 potest
490 1301 703 1334 vehementer
719 1301 878 1334 horribile
894 1328 901 1343 ‚
919 1313 977 1345 pro
992 1302 1142 1335 societate
1155 1328 1163 1343 ,
1180 1302 1309 1346 fideque
1325 1303 1493 1336 sustineat.
1516 1317 1530 1334 ›>

371 1441 571 1473 exposlTlo
593 1442 755 1473 TEXTUS.

175 1526 246 1549 Nune
261 1521 376 1556 superest
393 1526 540 1556 attendere,
556 1533 612 1557 quse
630 1534 746 1557 personae
761 1527 810 1550 sint
829 1527 948 1558 legitimae

293 1562 324 1585 ad
340 1561 541 1586 contrahendum
556 1563 763 1593 matrimonium,
780 1566 828 1586 etc.

216 1644 319 1684 Supra
335 1645 402 1683 ogit
415 1645 565 1683 Magister
575 1645 612 1675 de
624 1645 838 1682 matrimoniQ
850 1654 950 1685 quan-

176 1700 242 1728 tum
257 1698 293 1728 ad
310 1707 428 1737 genera
442 1708 625 1735 causarnm3
643 1699 694 1728 hic
709 1698 777 1737 agit
792 1702 949 1738 qnantum

176 1752 212 1782 ad
230 1754 380 1791 quartum
397 1761 501 1791 genus
516 1761 634 1790 eausae,
658 1751 772 1782 scilicet
792 1754 947 1791 quantum

177 1804 213 1834 ad
231 1813 357 1835 cansam
375 1805 581 1843 materialem,
599 1814 671 1844 quae
681 1805 807 1844 quidem
822 1808 868 1835 est
881 1814 950 1844 per-

177 1867 327 1888 sonarum
342 1858 540 1897 legitimitas,
554 1859 603 1888 vel
616 1858 834 1897 illegitimitas.
852 1858 888 1889 Et
905 1858 952 1888 di-

177 1910 296 1940 viditur
320 1911 388 1941 haec
416 1920 488 1950 pars
516 1911 549 1941 in
578 1911 671 1948 duas7
698 1911 773 1950 quia
803 1911 950 1950 quaedam

178 1973 320 2003 persona·
335 1967 407 1994 sunt
421 1964 604 2004 simpliciter
618 1965 793 2005 illegitimae
806 1968 951 2005 respectu

178 2017 391 2055 matrimonii,
415 2017 561 2057 quaedam
588 2020 731 2057 respectu
756 2019 951 2049 matrimonii

178 2070 324 2110 perfecti,
343 2072 451 2110 utpote
474 2070 535 2101 illae
558 2080 630 2110 quae
653 2071 730 2101 alias
754 2074 947 2110 nupserunt,

178 2126 208 2154 et
220 2125 289 2163 jam
305 2122 452 2154 mortuus
471 2126 517 2154 est
532 2124 594 2162 vir,
616 2124 667 2156 vel
688 2125 834 2155 defuncta
856 2135 948 2155 uxor.

179 2177 250 2208 Ideo
265 2178 416 2217 Magister
432 2178 535 2217 primo
549 2179 618 2217 agit
639 2179 676 2208 do
698 2179 948 2218 impedimentis3

179 2231 327 2269 secundo,
345 2232 425 2262 circa
439 2232 537 2262 finem
552 2232 642 2261 istius
658 2234 818 2268 tractatus,
833 2232 902 2270 agit
914 2232 951 2263 de

178 2284 324 2314 secundis
341 2285 477 2324 nuptiis,
495 2285 538 2315 ibi
556 2295 562 2315 z
591 2284 760 2316 Sciendum
779 2288 841 2322 est,
866 2285 952 2325 quod

177 2345 241 2369 non
255 2338 356 2369 solum
371 2338 502 2377 primoe,
517 2338 563 2370 vel
579 2338 726 2370 seezmdce
739 2340 874 2378 nuptiae,
891 2342 948 2369 etc.

179 2389 285 2421 Prima
300 2400 371 2430 pars
391 2391 485 2422 habet
504 2392 583 2422 duas
607 2403 614 2422 ι
639 2392 671 2422 111
697 2393 799 2432 prima
822 2393 891 2431 agit
915 2393 952 2423 ‹le

179 2444 427 2483 impedimentis,
441 2455 514 2485 quae
530 2455 594 2476 non
610 2446 740 2476 omnino
755 2446 905 2476 auserunt
920 2446 953 2476 11-

179 2496 428 2536 legitimitatem3
446 2498 479 2528 in
495 2498 632 2529 secunda
648 2508 724 2530 vero
738 2499 776 2530 de
796 2499 861 2537 his,
880 2508 953 2539 quae

214 2560 218 2572 ¹
235 2559 270 2583 Ex
288 2559 414 2583 Aurelian.
427 2567 512 2591 conc„
525 2567 594 2584 caus.
607 2567 700 2591 xxxin,
715 2569 736 2585 c.
751 2562 797 2591 (mi
812 2561 952 2585 dormierit.

180 2607 209 2611 —
230 2594 239 2608 ²
263 2594 367 2618 Zachar.
392 2596 450 2625 PR,
472 2603 541 2620 causi
566 2602 662 2625 xxxin,
685 2604 707 2620 e.
732 2596 901 2620 Coucuhm'eti.
923 2609 953 2614 -

180 2629 190 2645 ⁸
202 2630 288 2659 Greg.v
303 2629 373 2657 ibid„
395 2638 417 2654 e.
431 2632 463 2655 Hi
478 2639 533 2655 vero
550 2633 602 2662 qui.
620 2632 674 2656 Huc
691 2632 767 2656 etiam
781 2632 877 2656 faciunt
891 2642 913 2656 e.
926 2633 955 2656 Sl

179 2666 236 2696 quis
251 2665 360 2696 viduam,
372 2667 396 2689 et
407 2673 429 2690 e.
445 2667 540 2697 Siquis
551 2667 611 2691 dum
622 2675 735 2699 noverea,
745 2668 807 2692 ibid.
818 2682 847 2685 —
856 2669 866 2685 '⁰
878 2670 954 2699 Aug„

280 2718 354 2741 Tou.
377 2718 422 2741 VI.

1005 1431 1136 1461 omnino
1153 1432 1270 1461 sariunt
1289 1432 1545 1470 illegitimitates,
1563 1433 1681 1464 insra⁸:
1700 1435 1783 1466 Sunt

1006 1492 1076 1524 erqo
1092 1484 1224 1523 quidam
1239 1485 1379 1522 ordines,
1401 1488 1460 1515 etc.
1478 1484 1582 1516 Prima
1599 1495 1670 1525 pars
1688 1487 1783 1517 habet

1006 1537 1095 1573 dua&
1116 1538 1289 1568 seeundum
1299 1538 1361 1568 duo
1372 1538 1610 1578 impedimenta,
1621 1540 1658 1570 de
1667 1540 1784 1579 quibus

1007 1591 1221 1631 principaliter
1236 1592 1305 1631 agit
1320 1603 1327 1622 2
1342 1592 1447 1631 primo
1465 1593 1549 1623 enim
1571 1594 1639 1631 agit
1662 1593 1699 1624 de
1723 1594 1783 1624 im-

1007 1645 1146 1683 potentia
1174 1645 1329 1683 coeundi,
1359 1654 1432 1684 quae
1464 1646 1591 1685 respi=:it
1627 1646 1782 1676 defectum

1009 1697 1065 1727 viri
1080 1709 1087 1735 ;
1105 1698 1245 1729 seeundo
1260 1707 1337 1729 vero
1353 1699 1389 1729 rte
1409 1699 1605 1738 conditionej
1622 1709 1695 1738 quae
1714 1709 1781 1730 res-

1007 1751 1080 1790 picit
1099 1754 1216 1782 statum
1239 1752 1319 1790 legis
1340 1752 1510 1790 humanae,
1532 1752 1631 1783 infra·
1656 1764 1662 1783 :
1692 1753 1782 1784 Nunc

1007 1804 1045 1836 de
1066 1804 1249 1836 conditione
1268 1805 1445 1836 videamus.
1468 1805 1574 1836 Prima
1594 1816 1666 1846 pars
1687 1807 1782 1837 habet

1007 1857 1099 1895 (111115,
1124 1858 1198 1897 qnia
1220 1858 1258 1888 ad
1281 1858 1543 1897 impedimentum
1566 1860 1711 1899 sequitur
1733 1860 1781 1890 di-

1008 1911 1148 1941 vortium
1174 1922 1180 1941 :
1209 1911 1278 1941 ideo
1303 1911 1407 1950 primo
1429 1912 1496 1950 agit
1522 1912 1560 1942 de
1587 1913 1780 1943 matrimonii

1008 1963 1244 2003 impedimento,
1256 1964 1328 1994 lieet
1339 1964 1527 2004 semiplene:
1545 1965 1682 1996 secundo
1692 1975 1779 2003 vero,

1008 2017 1047 2047 de
1069 2017 1215 2052 divortio,
1240 2017 1367 2047 infr-12⁷:
1395 2017 1459 2049 Hoc
1483 2019 1580 2049 etiam
1604 2019 1782 2051 notandum

1009 2073 1071 2108 est,
1098 2070 1182 2110 quod
1206 2079 1277 2101 cum
1299 2071 1466 2109 Dominus,
1491 2074 1550 2101 etc.
1580 2072 1687 2103 Prima
1709 2082 1782 2113 pars

1008 2123 1104 2153 habet
1118 2124 1195 2153 duas
1212 2126 1314 2163 partes
1328 2135 1333 2154 :
1350 2124 1382 2154 in
1398 2125 1500 2164 prima
1517 2125 1705 2156 determinat
1720 2126 1782 2157 hu-

1005 2176 1147 2215 jusmodi
1174 2177 1400 2216 impedimenta
1428 2178 1460 2207 in
1488 2178 1649 2216 generali;
1676 2180 1709 2209 in
1732 2189 1782 2210 se-

1009 2230 1130 2267 cunda,
1147 2230 1180 2259 in
1205 2230 1350 2269 speciali,
1371 2231 1414 2261 ibi
1432 2242 1437 2260 :
1465 2231 1505 2262 De
1526 2231 1577 2262 11173
1597 2232 1680 2263 enim
1693 2257 1700 2271 ‚
1725 2234 1783 2273 qm*

1009 2290 1107 2313 causa
1122 2283 1332 2322 Γνὶῃίάῑιαῐῑε,
1351 2286 1409 2314 etc.
1427 2283 1464 2314 Et
1483 2284 1535 2314 illa
1553 2285 1690 2316 secunda
1711 2295 1783 2325 pars

1010 2336 1222 2366 subdividitur
1244 2337 1275 2366 in
1296 2337 1395 2372 duas,
1422 2337 1495 2376 qnia
1520 2338 1782 2377 impedimentum

1010 2391 1111 2427 potest
1127 2389 1236 2419 venire
1252 2389 1303 2420 vel
1318 2399 1358 2419 ex
1372 2393 1458 2429 parte
1475 2391 1522 2421 vis
1537 2391 1711 2430 imperatae,
1726 2392 1783 2422 sci-

1010 2441 1081 2471 licet
1097 2443 1309 2481 generativae;
1328 2442 1377 2477 vel
1402 2443 1606 2483 imperantis,
1631 2447 1664 2476 ut
1689 2445 1779 2476 liberi

1011 2496 1144 2526 arbitrii.
1160 2496 1231 2526 Ideo
1249 2497 1350 2536 primo
1366 2497 1455 2536 ponit
1476 2497 1700 2537 impedimenta
1714 2507 1779 2527 res-

1011 2595 1041 2618 de
1058 2603 1131 2619 serm.
1148 2595 1218 2618 Dom.
1238 2596 1263 2619 in
1278 2598 1374 2625 monte,
1393 2596 1426 2619 lib
1453 2597 1471 2625 1,
1489 2603 1511 2619 c.
1531 2602 1584 2626 xiv,
1602 2603 1627 2619 n.
1644 2597 1681 2624 39.
1697 2597 1781 2626 quoad

1011 2638 1121 2655 sensum.
1146 2644 1176 2648 -
1201 2631 1211 2647 ⁶
1235 2631 1296 2655 Dist.
1328 2637 1425 2656 xxxvn.
1451 2644 1478 2648 -
1506 2632 1514 2643 ⁵
1539 2631 1600 2654 Dist.
1630 2637 1720 2654 xxxvi.
1752 2645 1781 2649 —

1012 2666 1019 2682 ⁷
1034 2667 1094 2690 Uist.
1108 2673 1183 2690 xxxv.

1644 2713 1679 2741 2¹

574 1141 588 1158 «
611 1128 645 1160 Si
669 1140 805 1161 uxorem
832 1129 908 1172 quis
929 1128 1046 1161 habeat
1068 1129 1209 1161 sterilem
1225 1155 1232 1169 ,
1249 1129 1316 1161 sive
1339 1129 1519 1162 deformem
1542 1141 1698 1174 corpore,
1725 1131 1777 1164 vel
1797 1117 1837 1167 2:1⁰³
1861 1110 1902 1162 dial-

1797 1173 1902 1224 xlxii?

1798 1237 1840 1255 tate
1857 1242 1901 1255 cor-

1817 1267 1882 1293 poris.
