1991 3006
97 1401 130 1422 Ad
149 1407 199 1427 opp.

205 148 264 177 400

205 221 269 243 non
283 212 380 242 habet
396 210 530 250 perfecte
545 208 665 238 bonum
681 206 794 245 prolis,
811 212 868 233 nec
884 202 976 232 meri-

206 267 292 302 tum3
321 264 395 303 quia
422 265 527 293 tamen
554 270 617 292 non
643 260 737 290 habet
770 256 975 287 intentionem

206 317 431 351 deformatam,
449 314 518 345 ideo
533 312 701 343 nonhabet
715 309 905 341 demeritum
923 319 929 338 :
947 310 978 338 et

206 374 275 404 ideo
302 373 378 403 tales
404 372 459 402 filii
481 370 618 411 Judicari
649 371 779 409 possunt
804 366 939 405 legitimi
966 375 973 395 :

208 426 293 466 quod
308 428 352 456 est
364 426 508 464 signum,
525 424 600 464 quia
615 420 888 453 matrimonialiter
903 421 977 449 sunt

208 479 377 518 generati:
404 478 494 508 aliter
519 478 604 508 enim
627 476 848 515 judicarentur
873 472 976 511 illegi-

207 532 288 562 timi.
306 531 359 562 Est
375 531 458 562 enim
476 529 677 570 quadruplex
701 526 876 559 differentia
897 525 978 555 lilio·

207 594 279 615 rum
294 609 300 621 ,
318 585 361 614 ita
376 584 458 624 apud
476 583 635 620 infideles,
653 582 733 611 sicut
748 579 830 619 apud
849 578 953 608 lideles
971 589 976 608 :

207 638 336 677 quidam
353 637 437 667 enim
454 639 528 667 sunt
544 635 702 666 naturales
726 636 753 664 et
770 631 905 670 legitimi
920 655 926 669 ‚
945 633 979 661 ut

207 691 263 731 qui
290 691 327 721 de
356 690 507 729 legitimis
531 689 687 719 uxoribus
712 687 916 725 generantur,
949 686 980 714 et

207 745 259 775 isti
286 745 400 775 debent
422 747 452 774 vt
468 746 599 784 possunt
616 741 782 772 succedero
810 739 841 768 in
866 738 977 775 bonis;

207 798 337 838 quidam
354 797 507 836 legitimi⁷
525 797 576 826 sed
597 805 658 825 non
675 793 834 824 naturales
847 816 855 830 ,
873 793 908 821 ut
924 790 980 820 lilii

208 852 357 892 adoptivi,
375 853 405 881 et
422 851 470 881 isti
486 850 630 879 simililer
645 849 776 887 possunt
795 846 977 881 succedo-Q

209 905 339 944 quidam
356 904 534 940 naturales,
552 902 605 932 sed
622 910 686 931 non
711 899 867 939 legitimi,
883 901 915 929 nt
935 898 979 928 illi

209 958 265 998 qui
282 957 344 987 nati
360 959 434 987 sunt
457 957 495 987 de
517 954 726 990 cons-ubiuis;
753 952 883 992 quidam
907 952 980 981 sunt

211 1022 268 1042 nec
281 1011 436 1050 legitimi,
453 1020 509 1040 nee
524 1008 688 1039 naturales
700 1031 707 1043 ,
726 1008 760 1036 ut
776 1007 849 1035 sunt
865 1004 907 1034 illi
926 1004 981 1043 qni

210 1065 248 1095 dc
263 1064 417 1095 adulterio
433 1069 507 1094 sunt.
523 1063 597 1098 nntii
616 1061 665 1093 vel
681 1060 775 1090 eliam
793 1059 830 1089 de
846 1059 979 1088 incestu.

470 1178 648 1217 QUAEs'rlo
673 1177 722 1208 lv.

265 1262 310 1289 An
326 1262 444 1295 bigamus
458 1261 506 1293 sic,
522 1261 569 1294 quc*
580 1260 642 1285 autc
656 1260 679 1284 et
693 1259 753 1292 post
769 1256 931 1290 baptismum

406 1305 537 1331 contrahit
556 1303 757 1329 munimentum
772 1300 789 1326 ¹.

256 1386 368 1417 Utrum
380 1383 617 1415 matrimonium
630 1383 702 1411 ante
710 1380 904 1420 baptismum
915 1387 986 1408 con-

214 1443 349 1471 tractum
364 1439 458 1478 ponat
474 1437 506 1466 in
519 1443 691 1466 numerum
703 1443 775 1464 cum
785 1431 988 1463 matrimonio

215 1494 374 1524 contracto
403 1492 471 1530 post
497 1488 692 1528 baptismum
706 1511 715 1524 ,
738 1486 781 1516 ita
809 1485 893 1525 quod
918 1484 988 1514 talis

214 1545 374 1584 ¹iudicetur
397 1543 569 1581 bigamum
594 1543 624 1570 et
643 1539 727 1579 quod
742 1548 825 1575 non,
847 1537 983 1568 videtur.

218 1602 246 1629 sl.
264 1597 491 1636 Hieronymus,
509 1602 601 1633 super
617 1593 794 1632 Epistulam
814 1590 857 1622 acl
882 1590 988 1620 Te'mo-

219 1651 333 1687 theum,
349 1658 443 1688 super
455 1648 513 1678 hoc
526 1649 554 1677 ²:
577 1647 701 1686 Oportet
718 1646 911 1684 Episcopum
925 1650 989 1674 esse

220 1706 318 1736 unius
336 1703 469 1739 umoris,
488 1703 546 1731 etc.
567 1711 573 1730 z
593 1711 606 1727 (ι
621 1699 651 1729 Si
669 1707 767 1729 unam
786 1697 897 1727 habuit
918 1698 990 1726 ante

220 1758 430 1797 baptismum,
451 1755 582 1785 alteram
604 1755 673 1792 post
695 1751 907 1791 baptismum,
926 1758 990 1779 non

220 1814 266 1842 est
282 1809 440 1850 putandus
454 1808 615 1847 bigamus.
635 1816 647 1832 n

260 1866 290 1894 ⁶2.
309 1863 385 1893 ltem
401 1862 428 1891 lli
443 1870 459 1891 c
475 1861 578 1899 ipsum
595 1857 769 1888 ostenditur
784 1856 906 1886 ratione
923 1854 993 1884 Hie-

224 1926 280 1948 ron
285 1916 350 1956 ymi
364 1926 370 1945 z
392 1914 545 1944 «Prorsus
555 1912 706 1942 innovato
715 1919 771 1950 per
784 1909 990 1948 baptismum,

224 1970 332 2002 omnia
347 1971 452 1999 vetvra
469 1969 541 1997 sunt
556 1965 683 1996 dimissa
700 1975 731 1994 z»
751 1972 829 2002 ergo
844 1971 917 1992 cum
935 1962 993 1991 lale

225 2023 428 2063 conjugium⁷
446 2023 476 2051 et
492 2019 560 2050 talis
575 2021 662 2048 actus
677 2015 856 2055 conjugalis
875 2015 913 2044 ad
929 2016 991 2044 sta-

227 2080 295 2108 tum
310 2075 474 2108 vetustatis
490 2072 658 2112 pertineat,
680 2078 757 2108 ergo
772 2068 907 2098 habetur
922 2070 993 2096 tan-

227 2140 323 2170 quam
347 2129 372 2159 si
394 2137 456 2158 non
479 2125 572 2157 suerit
589 2135 595 2154 ;
614 2132 691 2162 ergo
714 2131 771 2152 nec
795 2122 995 2160 computatur

227 2193 300 2214 cum
316 2180 521 2212 matrimonio
536 2175 754 2216 subsequenti.

269 2239 297 2266 3.
316 2235 393 2265 Item
409 2233 571 2264 ordinatus
586 2232 658 2260 ante
672 2228 864 2267 baptismum
878 2250 886 2263 ,
905 2230 934 2256 et
950 2235 997 2256 or-

228 2289 355 2320 dinatus
369 2289 439 2327 post
453 2285 648 2324 baptismum
660 2307 667 2320 ⁷
695 2290 757 2311 non
777 2283 823 2311 est
839 2279 886 2309 bis
909 2279 996 2309 ordi-

228 2344 337 2377 natus,
363 2339 487 2370 etiamsi
510 2337 672 2367 ordinetur
694 2334 733 2364 ab
757 2333 838 2370 alio,
858 2336 888 2362 et
910 2332 971 2380 alio
989 2343 995 2362 z

230 2403 307 2434 ergo
322 2393 389 2433 pari
402 2392 522 2422 ratione
537 2390 727 2428 conjugatus
743 2389 826 2423 aute,
843 2388 873 2415 et
888 2386 997 2424 conju-

231 2450 325 2488 gatus
341 2447 424 2486 post,
445 2453 508 2475 non
524 2446 569 2474 est
584 2443 632 2473 bis
648 2441 857 2479 conjugatus,
876 2438 999 2469 etiamsi

231 2500 395 2533 contrahat
410 2506 483 2528 cum
498 2496 557 2527 alia
570 2519 578 2533 ‚
596 2497 626 2525 et
641 2494 712 2525 alia.

264 2581 271 2597 ¹
289 2579 376 2610 steph.
397 2576 500 2606 Bruler„
523 2576 551 2599 lv
579 2576 656 2603 Sem„
676 2573 733 2597 dist.
754 2577 849 2601 xxxix,
870 2578 894 2601 q.
919 2577 952 2594 iv,
975 2583 998 2586 -r

232 2617 349 2646 ²1Tim.,
364 2619 401 2643 ni,
416 2614 442 2642 2,

763 135 1072 169 SENTENTlARUM
1097 135 1168 166 Lm.
1194 135 1242 166 IV.

1071 205 1100 233 4.
1120 202 1196 232 Item
1208 226 1215 240 ‚
1233 202 1316 242 quod
1331 204 1377 232 est
1395 203 1432 242 (a)
1457 202 1630 233 secundum
1645 202 1720 243 quid
1735 212 1801 235 nou

1031 257 1282 286 connumeratur
1295 255 1322 286 ei
1333 279 1342 292 ,
1359 255 1444 295 quod
1459 258 1505 286 est
1521 255 1704 294 simpliciter
1722 267 1728 286 :
1745 256 1800 287 sed

1034 308 1199 338 vinculum
1217 308 1448 339 matrimoniale
1471 311 1518 339 est
1540 308 1706 339 vinculum
1731 311 1803 340 aute

1033 361 1226 400 baptismum
1244 361 1462 400 imperfectum
1477 364 1507 392 et
1520 361 1695 392 secundum
1712 361 1802 401 quid,

1034 416 1102 454 post
1128 423 1204 444 vero
1226 417 1272 444 est
1299 415 1470 453 perfeetum
1498 418 1607 453 :Lergo
1625 423 1690 444 non
1714 413 1805 444 debet

1033 477 1134 498 unum
1149 468 1238 497 alteri
1255 468 1479 498 connumerari
1495 478 1501 497 :
1519 476 1613 506 ergo,
1630 469 1688 498 etc.

1074 522 1187 551 (Iontra
1206 532 1211 551 :
1230 521 1445 560 Augustinus·‚
1462 529 1556 560 super
1571 520 1746 560 Epistolam
1760 520 1803 552 ad

1037 575 1143 606 Titum
1157 584 1166 605 .·
1181 587 1194 603 «
1209 576 1266 612 Qui
1280 578 1352 605 ante
1365 575 1555 615 baptismum
1571 574 1681 604 habuit
1694 583 1801 612 unam,

1034 631 1063 659 et
1082 631 1149 668 post
1166 629 1357 668 baptismum
1373 628 1487 665 aliam,
1509 638 1572 659 non
1589 630 1635 658 est
1650 629 1804 667 reputan-

1034 682 1093 711 dus
1111 682 1168 711 nisi
1186 682 1344 720 bigamus.
1361 694 1375 710 »

1077 735 1152 765 ltein
1170 735 1227 765 hoc
1243 735 1366 765 videtur
1381 735 1503 765 ratione
1518 744 1593 765 sua:
1616 746 1631 763 «
1642 734 1677 764 In
1692 733 1805 774 baptis-

1036 791 1118 818 mato
1130 789 1263 818 crimina
1278 788 1454 824 abolentur,
1466 797 1529 818 non
1539 788 1622 827 quod
1638 787 1806 818 honestum

1035 843 1099 879 est,
1118 844 1224 880 utpote
1249 841 1411 872 soederatio
1432 840 1613 880 conjugalis
1631 851 1665 870 z»
1686 849 1764 878 ergo
1780 840 1807 870 si

1036 904 1098 924 non
1121 894 1275 930 aboletur,
1307 894 1411 924 adbuc
1435 896 1540 924 manet
1567 904 1573 924 z
1601 896 1631 924 et
1647 893 1810 933 judicatur

1037 947 1094 977 isle
1110 947 1203 977 fnisse
1225 948 1416 986 conjugatus
1432 958 1438 977 t
1457 955 1534 986 ergo
1557 946 1583 976 si
1599 947 1714 977 iterum
1730 954 1807 977 con-

1038 1000 1141 1030 trahat
1152 1024 1161 1037 ,
1177 1002 1223 1030 est
1234 1000 1426 1039 judicandus
1441 1000 1625 1038 bigamus.»

1081 1053 1156 1083 ltein
1172 1054 1265 1092 virgo
1277 1078 1284 1091 ‚
1303 1062 1376 1092 quae
1391 1055 1540 1092 corrupta
1555 1053 1613 1083 fuit
1629 1061 1723 1083 carne
1737 1054 1810 1083 anto

1039 1106 1242 1146 baptismum,
1257 1116 1381 1146 semper
1392 1108 1460 1145 post
1471 1106 1633 1145 judicatur
1648 1107 1808 1145 corrupta,

1040 1162 1070 1190 et
1084 1168 1251 1199 nunquam
1269 1160 1380 1199 poterit
1396 1160 1478 1189 inter
1494 1159 1636 1198 virgines
1651 1167 1810 1189 consecra-

1040 1214 1066 1243 ri
1085 1225 1090 1243 ;
1109 1216 1139 1243 et
1153 1213 1210 1243 lioc
1220 1237 1227 1251 ,
1245 1213 1319 1252 quia
1333 1212 1461 1242 amissio
1474 1211 1668 1250 virginitatis
1682 1211 1809 1250 respicit

1041 1267 1159 1306 aliquid
1173 1276 1213 1297 ox
1230 1269 1317 1306 parte
1333 1266 1436 1296 carnis
1447 1290 1454 1303 ‚
1471 1265 1557 1305 quod
1572 1273 1738 1305 nunquam
1754 1273 1809 1304 po-

1042 1323 1102 1351 test
1116 1321 1311 1360 recuperari:
1328 1330 1407 1359 ergo
1421 1329 1493 1350 cum
1508 1319 1652 1359 bigamia
1666 1319 1812 1359 respiciat

1043 1374 1230 1405 divisionem
1249 1374 1370 1411 carnis,
1387 1375 1489 1413 patet,
1508 1374 1566 1403 etc.

1085 1427 1173 1463 item,
1187 1428 1212 1456 si
1227 1428 1403 1466 baptizalus
1416 1426 1499 1466 apud
1514 1425 1680 1456 haereticos
1696 1425 1815 1456 iterum

1044 1480 1229 1520 baptizetur,
1247 1482 1402 1519 quantum
1418 1482 1464 1509 est
1478 1479 1511 1508 in
1526 1488 1574 1516 se,
1592 1478 1684 1508 iterat
1698 1478 1816 1518 baptis-

1045 1542 1154 1571 mum⁷
1177 1535 1207 1563 ot
1227 1532 1405 1572 puniendus
1426 1535 1471 1562 est
1493 1541 1587 1571 poena
1605 1531 1788 1571 rebaptizati
1805 1541 1811 1561 ε

1046 1596 1124 1625 ergo
1150 1596 1223 1616 cnm
1243 1586 1431 1625 conjuginm
1455 1586 1495 1615 sit
1514 1594 1627 1616 verum
1643 1584 1727 1624 apud
1743 1584 1814 1614 infi-

1046 1639 1147 1674 deles,
1174 1639 1226 1678 qni
1249 1639 1365 1668 iterum
1389 1638 1565 1675 contrahit⁷
1591 1637 1684 1667 iterat
1708 1637 1815 1667 matri-

1046 1692 1207 1722 monium:
1220 1700 1299 1730 ergo
1310 1700 1372 1721 non
1388 1693 1485 1730 potest
1500 1700 1566 1721 esse
1580 1690 1639 1720 ulsi
1650 1689 1814 1728 bigamus.

1322 1805 1545 1838 CONCLUSIO.

1050 1888 1253 1914 Matrimonium
1267 1889 1431 1914 contractum
1443 1888 1502 1913 ante
1513 1886 1671 1921 baptismum
1682 1892 1742 1912 cum
1750 1892 1805 1912 una
1811 1905 1820 1919 ,

1183 1935 1207 1959 et
1221 1934 1278 1967 post
1293 1940 1351 1958 cum
1366 1932 1423 1958 alia
1433 1952 1440 1961 ,
1457 1932 1527 1963 facit
1542 1931 1686 1965 biyamum.

1091 2014 1182 2052 Resp.
1207 2013 1245 2043 ad
1272 2021 1343 2051 arg.
1362 2012 1533 2042 Dicendum
1549 2011 1653 2050 quod,
1669 2011 1750 2042 sicut
1764 2020 1819 2042 ex-

1052 2074 1157 2105 presse
1172 2066 1319 2104 apparet,
1340 2064 1553 2103 Hieronymus
1567 2066 1597 2094 et
1619 2064 1822 2102 Augustinus

1051 2119 1103 2150 hic
1120 2119 1249 2149 fuerunt
1272 2117 1430 2147 contraria
1455 2117 1574 2156 opinati
1592 2127 1598 2145 :
1615 2118 1646 2147 et
1659 2116 1726 2154 {nisi
1749 2117 1822 2156 quis

1052 2172 1128 2204 velit
1142 2172 1336 2210 distorquere
1351 2171 1459 2208 verba,
1476 2179 1540 2201 non
1556 2170 1645 2201 video
1660 2170 1821 2210 quomodo

1822 533 1924 554 Fundam.

1053 2225 1175 2265 possint
1189 2224 1295 2254 reduci
1311 2224 1350 2254 ad
1366 2224 1576 2254 concordiam.
1602 2223 1674 2254 Ideo
1688 2223 1772 2254 enim
1787 2223 1821 2254 in
1836 2236 1902 2264 opin.
1925 2236 1945 2255 l.

1055 2279 1114 2309 hoc
1136 2278 1313 2308 habuerunt
1339 2277 1503 2316 opiniones
1529 2277 1720 2314 contrarias,
1747 2277 1823 2316 quia

1055 2331 1360 2369 fundatlsuntsuper
1368 2330 1503 2360 diversa.
1513 2329 1726 2370 Hieronymus
1735 2330 1823 2360 enim

1056 2383 1174 2419 voluit,
1207 2383 1292 2422 quod
1316 2382 1421 2413 omnis
1448 2383 1513 2413 vit-a
1540 2382 1715 2413 infidelium
1744 2384 1825 2413 esset

1057 2436 1168 2476 culpa,
1192 2438 1222 2466 et
1236 2435 1321 2475 quod
1338 2435 1579 2466 matrimonium
1595 2435 1772 2466 infidelium
1788 2436 1828 2467 ad

1058 2493 1198 2522 veterem
1219 2488 1383 2519 hominem
1410 2488 1580 2528 pertineret
1604 2499 1611 2518 z
1637 2490 1669 2520 et
1689 2489 1765 2529 quia
1795 2488 1828 2519 in

1058 2543 1215 2582 baptismo
1223 2542 1402 2581 expoliatur
1410 2544 1500 2573 vetus
1509 2541 1606 2573 homo
1618 2551 1692 2574 cum
1704 2541 1830 2572 actibus

1093 2606 1125 2635 (a)
1141 2605 1200 2628 Coet.
1216 2603 1274 2627 edit.
1290 2604 1370 2628 omitt⁴
1385 2604 1453 2634 qnod
1468 2606 1514 2627 est.
