1991 3006
233 219 290 248 662

232 285 326 313 Quaest.
344 286 366 308 1.
384 283 473 307 Utrum
488 283 693 314 consanguinitas
708 284 739 308 sit
749 284 851 315 aliquod
865 284 922 308 vin-

261 319 356 343 culum.

230 355 323 384 Quaest.
341 356 363 378 2.
379 355 416 378 An
431 353 636 385 consanguinitas
647 355 810 380 matrimonio
823 357 924 387 praestet

260 390 480 420 impedimentum.

230 426 322 454 Quaest.
349 426 372 448 3.
399 426 436 448 An
463 424 667 454 consanguinitas
692 425 814 456 impediat
836 426 922 450 matri--

260 459 375 483 monium
390 467 468 490 usque
483 460 514 483 ad
528 460 663 490 septimum
679 460 793 491 gradum.

230 497 302 519 D1s·1.
323 501 377 519 xu-

230 530 357 561 Expositio
370 532 462 554 textus.

229 568 293 591 Aur.
311 572 327 590 ι.

229 602 324 630 Quaest.
342 603 363 624 1.
383 602 421 625 An
442 608 487 631 per
506 607 610 625 omnem
632 601 726 625 coitum
745 602 909 626 contrahatur

260 636 376 661 affinitas.

230 673 323 700 Quiest.
339 673 362 695 Ξ.
380 672 416 694 An
429 671 538 694 affinitas
554 673 665 695 transeat
679 672 705 695 in
721 672 836 696 alterum.

230 707 324 736 Quaest.
340 709 362 730 3.
379 708 417 730 An
432 706 539 730 affinitas
555 709 655 737 praestet
669 707 832 731 matrimonio
845 708 924 738 impe-

261 742 410 766 dimentum.

231 779 301 802 Disr.
317 782 381 801 xL11.

232 812 360 843 Expositio
375 814 468 836 text-us.

231 851 291 872 ΑΜ.
308 854 326 872 ι.
349 848 441 876 Quaest.
458 849 480 871 1.
496 849 534 872 Αιι
544 848 662 878 cognatio
674 848 809 879 spiritualis
823 851 923 873 contra-

260 883 333 906 hatur
345 890 390 913 per
405 882 506 913 aliquod
521 885 719 907 sacramentum.

230 920 324 947 Quaest.
358 920 381 942 2.
418 920 454 942 An
487 919 604 949 coguatio
635 918 771 949 spiritualis
805 919 925 950 impediat

261 953 461 978 matrimonium.

230 989 323 1018 Quaest.
350 991 373 1012 3.
396 990 433 1013 Au
457 989 592 1020 spiritualis
618 990 736 1020 cognatio
758 993 870 1014 transeat
893 991 924 1014 ab

260 1031 311 1048 uno
326 1024 350 1047 in
365 1023 481 1053 alterum,
494 1026 581 1054 utpote
597 1024 628 1047 ab
641 1032 721 1048 uxore
737 1025 762 1048 in
778 1025 870 1049 virum.

230 1061 291 1083 AnT.
310 1065 338 1083 1¹.
357 1060 452 1088 Quaest.
475 1062 496 1084 1.
520 1062 556 1083 An
577 1060 695 1091 cognatio
716 1060 803 1091 legalis
827 1061 857 1085 sit
877 1061 926 1085 ali-

260 1095 328 1125 quod
343 1094 480 1118 vinculum.

229 1130 324 1158 Quzest.
349 1131 372 1153 2.
397 1131 433 1153 Αιι
454 1130 572 1160 coguatio
594 1130 682 1161 legalis
697 1130 819 1160 impediat
838 1130 923 1154 matri-

260 1172 385 1188 monium.

229 1201 323 1229 Quaest.
344 1201 366 1223 3.
390 1201 427 1224 An
449 1201 566 1231 cognatio
588 1201 674 1231 legalis
695 1203 805 1225 transeat
828 1201 925 1225 abnuo

260 1235 285 1259 iu
300 1235 417 1259 alterum.

229 1272 290 1294 Aur.
313 1276 354 1294 ιιι.
380 1271 476 1299 Qucest.
508 1273 528 1294 1.
556 1272 592 1295 An
615 1272 732 1295 secundae
756 1271 849 1302 nuptias
877 1271 925 1295 sint

260 1305 345 1329 licitae.

229 1341 322 1368 Quaest.
342 1341 364 1363 2.
385 1342 422 1364 Α6
445 1342 563 1365 secundae
585 1342 679 1372 nuptiae
704 1341 754 1365 sint
777 1348 924 1365 sacramen-

259 1375 332 1405 tales,
346 1375 399 1399 sive
410 1376 521 1399 habeant
532 1377 655 1400 rationem
668 1377 829 1400 sacramenti.

228 1411 323 1439 Quaest.
339 1412 361 1435 3.
378 1412 415 1435 An
430 1412 547 1435 secundae
562 1412 656 1443 nuptiae
669 1412 718 1436 sint
733 1412 903 1436 honorabiles.

231 1447 301 1470 D1s'r.
322 1452 397 1470 Χιιιι.

228 1481 358 1512 Expositio
372 1483 468 1506 textus.

228 1518 292 1540 ART.
317 1523 334 1541 1.

229 1553 322 1580 Quaest.
341 1555 360 1575 1.
378 1554 416 1576 An
435 1553 587 1576 resurrectio
606 1555 765 1577 mortuorum
781 1554 812 1578 sit
832 1555 923 1577 futuru.

229 1588 323 1615 Quaest.
336 1589 359 1611 2.
377 1589 414 1611 An
431 1588 582 1612 resurrectio
599 1588 630 1612 sit
645 1589 769 1613 omnium.

229 1623 321 1650 Quaest.
338 1624 361 1646 3.
378 1624 415 1646 An
438 1623 590 1647 resurrectio
610 1624 642 1647 sit
663 1625 777 1648 omnium
793 1624 878 1655 simul,
893 1632 924 1648 an

259 1664 414 1681 successwe.

230 1692 324 1721 Quaest.
347 1695 368 1716 4.
391 1694 428 1717 An
447 1693 598 1717 resurreetio
617 1694 648 1717 sit
664 1694 812 1717 eorumdem
831 1701 925 1718 secun-

259 1728 319 1751 dum
334 1735 480 1753 numerum.

228 1764 322 1792 Quaest.
338 1766 360 1787 ὕ.
377 1765 415 1788 An
430 1764 581 1788 resurrectio
601 1764 632 1788 sit
651 1764 780 1795 naturalis,
796 1772 826 1788 an
849 1765 924 1789 mira-

260 1799 354 1823 culoso.

229 1836 323 1863 Quaest.
349 1836 372 1858 6.
404 1836 441 1859 An
467 1835 618 1859 resurrectio
653 1835 744 1859 Christi
780 1835 812 1859 sit
850 1842 925 1860 causa

259 1871 451 1895 resurrectionis
467 1873 570 1894 nostrae.

230 1907 290 1930 ΛΒΤ.
312 1912 340 1930 ιι.
357 1907 450 1934 Quaest.
468 1908 488 1929 t.
505 1906 580 1930 Liber
592 1906 650 1930 vitae
665 1906 725 1936 quid
740 1906 780 1929 sit.

230 1942 324 1970 Quaest.
346 1943 368 1966 2.
390 1945 427 1966 Αι]
442 1942 468 1965 16
477 1941 526 1966 hoc
538 1942 603 1965 libro
617 1942 703 1965 omnia
714 1942 864 1966 scribantur.

230 1978 324 2006 Quaest.
343 1979 365 2001 3.
383 1979 419 2001 An
436 1977 609 2001 necessarium
627 1977 658 2001 sit
671 1977 738 2000 huuc
753 1977 844 2001 librum
863 1984 924 2008 ape-

262 2013 322 2036 rire.

231 2050 291 2072 ART.
304 2054 341 2071 ιιι.
358 2047 453 2076 Qua-st.
469 2050 490 2071 1.
511 2049 549 2071 An
563 2048 649 2071 omnia
664 2047 754 2071 merita
768 2048 885 2078 legantur
899 2048 924 2071 in

262 2083 331 2107 libris
345 2083 568 2107 conscientiarum.

231 2121 325 2148 Quaest.
342 2120 365 2143 2.
380 2120 419 2143 An
433 2119 537 2149 quilibet
552 2119 618 2148 legat
629 2118 714 2142 omnia
729 2118 754 2142 in
769 2119 925 2143 conscientia

261 2154 374 2178 alterius.

231 2191 325 2219 Quaest.
338 2191 361 2214 3.
374 2191 412 2213 An
423 2189 509 2213 omnia
519 2189 652 2213 videantur
662 2189 735 2213 simul
751 2189 781 2213 ab
795 2190 923 2214 omnibus.

233 2226 303 2249 Disr.
322 2230 392 2248 μιν.
409 2225 478 2249 PARS
493 2230 512 2248 ι.

233 2260 363 2290 Expositio
380 2262 474 2284 textus.

232 2296 293 2318 ART.
314 2300 332 2318 1.
352 2294 444 2322 Quaest.
461 2296 484 2318 1.
500 2296 538 2318 An
553 2294 673 2318 humores
689 2295 822 2325 resurgent
838 2294 864 2318 in
885 2295 925 2319 die

259 2329 356 2359 judicii.

233 2363 326 2392 Quaest.
337 2365 360 2388 2.
369 2365 407 2388 An
415 2364 543 2394 intestina,
552 2364 635 2395 capilli
642 2367 666 2388 et
676 2371 774 2395 ungues
782 2367 923 2396 resurgent.

233 2401 294 2423 ΛΒΤ.
318 2405 346 2423 ιι.

233 2435 326 2463 Quaest.
347 2437 367 2459 1.
386 2436 434 2465 An,
449 2442 508 2460 eum
520 2442 579 2459 caro
595 2435 684 2459 eadem
699 2435 772 2459 fuerit
786 2435 812 2459 in
827 2436 926 2460 duobus

262 2470 419 2501 hominibus,
433 2472 549 2500 resurget
563 2471 588 2494 in
598 2471 689 2500 primo,
703 2477 735 2494 an
748 2471 772 2494 iu
789 2472 911 2495 secundo.

233 2505 326 2533 Quaest.
347 2507 369 2529 2.
390 2507 427 2529 Αι]
440 2506 547 2530 materia
561 2505 767 2536 uniuscujuslibet
780 2506 888 2530 membri
901 2506 927 2530 in

264 2547 325 2567 sue.
342 2547 374 2564 an
386 2540 560 2564 indifferenter
574 2541 599 2564 in
615 2540 727 2570 quolibet
742 2543 864 2571 resurget.

234 2577 295 2598 ART.
311 2581 349 2599 ιιι.
368 2576 463 2604 Quaest.
482 2579 502 2600 1.
520 2578 557 2600 An
571 2582 680 2606 corpora
694 2575 832 2600 electorum
847 2583 928 2600 resur-

264 2612 325 2639 gent
339 2618 396 2634 cum
411 2611 625 2635 deformitatibus.

234 2645 328 2704 Qiffiz'st.
344 2648 366 2669 2.
384 2648 421 2671 :tu
436 2647 547 2672 damuati
563 2649 695 2678 resurgent
709 2654 766 2670 cum
779 2648 926 2671 deformita«

303 2688 341 2707 u5.

966 217 1095 250 INDEX.

956 321 1000 344 410

956 392 1000 415 412

954 463 998 486 415

956 498 1000 520 418

956 534 998 556 421

957 569 1000 592 423

957 639 999 661 404

957 656 1001 697 435

957 745 1000 768 427

959 780 1002 803 429

909 812 911 814 ¹
958 815 1001 838 432

957 885 1001 908 433

958 956 1001 979 435

958 1027 1002 1049 436

958 1098 1001 1120 438

959 1167 1002 1190 440

958 1238 999 1260 44ι

958 1308 1002 1330 442

958 1378 1002 1401 443

956 1414 1000 1436 444

959 1449 1002 1471 446

958 1484 1001 1505 443

959 1519 1002 1542 456

958 1555 998 1577 451

959 1590 1001 1613 453

958 1660 1000 1683 454

957 1731 1000 1754 455

958 1803 1001 1825 459

958 1873 1002 1896 462

958 1908 1001 1930 464

958 1944 1001 1966 465

959 2014 1002 2037 466

958 2084 1001 2107 467

959 2155 1002 2178 468

959 2191 1002 2214 470

959 2227 1000 2249 471

959 2262 1002 2284 472

959 2332 1002 2354 475

959 2367 1003 2389 477

960 2403 1003 2425 478

960 2473 1004 2496 479

961 2543 1002 2565 481

961 2613 1005 2637 482

962 2684 1004 2708 484

1055 285 1127 308 D1sr.
1143 290 1212 309 XMV.
1232 285 1301 309 PARS
1315 290 1344 308 ιι.

1055 319 1184 350 Expositio
1196 321 1290 343 textus.

1056 356 1116 379 Aur.
1133 361 1150 378 1.
1167 354 1260 383 Quaest.
1276 357 1298 378 1.
1314 356 1351 378 An
1366 354 1398 379 sit
1410 361 1505 386 ponere
1519 355 1658 379 cruciatum
1672 356 1746 379 aeter·

1086 397 1158 420 num,
1171 396 1248 420 quem
1263 396 1386 413 vocamus
1403 389 1539 414 infernum.

1056 426 1149 454 Qucest.
1168 427 1191 449 2.
1208 425 1255 449 Ubi
1270 425 1301 448 sit
1316 425 1437 449 infernus.

1056 463 1117 485 Aur.
1143 466 1172 484 11.
1197 461 1292 489 Quaest.
1312 463 1334 484 1.
1356 461 1392 484 An
1413 460 1526 491 affligens
1546 460 1571 484 in
1593 460 1693 484 inferno
1716 460 1748 484 sit

1086 496 1150 526 ignis
1171 502 1246 519 verus
1268 496 1365 519 liabens
1381 496 1505 525 formam,
1525 497 1550 519 et
1571 497 1704 525 naturam,
1723 496 1748 518 et

1087 531 1199 561 speciem
1214 531 1288 561 ignis.

1056 566 1149 594 Quaest.
1165 568 1188 590 2.
1209 567 1243 589 An
1265 566 1372 596 puniens
1389 566 1413 589 in
1429 566 1528 590 inferno
1543 565 1575 589 sit
1589 565 1654 597 ignis
1669 565 1746 590 solus.

1056 602 1117 626 ΛΒΤ.
1134 607 1172 626 ιιι.
1189 602 1282 630 Quzest.
1298 603 1321 625 1.
1337 602 1374 625 Au
1389 601 1455 632 iguis
1472 601 1600 625 infernalis
1614 602 1749 625 consumat

1088 644 1195 667 corpora
1209 637 1397 660 damnatorum.

1057 673 1151 700 Quaest.
1168 674 1190 695 2.
1212 673 1247 695 Au
1262 671 1302 694 ille
1312 671 1378 702 ignis
1390 672 1420 696 sit
1431 671 1563 696 nstlictirus
1575 671 1716 702 spirituum.

1057 708 1127 731 Disr.
1143 713 1201 731 ην.

1058 742 1187 773 Expositio
1205 744 1298 767 textus.

1058 779 1117 802 ART.
1142 784 1159 801 1.
1183 778 1277 806 Quaest.
1304 779 1325 801 1.
1353 779 1390 801 Αιι
1415 779 1473 801 ante
1498 776 1589 801 Christi
1611 777 1750 801 adventum

1087 812 1162 837 fuerit
1176 813 1313 836 descensus
1325 812 1350 836 in
1365 813 1500 836 infernum.

1057 849 1152 877 Quaest.
1168 850 1191 871 2.
1211 848 1300 871 Utrum
1317 850 1373 878 post
1393 847 1485 871 Christi
1502 848 1640 871 adventum
1660 847 1751 872 am'moe

1088 884 1197 908 habeant
1208 883 1365 914 receptacula
1378 884 1417 907 vel
1432 884 1489 907 loca
1498 883 1673 907 determinata.

1057 920 1150 948 Quaest.
1166 920 1188 943 3.
1205 919 1296 943 Utrum
1310 919 1401 943 anlmae
1417 925 1432 942 a
1450 918 1501 942 suis
1520 918 1685 949 receptaculis
1704 918 1749 943 ali-

1089 955 1190 985 quando
1202 956 1303 978 exeant.

1058 991 1119 1014 AnT.
1137 995 1162 1013 11.

1058 1026 1150 1054 Quaest.
1188 1027 1209 1049 1.
1236 1026 1324 1050 Utrum
1350 1025 1467 1055 suffragia
1501 1025 1598 1056 prosint
1626 1025 1751 1049 defunctis

1088 1061 1251 1084 mediocriter
1262 1061 1345 1084 bonis.

1058 1097 1150 1125 Quzest.
1174 1098 1198 1119 2.

1088 1131 1178 1155 malos.

1058 1167 1151 1195 Quaest.
1170 1167 1192 1189 3.
1212 1167 1300 1190 Utrum
1316 1165 1434 1195 suffragia
1447 1165 1527 1197 magis
1545 1166 1643 1196 prosint
1657 1166 1689 1196 ei,
1707 1165 1751 1197 qui

1088 1201 1168 1232 magis
1182 1201 1284 1231 meruit,
1300 1207 1332 1225 an
1351 1201 1374 1224 ei
1387 1207 1434 1231 pro
1451 1208 1501 1231 quo
1519 1201 1662 1231 specialiter
1678 1201 1750 1226 fiunt.

1058 1238 1119 1260 Aur.
1137 1242 1176 1260 ιιι.
1192 1237 1286 1264 Quaest.
1306 1238 1330 1259 1.
1345 1238 1383 1260 An
1397 1236 1476 1260 sancti
1490 1237 1564 1261 orent
1579 1243 1624 1267 pro
1635 1236 1719 1260 nobis.

1058 1272 1151 1300 Qusest.
1174 1274 1197 1295 ἢ.
1217 1272 1303 1295 Utrum
1319 1271 1398 1295 saneti
1417 1271 1554 1302 impetrent
1576 1271 1651 1296 nobis
1668 1272 1752 1303 aliqua

1089 1307 1141 1330 suis
1153 1307 1320 1331 orationibus.

1059 1343 1152 1370 Quaest.
1166 1344 1188 1366 3.
1203 1343 1290 1367 Utrum
1303 1342 1363 1366 utile
1380 1342 1411 1365 sit
1420 1342 1496 1366 nohis
1506 1349 1598 1372 rogare
1610 1343 1719 1366 sanctos.

1058 1378 1127 1402 Disr.
1144 1385 1213 1402 XLvi.

1059 1413 1188 1443 Expositio
1204 1414 1297 1437 textus.

1059 1450 1120 1472 Aur.
1136 1455 1153 1472 1.
1168 1449 1260 1477 Quoest.
1281 1450 1302 1472 1.
1320 1448 1407 1472 Utrum
1426 1449 1509 1479 aliqua
1528 1448 1651 1479 mitigatio
1665 1455 1750 1480 pcenoe

1089 1484 1132 1507 fiat
1146 1484 1272 1508 damnatis
1283 1485 1387 1514 propter
1399 1483 1519 1514 suffragia
1530 1483 1658 1507 Ecclesiae.

1059 1520 1152 1548 Quaest.
1173 1521 1196 1543 2.
1215 1520 1304 1543 Utrum
1324 1518 1367 1542 fiat
1385 1519 1508 1549 mitigatio
1530 1521 1634 1549 propter
1656 1519 1752 1543 miseri-

1089 1555 1181 1579 cordiae
1195 1555 1314 1585 pietatem
1330 1554 1361 1577 de
1373 1554 1456 1585 psruis
1468 1555 1657 1578 damnatorum.

1058 1590 1153 1618 Quaest.
1169 1590 1191 1613 3.
1212 1590 1302 1613 [trum
1324 1590 1391 1612 Deus
1410 1589 1597 1613 misericordius
1615 1591 1673 1620 agat
1692 1595 1751 1613 cum

1089 1632 1149 1654 uno,
1162 1631 1238 1655 quam
1253 1631 1310 1647 cum
1328 1624 1417 1648 altero.

1058 1660 1153 1688 Quaest.
1177 1661 1199 1683 4.
1218 1660 1308 1683 Utrum
1330 1661 1396 1683 Deus
1420 1661 1478 1690 agat
1496 1659 1589 1690 justius
1605 1666 1663 1683 cum
1680 1666 1750 1690 uno,

1089 1702 1165 1726 quam
1177 1702 1234 1719 cum
1247 1695 1335 1719 altero.

1059 1733 1120 1755 ART.
1133 1737 1160 1755 ιι.
1172 1731 1266 1759 Quaest.
1284 1733 1305 1754 1.
1321 1731 1411 1755 Utrum
1422 1731 1448 1754 in
1459 1730 1544 1761 aliquo
1559 1737 1637 1761 opere
1650 1729 1752 1754 Domini

1089 1767 1121 1790 sit
1130 1766 1302 1790 misericordi-u
1318 1768 1342 1789 et
1357 1766 1459 1790 veritas.

1058 1803 1152 1831 Quaest.
1166 1803 1189 1825 2.
1201 1802 1290 1825 Utrum
1298 1800 1323 1824 in
1334 1801 1425 1824 eodem
1435 1807 1512 1831 opere
1524 1800 1626 1824 Domini
1634 1800 1666 1824 sit
1677 1801 1751 1825 mise-

1089 1837 1197 1861 ricordia
1212 1839 1236 1860 et
1251 1836 1353 1860 veritus.

1059 1874 1152 1902 Quaest.
1171 1874 1194 1895 3.
1211 1873 1248 1895 An
1261 1871 1362 1902 proprie
1375 1871 1400 1894 16
1414 1870 1485 1894 omni
1503 1877 1582 1901 opere
1603 1871 1704 1894 Domini
1719 1871 1750 1896 sit

1089 1907 1263 1932 misericordia
1274 1908 1298 1930 et
1308 1906 1410 1930 veritas.

1059 1945 1152 1973 Quzest.
1167 1944 1189 1965 4.
1202 1943 1292 1966 Utrum
1308 1941 1387 1972 possit
1404 1942 1470 1965 Deus
1484 1941 1578 1971 aliquid
1588 1947 1649 1972 pure
1664 1942 1751 1966 remit-

1089 1981 1141 2003 tere
1153 1984 1184 2001 ex
1196 1977 1305 2009 justitia,
1317 1977 1357 2000 vel
1366 1983 1428 2007 pure
1439 1983 1603 2000 remunerare
1615 1983 1645 2000 ex
1656 1977 1752 2001 miseri-

1089 2013 1187 2043 cordia,
1201 2013 1235 2036 ita
1247 2012 1315 2043 quod
1329 2012 1377 2036 ista
1391 2012 1440 2036 duo
1454 2013 1610 2042 separentur.

1059 2050 1130 2074 D1sr.
1149 2054 1230 2072 nvn.

1059 2084 1189 2115 Expositio
1203 2085 1295 2107 textus.

1060 2119 1122 2139 Aur.
1140 2121 1158 2138 ι.

1059 2152 1153 2180 Quaest.
1172 2153 1192 2174 1.
1211 2151 1299 2174 [trum
1315 2148 1422 2179 apostoli
1433 2148 1592 2179 judicabunt.

1060 2187 1153 2215 Quaest.
1170 2187 1191 2210 2.
1211 2186 1298 2209 L'trum
1315 2184 1398 2215 angeli
1411 2183 1571 2214 judicabunt.

1059 2222 1153 2250 Quaest.
1174 2222 1197 2244 3.
1216 2221 1304 2244 Utrum
1320 2219 1609 2250 omnesjudicahuntur‚
1620 2221 1671 2243 tam
1681 2219 1753 2249 boni,

1090 2263 1166 2287 quam
1179 2256 1248 2280 mali.

1059 2293 1153 2321 Quaest.
1169 2294 1191 2315 4.
1209 2292 1297 2315 Utrum
1312 2290 1395 2320 angeli
1407 2289 1598 2321 judicabuntur.

1060 2330 1120 2352 ART.
1140 2334 1169 2351 ιι.
1189 2328 1283 2355 Quaest.
1303 2329 1324 2350 1.
1347 2327 1437 2350 Utrum
1452 2325 1517 2355 iguis
1532 2325 1751 2356 conflagrationis,

1089 2363 1131 2394 qui
1142 2362 1270 2393 praecedet
1280 2361 1371 2385 faciem
1380 2360 1483 2391 judicis,
1498 2360 1529 2384 sit
1543 2360 1707 2384 elementum.

1060 2400 1155 2428 Quaest.
1170 2399 1193 2421 2.
1211 2399 1300 2422 Utrum
1322 2397 1398 2420 virtus
1415 2395 1480 2420 itlius
1499 2395 1564 2426 iguis
1579 2395 1611 2419 sit
1622 2396 1751 2427 naturalis,

1091 2441 1122 2457 an
1134 2440 1211 2463 supra
1223 2434 1349 2456 naturam.

1060 2470 1154 2498 Qurest.
1176 2470 1200 2491 3.
1227 2468 1317 2492 Utrum
1340 2466 1405 2497 ignis
1430 2464 1633 2495 conflagrationis
1655 2468 1753 2490 tantum

1091 2504 1222 2533 ascendet,
1241 2504 1364 2534 quantum
1382 2507 1454 2532 aquae
1468 2500 1566 2531 diluvii;
1584 2501 1624 2524 vel
1639 2501 1670 2525 de
1688 2501 1753 2525 illius

1090 2540 1156 2570 iguis
1168 2538 1328 2563 extensione.

1061 2577 1155 2604 Quaest.
1178 2576 1199 2598 4.
1218 2574 1308 2598 Utrum
1327 2572 1369 2596 ille
1390 2571 1455 2602 ignis
1473 2571 1599 2602 praecedat
1611 2571 1752 2602 judicium,

1092 2618 1124 2635 an
1141 2611 1268 2641 sequatur.

1062 2648 1133 2670 Disr.
1152 2650 1242 2669 ΔιιΛιιιι.

1063 2681 1192 2713 Expositio
1203 2682 1296 2705 textus.

1227 1096 1316 1120 Utrum
1344 1095 1441 1126 prosint
1468 1094 1587 1127 suffragia
1612 1096 1678 1120 faeta
1706 1102 1751 1126 per

1778 287 1823 310 486

1779 321 1822 345 487

1779 391 1823 415 48⁸

1779 426 1820 450 491

1779 530 1823 554 49³

1780 566 1824 590 495

1781 637 1823 660 497

1780 671 1826 695 499

1781 706 1825 730 504

1781 742 1825 766 507

1780 813 1825 837 510

1781 885 1808 907 51
1816 885 1825 908 t

1779 955 1825 979 512

1782 990 1827 1014 513

1783 1062 1827 1085 514

1783 1131 1827 1155 515

1783 1202 1829 1225 516

1784 1237 1829 1260 518

1784 1308 1830 1331 519

1783 1343 1828 1366 520

1784 1379 1829 1402 522

1783 1414 1828 1438 525

1783 1485 1827 1508 527

1783 1555 1828 1578 529

1782 1625 1827 1648 530

1781 1696 1825 1720 531

1783 1767 1829 1791 532

1783 1837 1828 1860 533

1783 1908 1828 1931 534

1783 2014 1827 2037 535

1785 2049 1829 2071 537

1783 2084 1829 2107 539

1785 2114 1830 2137 540

1784 2150 1827 2172 54¹

1785 2184 1830 2207 542

1785 2256 1829 2278 543

1785 2291 1829 2314 544

1785 2361 1830 2384 545

1783 2433 1829 2456 546

1785 2538 1830 2561 548

1785 2608 1830 2631 549

1785 2643 1830 2666 550

1785 2678 1830 2702 552
