1991 3006
753 181 938 213 DISTINCT.
963 181 1091 213 XXXIV.

127 247 280 287 obligatio
291 272 298 285 ‚
315 248 390 287 quia
404 248 519 279 affectu
535 248 671 279 maritali
687 248 823 279 invicem
839 258 893 278 co-

128 301 270 331 habitare
285 304 414 341 possunt
428 313 434 331 z
453 302 537 332 unde
552 302 641 332 valde
656 302 804 332 laudandi
820 304 895 331 sunt

128 363 165 384 eo
191 355 276 394 quod
304 355 432 385 insimul
456 357 684 394 permaneant,
710 355 770 385 11151
797 355 896 385 velint

128 409 261 439 transire
271 409 309 439 ad
320 409 487 439 arctiorem
502 409 612 440 vitam.
624 409 711 446 Quod
727 409 894 448 quaeritur,

129 463 152 493 si
179 463 248 494 viro
261 466 384 503 petente
399 464 510 494 debeat
528 465 612 502 fieri,
630 464 796 495 dicendum
812 464 897 503 quod

129 516 188 553 sic,
209 516 235 545 si
256 517 379 556 probari
400 517 510 556 possit3
534 520 673 547 attamen
689 518 764 557 quia
789 519 898 548 contra

130 577 179 606 se,
197 571 227 599 et
248 571 356 599 contra
382 570 624 600 matrimonium
641 571 743 607 vadit,
761 571 898 610 suspicio

131 621 214 651 mala
242 621 279 651 (16
294 622 362 652 viro
389 622 560 661 colligitur.
588 623 625 653 Et
646 623 715 654 ideo
735 624 899 654 abundans

131 675 273 713 probatio
286 674 338 704 tali
357 676 426 706 viro
439 675 587 706 indicitur
601 699 610 713 ,
630 677 770 707 maxime
786 677 811 706 si
828 686 898 707 mu-

131 726 188 756 lier
203 727 283 757 dicat
302 736 335 757 se
349 728 508 766 cognitam
524 738 592 759 esse
609 729 648 759 ab
673 729 751 769 ipso.
770 729 858 766 Quod
875 729 900 759 51

133 779 245 810 mulier
272 781 458 811 confiteatur
475 805 481 817 ‚
514 783 567 811 aut
590 784 713 821 oportet
740 782 902 813 evidenter

133 832 276 871 probare,
287 836 341 863 aut
356 833 470 864 debent
480 835 574 864 ambo
589 835 713 874 innupti
726 844 900 872 remanere,

132 885 182 915 vel
206 886 299 915 etiam
322 895 488 926 nunquam
510 887 649 926 separari
666 898 673 917 τ
691 896 747 927 pro
767 897 830 926 quo
846 887 903 918 Ec-

134 937 226 968 clesia
240 939 331 969 debet
346 939 555 977 diligentiam,
572 949 668 979 quam
682 943 798 980 potest,
813 941 901 971 adhi-

135 992 217 1021 bere.

456 1042 523 1063 111111.
547 1042 590 1063 1v.

135 1093 247 1123 Septima
260 1099 335 1117 manu
353 1095 557 1126 propinquorum
571 1095 643 1119 tactis
658 1097 842 1127 sacrosanctis,
856 1098 904 1120 etc.

175 1150 306 1182 Videtur
329 1152 410 1183 male
435 1153 556 1191 dicere,
582 1154 656 1193 quia
678 1154 786 1185 nullus
813 1154 906 1185 debet

133 1205 261 1242 Jurare‚
278 1204 338 1234 nisi
363 1205 400 1235 de
424 1215 461 1236 eo
483 1206 521 1236 de
546 1216 609 1246 quo
631 1210 733 1238 certus
755 1210 823 1238 est:
852 1207 905 1237 sed

136 1256 243 1287 nullus
269 1257 522 1297 propinquorum
553 1262 657 1289 certus
685 1263 731 1290 est
745 1284 752 1297 ‚
784 1269 840 1300 pro
870 1269 906 1289 co

137 1309 221 1348 quod
237 1312 325 1340 actus
340 1310 390 1340 ille
405 1310 542 1341 latebras
556 1313 708 1351 requirit:
728 1322 805 1351 ergo
824 1313 908 1343 vide-

138 1367 190 1392 tur
204 1363 288 1402 quod
303 1364 411 1394 nullus
426 1365 523 1403 possit
534 1366 655 1404 ι11111116.

181 1415 256 1446 Item
270 1439 277 1452 ,
302 1419 368 1447 6510
390 1418 473 1457 quod
498 1418 605 1448 nullus
627 1419 665 1448 511
690 1420 906 1458 propinquus,

140 1469 189 1499 vel
200 1471 302 1509 pauci,
315 1472 469 1510 numquid
484 1474 632 1511 poterunt
642 1473 780 1512 separari
790 1473 804 1502 ἵ)
817 1473 906 1509 Item,

140 1531 238 1561 quare
259 1524 445 1562 magisrhoc
464 1524 556 1554 debet
574 1525 639 1555 fieri
661 1534 758 1555 manu
778 1526 907 1565 propin-

140 1584 278 1614 quorum
289 1599 298 1613 ‚
316 1586 412 1615 qnam
427 1577 562 1607 aliorum
572 1578 586 1607 ⁶?

182 1627 272 1668 Resp.
299 1629 470 1660 Dicendum
490 1631 592 1669 quod,
609 1631 757 1670 quamvis
779 1631 816 1661 de
839 1633 911 1662 actu

143 1681 195 1711 illo
210 1681 264 1711 vix
278 1684 333 1712 aut
343 1692 507 1722 nunquam
521 1684 675 1715 habeatur
690 1684 845 1715 certitudo
856 1694 911 1724 per

143 1734 215 1764 faeti
244 1735 433 1766 evidentiam
446 1760 453 1773 ‚
484 1736 620 1767 habetur
648 1739 756 1767 tamen
776 1738 910 1777 utpluri-

144 1797 235 1818 mum
249 1798 304 1828 per
316 1789 410 1828 signa
425 1789 601 1829 probabilia
616 1814 623 1827 ,
641 1793 671 1821 61
686 1800 741 1830 per
758 1792 914 1830 coniectu-

144 1850 211 1879 raS,
228 1850 301 1881 quae
324 1843 471 1881 quamvis
494 1852 557 1873 non
583 1843 741 1873 sufficiant
760 1844 798 1874 ad
815 1852 915 1881 gene-

145 1895 277 1926 randam
299 1895 479 1932 scientiam,
497 1895 659 1926 sufficiunt
682 1898 788 1926 tamen
803 1896 842 1926 ad
859 1905 915 1934 ge-

146 1948 318 1978 nerandam
350 1948 460 1985 fidem,
491 1949 557 1978 sive
581 1948 818 1986 credulitatem,
843 1957 915 1988 quae

147 2000 275 2040 aliquod
290 2000 389 2030 robur
405 2003 542 2039 praestat.
559 2000 630 2030 Dico
648 2000 760 2039 igitur,
778 2001 862 2040 quod
877 2001 914 2031 ad

147 2053 207 2084 hoc
230 2053 313 2093 quod
328 2053 501 2084 divortium
517 2054 588 2091 fiat,
606 2056 738 2093 uterque
758 2054 850 2084 debet
861 2055 916 2093 Ju-

147 2116 227 2146 1616,
238 2107 323 2147 quod
338 2116 502 2147 nunquam
518 2107 684 2138 carnaliter
697 2107 916 2144 convenerint,

148 2170 205 2191 1166
227 2161 396 2191 convenire
424 2161 582 2200 potuerint
595 2183 602 2197 ⁷
620 2162 650 2190 et
678 2160 762 2200 quod
789 2170 917 2200 operam

147 2213 306 2252 dederint,
325 2216 355 2244 et
370 2213 607 2253 unusquisque,
626 2213 710 2253 quod
739 2222 791 2252 per
806 2223 839 2244 se
855 2223 919 2244 non

149 2267 288 2304 steterit,
306 2269 336 2297 et
353 2266 521 2306 propinqui
533 2266 648 2296 dehent
659 2268 770 2305 Jurare
783 2267 866 2306 quod
878 2267 921 2296 ita

150 2320 280 2350 credunt
295 2331 301 2350 :
329 2322 357 2350 61
374 2323 449 2350 111116
464 2329 504 2350 ex
519 2329 581 2359 quo
600 2320 696 2350 simul
721 2320 919 2350 cohabitave-

151 2375 226 2403 runt
250 2382 305 2413 per
328 2376 452 2413 tempus
466 2373 626 2403 sufficiens
640 2397 647 2409 ‚
665 2373 761 2403 dividi
778 2375 919 2412 possunt.

153 2426 184 2457 Si
201 2430 306 2457 autem
322 2427 400 2457 alter
421 2436 549 2464 eorum,
566 2428 673 2466 utpote
689 2426 821 2464 mulier,
840 2426 922 2456 dicat

153 2480 238 2519 quod
254 2489 318 2510 non
334 2480 372 2510 sit
387 2480 514 2519 cognita
527 2504 534 2517 ‚
550 2482 578 2510 et
596 2479 644 2510 vir
659 2479 740 2510 dicat
754 2480 840 2519 qnod
856 2479 899 2509 sic
912 2503 920 2517 ‚

154 2533 303 2563 standum
319 2535 365 2564 est
379 2533 465 2571 viro,
481 2534 554 2573 quia
573 2533 622 2564 vir
636 2535 682 2563 est
698 2535 793 2572 caput
809 2532 923 2563 mulie-

157 2587 214 2623 ris,
231 2587 305 2625 quia
321 2586 413 2616 etiam
426 2586 568 2626 loquitur
585 2595 641 2625 pro
656 2595 749 2616 eausa
765 2585 925 2616 matrimo-

188 2651 219 2681 (a)
237 2650 297 2674 Cret.
313 2649 372 2673 edic.
388 2656 441 2680 pei·<
452 2663 482 2668 —-
493 2650 528 2681 (b)
542 2650 756 2674 fortificationem.

1659 191 1717 219 3023

950 248 1042 285 niali,
1059 257 1131 288 quae
1144 251 1190 279 est
1206 251 1344 282 maxime
1358 252 1547 284 favorabilis.
1564 254 1597 284 Si
1611 257 1717 285 autem

952 302 1065 332 mulier
1079 302 1152 333 velit
1169 302 1283 333 offerre
1295 327 1304 341 ‚
1322 307 1352 334 61
1366 305 1516 345 replicare
1531 307 1636 347 ipsum
1651 317 1719 339 6556

952 356 1120 386 mentitum
1134 379 1143 393 ,
1170 365 1226 395 per
1247 357 1461 388 ostensionem
1485 359 1696 391 claustrorum
1709 385 1717 399 ,

953 409 1099 438 standum
1113 411 1159 439 est
1173 409 1349 448 probationi
1363 411 1516 443 mulieris.
1532 412 1565 444 Si
1583 423 1659 444 vero
1669 414 1721 445 vir

953 462 1037 499 petat
1052 461 1251 499 divisionem,
1264 464 1294 492 61
1308 462 1389 493 dicat
1400 473 1432 494 se
1446 473 1510 495 non
1523 467 1720 504 cognovisse,

955 515 985 543 et
999 513 1112 544 mulier
1126 514 1207 544 dicat
1224 524 1256 545 se
1267 514 1363 545 fuisse
1378 517 1539 555 cognitam
1550 542 1559 556 ‚
1577 520 1723 558 quamvis

955 567 1004 596 vir
1022 567 1061 597 sit
1081 570 1175 607 caput
1192 568 1352 606 mulieris,
1367 571 1473 600 tamen
1488 580 1552 601 non
1574 575 1620 603 est
1639 576 1724 603 stan-

956 620 1033 650 dum
1044 621 1226 659 juramento
1240 621 1321 658 viri,
1337 631 1394 661 pro
1409 632 1445 653 eo
1465 624 1548 662 quod
1567 625 1634 664 ipse
1648 636 1722 657 con-

957 676 1004 704 tra
1021 674 1259 705 matrimonium
1283 675 1368 714 agit,
1384 678 1414 706 et
1430 676 1522 707 multi
1539 677 1726 718 relinquunt

959 736 1074 758 uxores
1098 737 1182 758 suas.
1200 727 1287 759 Unde
1313 729 1337 758 si
1355 729 1426 759 111166
1450 731 1650 769 probationes
1664 741 1728 763 non

958 783 1050 817 511111,
1066 790 1128 811 11011
1144 784 1191 811 651
1214 782 1362 812 standum
1380 792 1435 822 pro
1449 792 1502 821 eo,
1519 784 1572 814 sed
1587 794 1643 824 pro
1658 794 1726 815 ma-

959 834 1120 864 trimonio.
1139 834 1226 871 Quod
1243 835 1413 875 quaeritur,
1430 846 1528 876 quare
1544 846 1641 868 manu
1656 847 1729 878 pro-

960 886 1156 925 pinquorum
1169 911 1178 925 ,
1194 888 1362 919 dicendum
1376 890 1460 929 quod
1478 890 1539 921 hoc
1551 893 1597 921 651
1615 900 1654 922 ex
1670 892 1731 922 du-

962 939 1033 978 plici
1059 941 1181 970 rationo
1200 951 1206 971 τ
1225 943 1292 971 111111
1310 942 1386 981 quia
1407 942 1451 973 eis
1469 943 1574 982 magis
1591 946 1730 982 constat;

963 994 1031 1022 tum
1057 993 1151 1023 etiam
1174 995 1250 1033 quia
1273 995 1431 1034 probabile
1451 998 1497 1026 est
1518 997 1604 1036 quod
1627 998 1733 1036 magis

964 1055 1020 1084 pro
1035 1046 1239 1077 matrimonio
1254 1049 1346 1078 stent.

1288 1119 1354 1140 DUB.
1380 1120 1411 1141 V.

1023 1169 1092 1192 Tunc
1109 1169 1134 1192 111
1144 1188 1151 1199 ,
1165 1169 1207 1199 qui
1216 1169 1379 1200 juraverant,
1392 1171 1496 1203 perjurii
1515 1172 1620 1198 erimine
1633 1175 1668 1198 rei

1282 1207 1423 1232 teneantur.

1004 1255 1135 1287 Videtur
1159 1258 1242 1289 male
1262 1259 1384 1298 dicere,
1406 1260 1483 1300 quia
1497 1262 1685 1300 juraverant
1700 1273 1732 1294 se

963 1308 1007 1338 ita
1028 1308 1152 1339 credere
1171 1320 1177 1339 z
1200 1310 1253 1340 secl
1277 1312 1425 1349 quamvis
1445 1322 1508 1343 non
1533 1313 1576 1343 ita
1598 1313 1652 1351 sit,
1669 1323 1733 1345 non

963 1363 1090 1400 propter
1105 1361 1165 1392 hoc
1181 1363 1370 1401 juraverant
1386 1365 1500 1396 falsum
1512 1389 1521 1403 ,
1547 1375 1605 1397 nec
1625 1369 1734 1398 contra

965 1416 1103 1444 mentem
1119 1425 1124 1444 ;
1142 1424 1220 1454 ergo
1234 1425 1299 1446 non
1315 1419 1389 1447 sunt
1406 1418 1534 1457 perjuri.

1006 1466 1097 1506 Resp.
1115 1467 1286 1498 Dicendum
1304 1470 1387 1508 quod
1410 1470 1551 1501 facienda
1573 1473 1619 1502 est
1639 1472 1688 1503 vis
1703 1472 1736 1502 in

967 1520 1073 1549 verbo.
1092 1519 1160 1550 Non
1175 1521 1260 1551 enim
1276 1521 1350 1552 dicit
1364 1523 1449 1562 quod
1464 1524 1526 1554 sint
1542 1525 1672 1564 periuri,
1683 1526 1737 1556 sed

966 1573 1051 1611 quod
1066 1573 1111 1602 rei
1126 1575 1293 1604 teneantur
1305 1600 1312 1612 ,
1331 1576 1406 1615 quia
1422 1577 1464 1606 ita
1480 1579 1678 1609 retractanda
1691 1581 1738 1609 est

967 1627 1124 1657 sententia
1148 1627 1275 1658 divortii
1296 1628 1359 1659 lata
1377 1632 1505 1669 propter
1522 1631 1561 1670 (a)
1584 1631 1637 1661 illa
1650 1633 1739 1671 Jura-

968 1682 1089 1717 menta,
1111 1681 1192 1711 sicut
1211 1681 1237 1711 51
1258 1682 1320 1712 lata
1339 1686 1420 1713 esset
1439 1687 1566 1724 propter
1587 1685 1625 1724 (a)
1644 1686 1738 1724 jura-

969 1735 1075 1763 menta
1105 1733 1199 1771 salsa3
1231 1744 1288 1774 pro
1312 1744 1348 1765 60
1372 1736 1457 1775 quod
1480 1737 1552 1767 facti
1583 1738 1741 1769 evidentia

969 1787 1103 1818 ostendit
1127 1787 1179 1817 illa
1199 1789 1382 1827 juramenta
1402 1790 1497 1820 fuisse
1524 1791 1614 1821 nulla
1637 1801 1740 1831 quan—

971 1842 1040 1868 tum
1056 1840 1094 1869 ad
1110 1840 1196 1870 illam
1209 1842 1399 1872 sententiam
1417 1842 1646 1874 fortificandam
1664 1855 1670 1875 :
1685 1854 1743 1875 nec

972 1892 1177 1930 praebuerunt
1203 1894 1449 1925 notificationem
1478 1896 1530 1935 (b),
1559 1897 1611 1927 sed
1640 1898 1743 1937 potius

971 1945 1094 1975 errandi
1108 1947 1318 1978 occasionem.

1288 2052 1355 2073 DUB.
1380 2053 1423 2074 Vl.

995 2112 1121 2135 Prioribus
1149 2119 1213 2143 quos
1239 2113 1426 2146 relinquerant,
1452 2116 1549 2139 etiamsi
1573 2117 1725 2147 possibilitas

1019 2148 1204 2171 concumbendi
1215 2148 1251 2172 eis
1266 2149 1364 2173 reddita
1380 2150 1464 2181 fuerit,
1475 2152 1641 2183 reconciliari,
1652 2155 1701 2177 etc.

1016 2213 1145 2245 Videtur
1169 2215 1250 2245 male
1271 2216 1394 2255 dicere,
1417 2218 1491 2257 quia
1512 2220 1537 2249 si
1560 2221 1748 2259 copulentur

976 2267 1062 2304 aliis,
1080 2270 1111 2297 61
1134 2272 1248 2299 60611111
1273 2270 1408 2300 invicem
1422 2295 1429 2308 ‚
1447 2274 1522 2302 tunc
1541 2275 1686 2312 apertum
1703 2277 1748 2305 est

977 2321 1060 2360 quod
1077 2321 1216 2351 solutum
1232 2324 1278 2352 est
1301 2324 1490 2355 maleficium
1508 2337 1514 2355 :
1530 2335 1607 2366 ergo
1623 2327 1749 2358 videtur

977 2374 1061 2413 quod
1075 2383 1139 2404 non
1154 2375 1249 2405 suerit
1263 2379 1454 2415 perpetuum
1472 2391 1478 2410 :
1495 2388 1586 2419 ergo,
1599 2382 1657 2410 etc.

1019 2426 1110 2466 Resp.
1129 2427 1300 2458 Dicendum
1321 2430 1406 2469 quod
1429 2440 1502 2462 cum
1528 2432 1643 2463 dicitur
1665 2434 1750 2473 quod

979 2489 1040 2510 non
1067 2483 1199 2519 possunt
1217 2482 1433 2522 reconciliari,
1460 2484 1520 2515 hoc
1541 2485 1748 2525 intelligitur,

979 2533 1106 2572 quando
1129 2535 1337 2573 praesumitur
1358 2536 1549 2568 maleficium
1563 2538 1639 2569 illud
1656 2539 1750 2569 fuisse

981 2585 1144 2625 personale
1163 2597 1169 2617 :
1194 2589 1225 2617 et
1244 2589 1320 2618 tunc
1334 2588 1419 2619 valet
1440 2592 1572 2630 uterque
1595 2592 1750 2630 conjungi

981 2639 1033 2669 alii
1045 2663 1052 2676 ,
1070 2640 1144 2678 quia
1159 2650 1222 2671 non
1234 2641 1328 2672 habet
1340 2642 1597 2680 illegitimitatem
1613 2644 1673 2674 nisi
1687 2653 1749 2676 res-
