1991 3006
164 188 222 218 302

163 253 254 292 plura
271 253 353 283 bona
369 251 569 291 paucioribus
586 250 717 280 meliora
735 251 826 281 sunt,
844 246 930 277 vide-

162 309 213 337 tur
228 305 311 345 quod
329 303 503 344 perfectiori
520 303 613 334 modo
626 303 721 334 fuerit
735 301 910 332 continens.

204 359 293 398 Resp.
334 357 506 387 Dicendum
536 357 619 396 quod
649 354 841 386 continentia
869 362 933 384 uno

162 413 255 443 modo
279 411 353 442 dicit
377 410 587 450 privationem
612 409 825 440 universalem
850 407 934 437 illius

161 469 269 502 actu5‚
297 466 327 495 et
351 464 395 494 sie
421 466 512 494 vocat
535 463 737 502 Augustinus
761 461 934 491 castitatem

162 519 331 555 caetihum;
352 517 414 548 alio
435 517 529 547 modo
551 517 624 547 dicit
641 515 851 555 privationem
872 514 932 543 im-

162 571 368 603 moderantiae
387 570 438 601 vel
459 569 676 610 temperantia}
692 569 834 607 respectu
851 566 935 597 illius

162 627 251 656 actus
266 635 272 654 z
300 624 360 654 hoe
377 622 470 653 modo
491 622 580 662 ponit
598 624 704 652 actum
721 630 793 650 cum
811 619 933 649 modes-

162 679 225 709 tia:
253 680 284 708 et
307 677 389 707 hanc
412 678 503 707 vocat
537 676 712 706 castitatem
736 673 934 712 nuptiarum.

163 733 222 764 Per
243 732 379 772 primam
401 730 469 761 vult
490 729 587 760 homo
606 728 694 759 nullo
717 727 811 758 modo
831 726 934 763 eoire;

163 795 219 826 per
234 784 405 816 secundani
421 792 496 814 vero
514 782 582 812 vult
596 781 735 821 quando,
752 782 782 810 et
794 788 857 819 quo
874 788 937 809 mo-

162 840 201 871 do
212 864 221 878 ,
239 842 268 870 et
284 848 356 870 cuni
372 848 436 878 qua
451 837 544 867 debet
556 836 652 867 coire.
670 835 777 866 Prima
791 836 837 864 est
851 833 937 863 nobi-

162 894 233 931 lior,
248 902 345 933 quam
359 891 507 921 secunda.
524 889 549 920 U
553 892 696 928 tranique
711 888 826 918 harum
842 886 937 916 simul

163 947 280 978 habere
299 946 331 975 in
351 954 411 975 usu
431 946 476 974 est
494 942 708 983 impossibile;
732 941 786 971 sed
806 940 937 970 alteram

163 1001 280 1031 habere
295 1000 325 1029 iu
339 1008 416 1036 usu,
436 998 567 1028 alteram
584 997 615 1026 in
628 996 739 1026 habitu
752 994 877 1025 nullum
891 995 938 1023 est

164 1052 392 1083 inconveniens
407 1062 412 1081 z
437 1053 466 1081 et
483 1051 527 1081 sic
543 1050 603 1080 fuit
620 1050 653 1080 in
668 1048 827 1079 Abraham
839 1071 847 1084 ,
864 1046 937 1086 quia

166 1106 391 1137 continentiam
406 1104 592 1143 nuptiarum
613 1102 725 1133 habuit
740 1102 771 1131 in
788 1109 867 1136 usu,
885 1099 937 1129 sed

165 1160 297 1191 alteram
318 1159 349 1189 in
373 1158 503 1195 habitu,
526 1157 600 1196 quia
624 1155 809 1186 facillimum
832 1153 939 1183 suisset

166 1213 194 1243 ei
210 1215 362 1252 tanquam
386 1211 455 1241 viro
470 1209 756 1250 temperantissime
772 1206 936 1237 universa-

164 1267 235 1297 liter
249 1276 267 1297 a
283 1266 419 1296 muliere
438 1264 598 1295 abstinere
615 1273 621 1293 :
646 1264 676 1292 et
694 1262 775 1292 hanc
790 1260 937 1291 volunta-

164 1325 228 1352 tem
244 1321 380 1351 habebat
391 1344 400 1358 ,
417 1322 573 1360 quantum
590 1320 657 1349 erat
670 1318 702 1347 in
717 1326 748 1347 se
764 1327 770 1346 z
789 1318 819 1346 et
833 1315 877 1345 sic
887 1324 939 1355 pa-

164 1378 207 1405 tet
222 1384 286 1415 quo
302 1374 396 1404 modo
411 1373 523 1404 habuit
537 1375 717 1411 utramque.
740 1369 826 1400 Patet
842 1369 937 1399 etiam

163 1439 227 1468 quo
251 1429 343 1459 modo
365 1427 592 1458 continentiam
615 1425 726 1456 habuit
748 1424 781 1453 in
804 1423 935 1460 habitu,

164 1492 226 1513 non
241 1483 272 1512 in
288 1491 381 1522 opere.
396 1483 554 1521 quantum
565 1480 603 1510 ad
617 1478 832 1509 omnimodam
845 1477 938 1506 absti-

161 1537 312 1566 nentiam.
336 1536 423 1566 Patet
442 1535 537 1565 etiam
549 1558 557 1571 ,
579 1533 665 1572 quod
681 1541 744 1562 non
764 1533 808 1561 est
825 1530 936 1560 melius

161 1590 277 1620 habere
292 1589 401 1619 ambas
413 1612 421 1626 ,
439 1597 537 1627 quam
554 1586 684 1616 alteram
698 1609 705 1622 ,
721 1585 797 1624 quia
814 1584 937 1613 castitas

161 1643 322 1673 caelibatus
342 1642 481 1672 eontinet
495 1641 528 1670 in
544 1650 576 1670 se
596 1638 749 1679 quidquid
772 1637 935 1677 perfectio-

161 1696 210 1726 nis
224 1696 320 1726 habet
334 1695 442 1725 altera.

481 1788 548 1809 DUB.
571 1786 615 1807 lV.

197 1851 284 1875 Omnis
299 1852 366 1874 retro
381 1851 481 1874 sanctos
496 1848 610 1877 eiusdem
628 1847 702 1870 fuisse
717 1845 816 1876 meriti,
834 1845 906 1875 cujus

404 1892 471 1909 nune
486 1883 619 1908 Christiani
634 1884 700 1906 sunt.

205 1958 335 1990 Videtur
350 1957 432 1988 male
447 1956 549 1987 dicere
560 1979 567 1992 ‚
584 1954 658 1994 quia
673 1954 698 1984 si
713 1954 740 1993 ej
747 1953 856 1984 usdem
873 1962 938 1983 me-

163 2011 217 2041 riti
238 2012 387 2048 fuerunt,
414 2019 492 2048 ergo
514 2010 613 2039 status
641 2007 735 2045 Legis
758 2006 937 2045 aequipara-

163 2066 215 2095 tur
225 2065 319 2095 statui
336 2062 499 2102 Evangelii
518 2073 524 2092 :
539 2060 697 2101 quomodo
711 2060 810 2097 igitur
824 2068 936 2089 verum

163 2120 228 2156 est,
255 2117 339 2156 quod
360 2118 429 2155 post
452 2115 624 2146 adveutum
645 2112 817 2143 Salvatoris
836 2111 937 2142 effusa

165 2171 205 2201 sit
218 2170 309 2210 plene
327 2169 431 2208 gratia
445 2168 582 2207 Spiritus
597 2166 718 2197 sancti?

207 2223 297 2263 Resp.
315 2222 488 2253 Dicendum
502 2221 587 2261 quod
601 2219 772 2250 relativum
788 2218 934 2248 identita-

165 2276 224 2313 tis,
246 2278 276 2306 et
297 2275 484 2306 adverbium
499 2271 714 2304 similitudinis
736 2271 768 2301 in
790 2270 936 2310 praesenti

165 2329 349 2360 auctoritate
362 2337 426 2358 non
438 2328 548 2358 dicunt
563 2325 789 2366 aequfflstatem,
806 2324 860 2354 sed
873 2332 938 2353 ma-

167 2383 217 2421 gis
231 2381 467 2422 proportionem
478 2405 487 2418 ,
510 2382 545 2410 ut
561 2380 604 2409 ita
621 2378 819 2416 intelligatur
834 2387 841 2407 :
863 2376 937 2416 quia

165 2435 247 2466 sieut
261 2434 410 2474 competit
420 2434 486 2472 legi
499 2432 692 2471 evangelicae
707 2431 878 2467 continere,
895 2430 937 2459 ita

166 2489 286 2519 nubere
301 2489 376 2518 tunc
391 2498 398 2517 z
420 2489 527 2517 tamen
544 2486 604 2516 hoc
618 2484 740 2515 excedit
753 2483 830 2514 illud
844 2482 935 2513 abso-

167 2542 252 2580 lute,
276 2544 306 2573 et
326 2543 451 2580 tempus
474 2538 595 2569 excedit
617 2540 761 2577 tempus,
787 2539 818 2567 et
840 2538 938 2567 status

201 2623 206 2636 ¹
221 2622 316 2651 cenes„
331 2626 389 2649 xxt,
401 2621 440 2644 20.
450 2631 480 2637 —
493 2619 503 2635 ἵ
513 2620 589 2649 Aug„
606 2617 637 2640 tle
651 2617 726 2640 Ciuit.
744 2616 798 2645 Dei,
812 2615 855 2639 lib.
872 2616 937 2647 XVI,

169 2665 191 2683 c.
207 2663 265 2682 xxv.
276 2670 307 2676 -
322 2656 389 2687 ³1d.‚
402 2654 432 2678 de
447 2655 530 2686 Bapt.,
543 2660 565 2677 c.
581 2658 666 2677 xV1.—
680 2652 691 2668 ⁴
702 2652 771 2682 Ose.‚
785 2657 835 2681 x11,
853 2652 891 2675 12.

722 178 1032 213 SENTENTIARUM
1055 179 1127 210 Liss.
1153 179 1202 210 lV.

988 249 1128 277 statum:
1155 247 1236 276 sicut
1259 246 1283 275 si
1308 246 1362 276 ssat
1386 246 1579 286 comparatio
1604 249 1693 286 pueri
1719 249 1757 279 ad

989 310 1143 340 puerum,
1166 303 1195 331 et
1214 300 1271 330 viri
1294 300 1332 330 ad
1348 300 1472 335 virum,
1494 300 1560 330 sive
1578 300 1617 331 ad
1641 303 1758 333 statum

989 354 1071 384 viri:
1094 354 1137 383 sie
1158 354 1189 383 in
1213 353 1371 393 proposito
1394 353 1647 391 intelligendum.
1672 354 1759 385 Unde

989 407 1087 437 sancti
1104 416 1166 437 uon
1182 407 1349 437 intendunt
1365 408 1506 437 astruere
1523 407 1736 447 aequalitatem
1751 432 1758 446 ,

990 461 1042 490 sed
1068 460 1230 490 ostendere
1259 462 1375 489 statum
1400 459 1490 490 illum
1520 469 1586 490 esse
1619 460 1759 497 bonum,

990 513 1135 553 quamvis
1151 513 1240 543 nobis
1256 522 1318 542 uon
1333 515 1488 552 competat
1501 513 1629 544 imitari.

1315 616 1384 637 mm.
1408 616 1440 637 V.

1038 680 1083 702 Eas
1098 679 1165 702 enin]
1181 686 1246 702 nun«¹
1263 685 1355 702 uxores
1369 679 1479 709 appellat
1491 679 1630 710 Scriptura,
1649 686 1715 703 nunc

1295 714 1460 738 concubinas.

1032 782 1191 818 Quzeritur
1204 804 1211 817 ,
1227 781 1302 820 quid
1317 781 1492 811 secundum
1514 782 1678 812 veritatem
1695 783 1762 813 fue-

992 837 1067 865 runt
1091 846 1097 864 :
1123 843 1196 864 cum
1226 834 1310 864 enim
1333 842 1396 864 non
1426 836 1552 873 possent
1580 835 1675 865 simul
1698 845 1765 866 esse

992 897 1108 918 uxores
1125 889 1154 917 et
1170 887 1373 924 concubinae,
1389 886 1514 917 videtur
1529 886 1691 927 Scriptura
1705 888 1765 919 fal-

992 951 1063 972 sum
1079 941 1192 971 dicere.

1032 995 1124 1034 Resp.
1148 994 1317 1024 Dicendum
1339 993 1424 1033 quod
1447 1002 1558 1024 revera
1579 984 1783 1026 concubinae⁴

992 1049 1131 1086 suerunt,
1144 1048 1224 1078 sicut
1239 1047 1345 1077 innuit
1358 1049 1464 1078 textus
1477 1048 1604 1078 Genesis
1614 1047 1652 1078 de
1665 1047 1764 1086 Agar,

993 1102 1030 1133 dc.
1046 1111 1109 1141 qua
1132 1101 1234 1141 primo
1249 1101 1382 1136 dicitur,
1404 1101 1488 1140 quod
1505 1100 1582 1131 Sara
1597 1100 1681 1131 dedit
1696 1109 1766 1131 eam

993 1156 1062 1185 viro
1077 1164 1134 1185 suo
1148 1155 1180 1184 in
1195 1164 1329 1185 uxorein
1346 1163 1354 1184 :
1371 1158 1401 1184 et
1415 1156 1484 1193 post
1499 1154 1613 1184 dicitur
1624 1155 1632 1171 ¹
1651 1165 1657 1184 z
1676 1153 1766 1193 Ejice

993 1208 1163 1245 ancillam,
1198 1211 1227 1239 ct
1258 1207 1362 1246 fitium
1391 1206 1470 1245 ejus.
1501 1207 1539 1237 Et
1567 1207 1768 1245 Augustinus

993 1270 1141 1301 expresse
1164 1261 1256 1298 dicit,
1273 1260 1312 1291 cle
1329 1259 1467 1292 Ciuitate
1484 1260 1558 1296 Dei,
1577 1260 1632 1290 ubi
1652 1259 1725 1290 dicit
1737 1263 1765 1297 ¹,

993 1314 1076 1353 quod
1097 1314 1237 1344 obedivit
1257 1313 1367 1351 uxori,
1386 1312 1545 1343 reddendo
1560 1312 1588 1343 ei
1611 1312 1764 1342 debitum.

994 1367 1145 1397 Similiter
1161 1366 1348 1403 intelligitur
1368 1365 1406 1396 de
1423 1365 1484 1396 illis
1499 1366 1623 1396 duabus
1644 1365 1766 1395 ancillis

993 1430 1133 1450 uxorum
1148 1420 1254 1457 Jacob,
1271 1428 1409 1459 quarum
1425 1418 1574 1458 quaelibet
1587 1418 1659 1448 data
1674 1418 1732 1448 fuit
1746 1427 1765 1448 a

993 1473 1121 1503 domina
1135 1473 1221 1510 viro,
1239 1475 1269 1503 et
1284 1472 1334 1502 vir
1353 1472 1385 1502 in
1401 1472 1446 1502 eis
1463 1472 1610 1502 reddebat
1627 1471 1666 1511 (a)
1683 1480 1765 1501 uxo-

993 1527 1101 1556 ribus:
1120 1526 1270 1565 quoniam
1285 1534 1363 1563 ergo
1388 1525 1420 1554 in
1446 1524 1684 1554 matrimonium
1700 1533 1765 1554 non

993 1582 1081 1609 erant
1101 1580 1295 1618 conjunctae,
1316 1578 1386 1608 ideo
1406 1577 1580 1607 secundum
1596 1577 1765 1607 veritatem

994 1642 1056 1662 non
1071 1635 1159 1662 crant
1174 1641 1307 1669 uxores,
1325 1630 1379 1661 sed
1398 1630 1595 1660 concubinae.
1613 1630 1672 1660 Sed
1688 1638 1766 1669 quo-

994 1686 1079 1715 niam
1101 1686 1214 1715 uxorio
1236 1685 1349 1715 affectu
1369 1683 1593 1721 cognoscebat,
1609 1685 1640 1713 et
1656 1692 1765 1714 semen

993 1738 1233 1778 computabatur
1254 1737 1426 1772 uxoribus,
1448 1736 1537 1766 etita
1555 1735 1739 1774 legitimum
1756 1747 1763 1767 ε

993 1792 1068 1822 hinc
1082 1793 1128 1822 est
1152 1791 1236 1831 quod
1261 1799 1375 1821 uxores
1395 1789 1554 1819 dicuntur.
1571 1789 1678 1829 Aliqui
1693 1790 1766 1820 inde

993 1846 1106 1876 volunt
1129 1845 1250 1882 dicere,
1273 1843 1358 1883 quod
1379 1852 1452 1873 vere
1476 1851 1592 1873 uxores
1617 1843 1763 1881 fuerunt,

994 1901 1100 1929 tamen
1133 1898 1282 1928 dicuntur
1314 1896 1500 1926 concubinae
1535 1898 1662 1936 propter
1689 1895 1763 1934 hoc,

993 1952 1076 1991 quod
1092 1953 1180 1981 eraut
1202 1949 1325 1981 ancillae
1345 1958 1501 1986 uxorum,
1522 1951 1552 1979 et
1570 1958 1635 1980 non
1656 1958 1764 1981 nasce-

993 2006 1087 2036 batur
1108 2005 1151 2035 eIs
1174 2013 1299 2040 semen⁷
1325 2003 1378 2033 sed
1400 2003 1518 2033 liberis.
1543 2002 1604 2033 Sed
1619 2003 1645 2033 si
1665 2006 1765 2034 atten-

993 2060 1085 2090 datur
1104 2060 1226 2097 sigura,
1250 2066 1322 2097 quoe
1344 2056 1386 2086 ibi
1403 2056 1649 2095 importabatur,
1668 2067 1764 2097 quam

994 2114 1079 2143 notat
1100 2110 1300 2149 Augustinus
1320 2110 1352 2139 in
1369 2109 1449 2139 libro
1470 2109 1507 2139 (Ie
1523 2109 1718 2148 Baptismw,
1734 2113 1765 2141 et

993 2165 1090 2195 verba
1104 2165 1130 2204 ej
1137 2173 1173 2194 us
1189 2163 1225 2194 de
1240 2163 1374 2194 Civitate
1385 2162 1457 2199 Dei,
1473 2161 1576 2201 prima
1593 2163 1706 2202 positio
1719 2165 1765 2194 est

994 2218 1108 2249 verior.
1131 2217 1163 2247 Si
1187 2226 1262 2247 vero
1283 2217 1464 2255 quaeratur,
1481 2224 1554 2254 quae
1572 2216 1667 2246 fuerit
1682 2225 1765 2247 uxor

994 2270 1098 2302 verior
1122 2270 1203 2300 inter
1227 2268 1393 2300 Rachelem
1416 2270 1446 2298 et
1468 2268 1572 2306 Liam,
1597 2269 1764 2300 dicendum

993 2324 1077 2364 quod
1100 2325 1234 2362 utraque
1254 2322 1329 2359 fuit,
1347 2321 1422 2361 quia
1443 2324 1453 2339 '⁴
1473 2322 1605 2354 sert-ivit
1624 2323 1660 2353 in
1682 2330 1764 2354 uoeo-

993 2384 1070 2412 rem,
1087 2378 1114 2407 et
1129 2377 1166 2407 z'n
1182 2383 1315 2407 umorem
1329 2374 1463 2405 servivit
1477 2398 1486 2412 ,
1502 2374 1583 2404 sicut
1597 2374 1711 2405 dieitur
1732 2375 1763 2406 in

996 2429 1068 2461 Osee
1077 2438 1089 2467 ,·
1102 2429 1156 2459 sed
1174 2431 1281 2458 tamen
1296 2427 1469 2458 secundum
1487 2426 1636 2457 affectum
1651 2427 1760 2466 Jacob,

995 2482 1109 2513 Rachel
1122 2481 1239 2519 verior,
1256 2482 1286 2511 et
1300 2481 1404 2519 maJus
1419 2479 1556 2510 habebat
1568 2480 1762 2519 dominium,

994 2536 1060 2565 sive
1076 2544 1166 2575 posse
1178 2534 1217 2564 ad
1231 2533 1326 2565 Jacob
1343 2544 1349 2563 :
1366 2533 1420 2564 sed
1435 2533 1608 2563 secundum
1621 2533 1763 2564 divinam

994 2588 1247 2628 dispositionem,
1265 2586 1340 2623 Lia,
1365 2586 1403 2616 de
1427 2587 1519 2625 cujus
1539 2586 1660 2617 semine
1674 2589 1763 2618 ortus

1026 2652 1058 2682 (α)
1073 2649 1161 2681 Suppl.
1174 2649 1297 2673 debitum.
