1991 3006
231 240 290 268 6Ιῇ

230 303 415 336 auctoritate
430 299 594 338 Evangelii
610 299 618 315 ¹
637 309 644 328 :
664 298 799 329 Elevans
816 296 932 334 oculos,
948 296 997 327 vi-

230 357 281 389 dit
296 357 468 389 Lazarum,
484 356 541 383 etc.
558 364 564 382 :
580 351 689 382 omnia
704 350 768 387 illa,
785 360 857 389 quae
873 350 913 380 ibi
930 352 1000 379 tan-

230 413 368 450 guntur,
389 409 497 438 dicunt
518 406 735 445 cognitionem
755 404 954 440 sensitivam,
971 405 1002 433 et

230 474 285 504 pei·
300 462 430 493 modum
446 469 556 490 sensus
571 470 576 489 :
592 467 682 497 ergo,
699 460 758 487 etc.

269 520 298 548 2.
313 517 388 547 ltem
397 514 609 550 Cassiodorus,
621 513 655 542 in
668 512 747 541 libro
757 520 814 541 suo
825 510 863 541 de
871 510 999 547 Anima,

229 570 362 609 loquens
375 568 413 598 de
424 567 532 597 anima
544 567 697 605 separata,
710 564 785 595 dicit
797 575 803 595 :
822 562 936 593 «Videt
948 562 999 601 (a),

230 623 327 661 audit,
344 622 459 661 tangit,
474 630 509 650 ae
528 619 660 659 reliquis
678 618 823 648 sensibus
845 616 1002 647 efficacius

229 677 341 714 utitur,
358 674 409 706 vel
426 675 526 713 viget.
545 685 559 701 »

270 732 298 760 3.
316 729 394 759 ltem
417 727 540 757 ratione
556 725 696 761 videtur,
718 724 793 764 quia
812 725 899 753 tanto
925 722 1000 752 sub-

230 783 344 814 stantia
357 790 413 822 per
429 780 603 821 potentiam
619 778 734 808 melius
748 779 777 807 ct
793 776 916 807 facilius
931 784 1002 814 ope-

229 839 330 874 ratur,
351 837 471 874 quanto
494 835 537 864 est
561 832 689 863 liberior
702 833 733 861 et
756 830 796 860 ab
814 838 921 860 errore
941 828 1002 858 im-

229 889 358 920 munior
380 899 386 918 z
415 887 468 918 sed
498 885 675 917 substantia
703 884 818 915 animae
840 881 1002 913 rationalis

229 944 372 982 separata
389 941 482 971 habet
498 938 673 979 potentiam
696 937 903 976 cognitivum,
925 935 1002 975 quia

232 996 426 1038 impossibile
441 998 487 1025 est
507 994 622 1025 destrui
645 993 820 1033 potentiam
835 1000 908 1031 quai
928 991 999 1021 sun-

230 1051 322 1081 datur
343 1051 374 1080 in
401 1048 574 1079 substantia
599 1049 762 1087 perpetua.
794 1045 831 1075 Et
859 1045 999 1082 iteruin,

231 1103 405 1134 substantia
420 1111 457 1133 eo
480 1102 513 1141 tbi
537 1101 676 1137 liberior,
693 1099 777 1138 quod
801 1102 831 1129 et
851 1098 1002 1138 spiritua-

231 1156 289 1186 lior
307 1167 313 1186 :
335 1165 414 1193 ergo
439 1155 476 1185 ad
503 1157 609 1185 aetum
634 1152 825 1191 cognitionis
846 1151 975 1181 liberior
994 1160 1000 1180 ;

230 1218 309 1247 ergo
338 1209 451 1239 melius
477 1210 579 1247 potest
607 1216 644 1237 ca
668 1206 714 1237 uti
743 1208 805 1235 tani
837 1203 1000 1241 interiori,

230 1272 326 1302 quain
341 1261 500 1297 exteriori,
518 1270 614 1300 quam
630 1269 728 1290 nunc.

271 1318 299 1346 sl.
318 1316 394 1346 item
407 1317 538 1351 constat⁷
551 1313 634 1353 quod
649 1313 755 1343 anima
770 1314 910 1351 separata
924 1320 1002 1350 cog-

232 1370 331 1400 noscit
347 1379 396 1399 res
420 1369 591 1398 abstractas
615 1376 633 1396 a
656 1366 887 1396 conditionibus
904 1367 1004 1395 mate·-

231 1423 379 1459 rialibus3
409 1421 570 1459 cognoscit.
598 1429 648 1450 res
678 1420 737 1450 sul»
769 1418 1003 1449 conditionibus

232 1476 460 1512 materialibus,
491 1475 616 1504 absente
644 1473 794 1510 materia;
828 1475 858 1502 et
888 1472 1003 1501 iteruin

233 1529 395 1568 cognoscit
415 1528 473 1558 suh
490 1527 724 1558 couditionilnls
739 1524 1001 1561 individualibus,

233 1584 389 1621 przesente
414 1581 545 1611 niateiia
563 1580 609 1609 vel
626 1580 765 1618 objecto·7
782 1579 841 1607 hoe
856 1579 976 1606 constat
994 1586 1001 1606 ε

233 1644 309 1673 ergo
332 1634 500 1671 intelligit,
530 1636 559 1663 et
588 1633 804 1671 imaginatur,
827 1633 859 1661 et
882 1631 975 1660 sentit
994 1639 1001 1660 :

232 1697 309 1727 ergo
325 1687 421 1717 habet
437 1696 532 1717 usum
546 1686 651 1715 omnis
668 1685 826 1724 potentiae.

272 1741 303 1771 Si
322 1744 353 1771 tu
373 1741 472 1777 diras,
499 1739 583 1778 quod
605 1738 663 1768 hoc
684 1738 757 1767 fucit
779 1746 833 1777 per
855 1745 952 1767 unam
974 1739 1004 1766 et

232 1795 375 1825 eamdem
384 1794 447 1823 vini
459 1804 466 1830 3
477 1795 585 1823 contra
602 1803 608 1822 :
624 1791 672 1821 isti
685 1793 774 1821 actus
787 1792 860 1820 suut
874 1790 1003 1829 maJoris

231 1847 446 1879 abstractionis
457 1871 466 1884 ,
480 1849 508 1876 et
529 1845 658 1875 minoris
676 1856 682 1875 z
700 1845 725 1874 si
741 1853 821 1881 ergo
836 1843 1003 1873 abstractio

232 1904 333 1941 maJor
361 1901 395 1930 sit
421 1899 596 1929 seeundum
624 1899 742 1937 gradus
772 1896 1004 1935 spiritualitatis

232 1954 456 1995 potentiarum,
473 1955 503 1983 et
516 1962 580 1982 una
589 1951 730 1992 potentia
743 1959 807 1980 non
820 1950 918 1980 habet
933 1958 1004 1987 gra-

232 2009 290 2038 dus
304 2007 531 2047 spiritualitatis
546 2006 686 2045 maioris,
702 2008 732 2035 et
752 2004 900 2040 minoris3
924 2012 1004 2042 ergo

233 2070 359 2092 necesse
390 2063 435 2091 est
460 2060 542 2099 quod
568 2060 628 2090 hoc
652 2058 743 2089 saciat
768 2066 824 2097 per
853 2059 916 2087 tres
945 2066 1004 2095 po-

235 2115 360 2145 tenuas.

273 2165 350 2195 Item
368 2165 393 2194 si
409 2165 583 2195 intellectus
596 2163 711 2193 anima²
727 2164 879 2202 separatae
901 2163 1005 2201 potest

233 2218 301 2248 haec
316 2218 442 2255 omnia,
457 2220 533 2247 tunc
546 2216 665 2247 videtur
683 2216 778 2255 quod,
796 2224 869 2245 cum
886 2215 1004 2245 frustra

234 2273 287 2302 fiat
302 2281 358 2311 per
371 2271 462 2311 plura
477 2271 563 2310 quod
573 2272 674 2309 potest
686 2269 755 2299 fieri
770 2278 826 2308 per
842 2268 1001 2308 pauciora,

233 2325 316 2365 quod
326 2326 442 2354 frustra
449 2324 533 2354 dedit
544 2323 626 2353 Deus
635 2325 698 2352 tres
709 2322 864 2361 potentias
875 2321 1001 2351 animae.

275 2378 362 2414 item,
379 2378 404 2407 si
418 2380 515 2416 potest
532 2378 635 2406 totum
651 2374 830 2413 intelligere
847 2377 1004 2414 quantum

233 2432 270 2462 ad
284 2432 343 2461 ista
358 2431 428 2466 tria,
445 2439 524 2468 ergo
545 2428 762 2459 deficientibus
779 2428 811 2457 in
826 2427 917 2457 nobis
929 2436 1004 2458 sen-

233 2486 332 2522 sibus,
349 2483 559 2514 nihilominus
573 2481 687 2521 poterit
703 2490 893 2520 cognoscere
908 2480 1005 2511 sensi-

233 2544 289 2567 «list.
307 2549 330 2573 L,
347 2550 371 2572 «Ι.
388 2548 406 2572 1,
419 2543 466 2565 art.
487 2543 510 2570 l;
532 2540 619 2570 steph.
638 2539 740 2568 finden,
761 2540 790 2563 lv
809 2539 885 2567 Sent..
902 2539 959 2563 dist.
980 2545 1003 2569 L,

232 2586 256 2609 q.
270 2585 320 2608 x‘11;
338 2578 425 2601 Petrus
440 2577 470 2600 de
486 2577 597 2604 'l'arunt.,
619 2575 648 2597 lV
664 2576 743 2603 Seni„
758 2574 815 2597 dist.
831 2580 860 2603 L,
877 2581 901 2604 ιι.
919 2580 936 2597 1.

265 2621 269 2633 ¹
283 2619 350 2643 Luc..
362 2624 414 2646 va,
430 2618 501 2640 ·.>3.--
511 2616 520 2632 2
532 2615 616 2645 Arist„
630 2615 722 2637 voster.
736 2614 777 2638 1.-—
795 2614 860 2639 ³1d..
871 2614 900 2637 tlt:
909 2616 1004 2645 Souna,

232 2665 253 2677 (ξ.
275 2661 278 2677 1

789 227 1095 260 sl·1N'l‘i=INi'iARtlil
1123 229 1193 259 litu.
1221 230 1266 259 [V.

1058 295 1133 326 bilia
1151 307 1156 326 :
1175 296 1258 336 quod
1273 299 1319 327 cst
1342 298 1506 330 manifeste
1528 298 1655 337 falsum,
1672 300 1703 329 et
1721 299 1830 330 eontra

1058 349 1299 388 experientiam,
1325 353 1356 381 et
1376 354 1486 382 contra
1508 351 1750 392 Philosophum,
1775 351 1831 392 qui

1059 402 1133 432 dicit
1153 404 1163 418 ²
1204 404 1287 442 quod
1316 404 1481 436 deficiente
1504 414 1599 436 sensu
1631 413 1757 436 necesse
1784 405 1832 434 est

1060 455 1223 485 scientiam
1239 456 1382 496 deficere,
1397 467 1470 497 quae.
1485 460 1531 489 est
1546 457 1720 488 seeundum
1736 456 1828 488 illum

1059 518 1199 539 sensum.
1217 510 1247 539 Si
1264 512 1298 541 tu
1320 511 1404 541 diseas
1418 511 1504 551 quod
1525 511 1584 542 hoc
1604 511 1701 542 habet
1721 509 1830 540 anima

1059 565 1216 602 separata,
1234 572 1295 602 ego
1311 573 1421 604 quaero
1441 574 1540 604 quare
1564 564 1671 595 anima
1685 565 1829 603 separata

1059 617 1159 655 potest
1184 618 1286 646 totum
1311 626 1366 657 per
1394 617 1607 655 intellectum,
1630 626 1697 648 non
1723 618 1831 648 autem

1059 669 1127 708 conj
1135 670 1237 700 uncta.
1255 668 1287 700 Si
1303 672 1340 700 tu
1355 670 1450 708 dicas,
1467 670 1551 711 quod
1568 671 1629 701 hoc
1643 672 1690 701 est
1703 671 1833 710 propter

1059 722 1175 752 mol==m
1198 723 1302 753 carnis
1314 747 1321 761 ‚
1339 723 1489 763 objicitur
1507 724 1545 755 de
1568 726 1652 754 statu
1666 723 1755 762 Adae,
1775 721 1833 754 ubi

1059 775 1165 806 anima
1184 785 1249 806 nou
1265 776 1402 807 habebat
1425 786 1553 807 earnem
1577 777 1829 816 opprimentem;

1059 838 1117 859 nec
1138 831 1245 859 tamen
1267 829 1328 860 hoc
1347 832 1470 869 poterat
1489 838 1547 860 suo
1566 829 1738 868 intellectu,
1755 829 1832 869 quia

1059 882 1175 912 frustra
1194 882 1325 913 haberet
1341 892 1462 914 sensuS.

1100 936 1214 967 Contra

1059 992 1105 1020 est
1118 990 1258 1029 operatio
1271 991 1431 1029 conjuncti
1445 1001 1451 1020 :
1467 999 1547 1029 ergo
1561 999 1646 1028 cum,
1659 990 1740 1020 sacta
1749 998 1837 1029 sepa-

1060 1043 1191 1080 ratione,
1214 1045 1282 1083 J'am
1304 1053 1366 1074 non
1387 1044 1427 1074 sit
1449 1044 1579 1082 animal,
1599 1044 1668 1084 jam
1690 1052 1755 1074 non
1777 1043 1837 1074 erit

1059 1097 1200 1135 operatio
1215 1106 1337 1128 sensus.

1100 1149 1176 1180 Item
1193 1160 1323 1188 sensus,
1341 1151 1408 1182 sive
1431 1152 1573 1188 interlor‚
1598 1151 1665 1182 sive
1682 1150 1832 1188 exterior,

1060 1205 1103 1232 est
1118 1204 1255 1242 potentia
1266 1213 1366 1242 egr-ns
1377 1213 1501 1244 organo
1513 1204 1721 1235 determinato
1735 1215 1742 1234 ε
1755 1212 1834 1242 ergo

1060 1259 1105 1286 est
1120 1257 1261 1295 potentia
1275 1257 1404 1296 alligata
1419 1267 1542 1296 organo
1557 1268 1564 1287 ι
1585 1267 1676 1297 ergo,
1692 1257 1834 1288 cessante

1060 1318 1194 1348 organo,
1211 1319 1275 1340 non
1291 1310 1385 1341 hahet
1399 1312 1627 1351 operationem.

1101 1362 1178 1392 Itum
1199 1363 1259 1393 hoc
1281 1364 1407 1394 videtur
1430 1365 1660 1403 experimento,
1684 1362 1760 1403 quia
1777 1371 1836 1393 cae-

1061 1425 1115 1445 cus
1130 1416 1225 1446 habu-t.
1235 1417 1407 1456 potentiam
1417 1416 1556 1455 videndi,
1569 1419 1599 1447 et
1613 1416 1730 1446 amisso
1743 1415 1835 1446 oculo

1060 1479 1124 1499 non
1148 1472 1248 1509 potest
1272 1470 1396 1507 videre3
1422 1479 1480 1500 uec
1502 1469 1706 1510 phreneticus
1726 1477 1835 1499 recor-

1060 1523 1126 1553 dari
1144 1534 1150 1553 ε
1169 1533 1247 1563 ergo
1263 1524 1287 1553 si
1302 1524 1361 1554 hoc
1376 1524 1443 1564 ipso
1461 1524 1545 1564 quod
1565 1524 1599 1561 (cl
1617 1523 1719 1563 perdit
1737 1531 1834 1562 orga-

1060 1586 1138 1606 num
1167 1578 1306 1616 potentia
1338 1578 1490 1607 sensitiva
1505 1601 1513 1614 ‚
1545 1577 1647 1616 perdit
1674 1576 1833 1616 operatio-

1059 1638 1132 1659 nem
1152 1630 1217 1668 taet);
1242 1631 1369 1669 quando
1389 1630 1523 1661 omnino
1541 1631 1715 1669 separatur,
1732 1629 1836 1668 magis

1061 1683 1162 1721 perdit
1175 1684 1402 1722 operationem,
1419 1692 1517 1722 quam
1532 1682 1660 1723 quando
1673 1690 1835 1720 organum

1060 1736 1164 1766 solum
1178 1737 1305 1767 laeditur
1324 1747 1330 1767 :
1346 1746 1426 1776 ergo
1442 1740 1542 1767 cessat
1556 1736 1660 1767 omnis
1673 1736 1742 1775 ejus
1756 1744 1830 1775 ope-

1060 1789 1150 1820 ratio.

1102 1842 1179 1873 item
1199 1843 1234 1873 in
1256 1843 1343 1874 omni
1368 1843 1508 1883 potentia
1528 1841 1689 1882 cognitiva
1709 1849 1835 1872 necesse

1061 1899 1107 1926 est
1128 1896 1269 1935 reperire
1292 1898 1440 1935 agentem
1463 1898 1494 1926 et
1516 1895 1711 1935 passibilem,
1728 1894 1834 1930 ethoc

1062 1959 1117 1989 per
1131 1950 1361 1985 differentiam·,
1380 1949 1404 1980 si
1421 1949 1508 1979 enim
1523 1948 1675 1979 differunt
1692 1948 1726 1978 in
1740 1947 1831 1978 intel-

1060 2003 1162 2041 lectu,
1185 2004 1238 2043 qui
1262 2007 1308 2034 est
1330 2003 1469 2043 potentia
1499 2001 1671 2042 simplicior
1691 2003 1722 2032 et
1743 2001 1836 2041 spiri-

1060 2057 1187 2095 tualior,
1207 2057 1307 2087 inulto
1329 2056 1435 2095 magis
1456 2056 1488 2089 in
1506 2055 1643 2095 potentia
1658 2054 1808 2085 sensitiva
1825 2065 1832 2085 :

1064 2110 1117 2141 sed
1132 2110 1272 2149 potentia
1282 2110 1431 2140 sensitiva
1444 2117 1508 2139 nou
1523 2108 1677 2139 dividitur
1691 2108 1725 2138 in
1739 2116 1836 2147 agen-

1061 2166 1123 2194 tem
1148 2165 1178 2193 et
1202 2163 1402 2203 passibilem,
1419 2162 1452 2192 in
1474 2170 1521 2199 se;
1545 2169 1625 2200 ergo
1649 2169 1774 2191 necesse
1789 2162 1835 2191 est

1060 2217 1143 2256 quod
1163 2219 1279 2256 praeter
1294 2225 1327 2246 se
1343 2215 1459 2246 haheat
1477 2213 1658 2254 passibilem
1678 2225 1685 2244 :
1705 2213 1759 2244 sed
1774 2213 1835 2244 hoo

1060 2279 1124 2301 non
1140 2272 1186 2301 est
1200 2270 1263 2300 nisi
1285 2278 1446 2309 organum
1462 2267 1634 2308 corporale,
1651 2267 1736 2307 quod
1751 2267 1835 2298 reci-

1060 2324 1105 2353 dit
1119 2324 1156 2354 ad
1170 2324 1230 2354 hoe
1244 2323 1328 2363 quod
1343 2323 1440 2354 homo
1454 2324 1624 2361 cognoscat
1641 2330 1648 2352 ε
1666 2329 1744 2360 ergo
1759 2329 1833 2352 cum

1061 2380 1130 2417 post
1145 2377 1374 2416 separationem
1388 2377 1427 2407 sit
1443 2375 1546 2406 activa
1562 2375 1630 2405 sine
1643 2374 1784 2414 passiva,
1801 2376 1832 2405 et

1060 2430 1127 2460 sine
1146 2430 1196 2459 his
1222 2429 1346 2460 duabus
1368 2427 1562 2469 impossibile
1585 2430 1632 2458 est
1659 2427 1835 2467 potentiam

1059 2483 1259 2522 cognitivam
1275 2483 1343 2513 fieri
1359 2482 1390 2512 in
1405 2484 1494 2519 actu,
1510 2490 1602 2519 ergo,
1618 2482 1676 2511 etc.

1092 2568 1123 2598 (a)
1146 2568 1207 2591 Coet.
1228 2566 1287 2590 edit.
1309 2567 1378 2590 vidit.
1408 2579 1434 2583 —-
1454 2566 1485 2597 (b)
1506 2565 1567 2589 Caee.
1589 2564 1642 2588 edit
1659 2564 1727 2588 deese
1749 2571 1790 2589 eo.
1804 2577 1835 2583 —

1061 2604 1090 2634 (c)
1105 2604 1165 2627 Cael.
1181 2602 1241 2626 edit.
1261 2610 1306 2626 non
1323 2601 1412 2626 habent
1430 2602 1479 2626 hoc
1492 2601 1549 2631 ipso
1566 2600 1646 2631 quod.
1662 2613 1693 2618 —
1715 2599 1754 2631 (d)
1774 2600 1835 2625 Item

1059 2647 1106 2662 non
1119 2638 1209 2662 hahent
1221 2638 1301 2668 perdit
1317 2638 1501 2668 operationem.

1237 946 1243 966 :
1268 936 1407 974 Sentire,
1425 939 1461 967 ut
1481 936 1551 968 vult
1577 935 1788 976 Philosophus
1809 939 1832 975 ³,
1851 940 1954 962 Fundam-
