<?xml version="1.0" encoding="UTF-8"?>
<!DOCTYPE html PUBLIC "-//W3C//DTD XHTML 1.0 Transitional//EN"
    "http://www.w3.org/TR/xhtml1/DTD/xhtml1-transitional.dtd">
<html xmlns="http://www.w3.org/1999/xhtml" xml:lang="en" lang="en">
 <head>
  <title>
</title>
<meta http-equiv="Content-Type" content="text/html;charset=utf-8" />
  <meta name='ocr-system' content='tesseract 3.04.00' />
  <meta name='ocr-capabilities' content='ocr_page ocr_carea ocr_par ocr_line ocrx_word'/>
</head>
<body>
  <div class='ocr_page' id='page_1' title='image "./operaomniasixtiv06bonauoft/operaomniasixtiv06bonauoft_0277.png"; bbox 0 0 1991 3006; ppageno 0'>
   <div class='ocr_carea' id='block_1_1' title="bbox 825 214 1124 246">
    <p class='ocr_par' dir='ltr' id='par_1_1' title="bbox 825 214 1124 246">
     <span class='ocr_line' id='line_1_1' title="bbox 825 214 1124 246; baseline 0 -1"><span class='ocrx_word' id='word_1_1' title='bbox 825 214 1013 246; x_wconf 83' lang='lat' dir='ltr'>DlSTlNCT.</span> <span class='ocrx_word' id='word_1_2' title='bbox 1035 214 1124 245; x_wconf 87' lang='lat' dir='ltr'><strong>XXX.</strong></span> 
     </span>
    </p>
   </div>
   <div class='ocr_carea' id='block_1_2' title="bbox 178 281 948 477">
    <p class='ocr_par' dir='ltr' id='par_1_2' title="bbox 178 281 948 477">
     <span class='ocr_line' id='line_1_2' title="bbox 179 281 948 320; baseline -0.001 -8"><span class='ocrx_word' id='word_1_3' title='bbox 179 281 250 312; x_wconf 86' lang='lat' dir='ltr'>ideo</span> <span class='ocrx_word' id='word_1_4' title='bbox 271 282 512 312; x_wconf 84' lang='lat' dir='ltr'>matrimonium</span> <span class='ocrx_word' id='word_1_5' title='bbox 532 281 702 318; x_wconf 79' lang='lat' dir='ltr'>contrahit3</span> <span class='ocrx_word' id='word_1_6' title='bbox 733 281 786 311; x_wconf 88' lang='lat' dir='ltr'>sed</span> <span class='ocrx_word' id='word_1_7' title='bbox 809 281 865 320; x_wconf 87' lang='lat' dir='ltr'>qui</span> <span class='ocrx_word' id='word_1_8' title='bbox 888 281 948 311; x_wconf 87' lang='lat' dir='ltr'>sub</span> 
     </span>
     <span class='ocr_line' id='line_1_3' title="bbox 179 334 945 372; baseline -0.001 -7"><span class='ocrx_word' id='word_1_9' title='bbox 179 335 356 366; x_wconf 86' lang='lat' dir='ltr'>conditione</span> <span class='ocrx_word' id='word_1_10' title='bbox 367 359 376 372; x_wconf 90' lang='lat'><em>‚</em></span> <span class='ocrx_word' id='word_1_11' title='bbox 391 336 532 364; x_wconf 85' lang='lat' dir='ltr'>reservat</span> <span class='ocrx_word' id='word_1_12' title='bbox 551 334 611 363; x_wconf 83' lang='lat' dir='ltr'>sibi</span> <span class='ocrx_word' id='word_1_13' title='bbox 626 334 728 365; x_wconf 85' lang='lat' dir='ltr'>adhuc</span> <span class='ocrx_word' id='word_1_14' title='bbox 746 343 945 371; x_wconf 84' lang='lat' dir='ltr'>consensum,</span> 
     </span>
     <span class='ocr_line' id='line_1_4' title="bbox 179 387 946 425; baseline -0.003 -7"><span class='ocrx_word' id='word_1_15' title='bbox 179 390 209 418; x_wconf 85' lang='lat' dir='ltr'>et</span> <span class='ocrx_word' id='word_1_16' title='bbox 223 388 292 419; x_wconf 87' lang='lat' dir='ltr'>ideo</span> <span class='ocrx_word' id='word_1_17' title='bbox 305 397 370 419; x_wconf 92' lang='lat' dir='ltr'>non</span> <span class='ocrx_word' id='word_1_18' title='bbox 386 389 432 418; x_wconf 88' lang='lat' dir='ltr'>est</span> <span class='ocrx_word' id='word_1_19' title='bbox 447 387 684 417; x_wconf 82' lang='lat' dir='ltr'>matrimonium</span> <span class='ocrx_word' id='word_1_20' title='bbox 696 411 706 425; x_wconf 87' lang='lat'><em>‚</em></span> <span class='ocrx_word' id='word_1_21' title='bbox 722 397 781 418; x_wconf 90' lang='lat' dir='ltr'>nec</span> <span class='ocrx_word' id='word_1_22' title='bbox 796 389 842 417; x_wconf 86' lang='lat' dir='ltr'>est</span> <span class='ocrx_word' id='word_1_23' title='bbox 857 387 946 417; x_wconf 88' lang='lat' dir='ltr'>simi-</span> 
     </span>
     <span class='ocr_line' id='line_1_5' title="bbox 178 440 849 477; baseline -0.001 -6"><span class='ocrx_word' id='word_1_24' title='bbox 178 440 278 471; x_wconf 89' lang='lat' dir='ltr'>litudo</span> <span class='ocrx_word' id='word_1_25' title='bbox 292 441 373 471; x_wconf 90' lang='lat' dir='ltr'>inter</span> <span class='ocrx_word' id='word_1_26' title='bbox 387 441 472 471; x_wconf 85' lang='lat' dir='ltr'>hunc</span> <span class='ocrx_word' id='word_1_27' title='bbox 486 449 685 477; x_wconf 71' lang='lat' dir='ltr'>consensum,</span> <span class='ocrx_word' id='word_1_28' title='bbox 703 443 734 471; x_wconf 88' lang='lat' dir='ltr'>et</span> <span class='ocrx_word' id='word_1_29' title='bbox 749 440 849 470; x_wconf 89' lang='lat' dir='ltr'>illum.</span> 
     </span>
    </p>
   </div>
   <div class='ocr_carea' id='block_1_3' title="bbox 500 552 636 573">
    <p class='ocr_par' dir='ltr' id='par_1_3' title="bbox 500 552 636 573">
     <span class='ocr_line' id='line_1_6' title="bbox 500 552 636 573; baseline 0 -1"><span class='ocrx_word' id='word_1_30' title='bbox 500 552 568 572; x_wconf 90' lang='lat' dir='ltr'>DUB.</span> <span class='ocrx_word' id='word_1_31' title='bbox 593 552 636 573; x_wconf 85' lang='lat' dir='ltr'>lv.</span> 
     </span>
    </p>
   </div>
   <div class='ocr_carea' id='block_1_4' title="bbox 179 617 951 718">
    <p class='ocr_par' dir='ltr' id='par_1_4' title="bbox 179 617 951 718">
     <span class='ocr_line' id='line_1_7' title="bbox 179 617 949 647; baseline 0 -7"><span class='ocrx_word' id='word_1_32' title='bbox 179 618 268 640; x_wconf 74' lang='lat' dir='ltr'>Postea</span> <span class='ocrx_word' id='word_1_33' title='bbox 286 623 348 640; x_wconf 82' lang='lat' dir='ltr'>vero</span> <span class='ocrx_word' id='word_1_34' title='bbox 367 618 559 647; x_wconf 71' lang='lat' dir='ltr'>expresserunt,</span> <span class='ocrx_word' id='word_1_35' title='bbox 580 618 605 641; x_wconf 89' lang='lat' dir='ltr'>et</span> <span class='ocrx_word' id='word_1_36' title='bbox 622 617 646 641; x_wconf 89' lang='lat' dir='ltr'>in</span> <span class='ocrx_word' id='word_1_37' title='bbox 667 617 810 647; x_wconf 69' lang='lat' dir='ltr'>virginitate</span> <span class='ocrx_word' id='word_1_38' title='bbox 830 624 949 647; x_wconf 80' lang='lat' dir='ltr'>perman-</span> 
     </span>
     <span class='ocr_line' id='line_1_8' title="bbox 209 652 951 683; baseline 0 -8"><span class='ocrx_word' id='word_1_39' title='bbox 209 654 303 675; x_wconf 82' lang='lat' dir='ltr'>serunt.</span> <span class='ocrx_word' id='word_1_40' title='bbox 319 652 453 675; x_wconf 84' lang='lat' dir='ltr'>Consensit</span> <span class='ocrx_word' id='word_1_41' title='bbox 470 659 531 683; x_wconf 81' lang='lat' dir='ltr'>ergo</span> <span class='ocrx_word' id='word_1_42' title='bbox 553 652 631 675; x_wconf 74' lang='lat' dir='ltr'>Maria</span> <span class='ocrx_word' id='word_1_43' title='bbox 646 652 671 675; x_wconf 92' lang='grc'>111</span> <span class='ocrx_word' id='word_1_44' title='bbox 684 652 824 675; x_wconf 75' lang='lat' dir='ltr'>maritalem</span> <span class='ocrx_word' id='word_1_45' title='bbox 841 652 951 676; x_wconf 72' lang='lat' dir='ltr'>societa-</span> 
     </span>
     <span class='ocr_line' id='line_1_9' title="bbox 207 687 794 718; baseline 0 -8"><span class='ocrx_word' id='word_1_46' title='bbox 207 689 276 717; x_wconf 81' lang='lat' dir='ltr'>tem,</span> <span class='ocrx_word' id='word_1_47' title='bbox 293 687 400 711; x_wconf 82' lang='lat' dir='ltr'>sednon</span> <span class='ocrx_word' id='word_1_48' title='bbox 413 687 438 710; x_wconf 88' lang='lat' dir='ltr'>in</span> <span class='ocrx_word' id='word_1_49' title='bbox 455 687 583 711; x_wconf 82' lang='lat' dir='ltr'>carnalem</span> <span class='ocrx_word' id='word_1_50' title='bbox 599 687 730 718; x_wconf 68' lang='lat' dir='ltr'>copulam,</span> <span class='ocrx_word' id='word_1_51' title='bbox 747 690 794 711; x_wconf 76' lang='lat' dir='ltr'>etc.</span> 
     </span>
    </p>
   </div>
   <div class='ocr_carea' id='block_1_5' title="bbox 177 758 953 1434">
    <p class='ocr_par' dir='ltr' id='par_1_5' title="bbox 177 758 951 1064">
     <span class='ocr_line' id='line_1_10' title="bbox 218 758 950 798; baseline 0.001 -10"><span class='ocrx_word' id='word_1_52' title='bbox 218 758 332 788; x_wconf 80' lang='lat' dir='ltr'>Contra</span> <span class='ocrx_word' id='word_1_53' title='bbox 342 758 349 774; x_wconf 90' lang='lat'><em>¹</em></span> <span class='ocrx_word' id='word_1_54' title='bbox 361 769 367 788; x_wconf 95' lang='lat'>:</span> <span class='ocrx_word' id='word_1_55' title='bbox 383 759 406 787; x_wconf 90' lang='lat' dir='ltr'><strong><em>A</em></strong></span> <span class='ocrx_word' id='word_1_56' title='bbox 413 760 511 797; x_wconf 72' lang='lat' dir='ltr'>coepit</span> <span class='ocrx_word' id='word_1_57' title='bbox 522 759 662 790; x_wconf 74' lang='lat' dir='ltr'>Mariam</span> <span class='ocrx_word' id='word_1_58' title='bbox 672 758 837 798; x_wconf 72' lang='lat' dir='ltr'>conjuqem</span> <span class='ocrx_word' id='word_1_59' title='bbox 847 767 950 796; x_wconf 76' lang='lat' dir='ltr'>suam,</span> 
     </span>
     <span class='ocr_line' id='line_1_11' title="bbox 177 811 951 851; baseline 0.001 -10"><span class='ocrx_word' id='word_1_60' title='bbox 177 812 207 841; x_wconf 79' lang='lat' dir='ltr'>et</span> <span class='ocrx_word' id='word_1_61' title='bbox 219 818 283 842; x_wconf 82' lang='lat' dir='ltr'>non</span> <span class='ocrx_word' id='word_1_62' title='bbox 296 811 497 850; x_wconf 73' lang='lat' dir='ltr'>coqnoscebaz</span> <span class='ocrx_word' id='word_1_63' title='bbox 510 820 589 849; x_wconf 79' lang='lat' dir='ltr'>eam,</span> <span class='ocrx_word' id='word_1_64' title='bbox 603 811 699 842; x_wconf 73' lang='lat' dir='ltr'>donec</span> <span class='ocrx_word' id='word_1_65' title='bbox 712 812 835 851; x_wconf 75' lang='lat' dir='ltr'>peperit</span> <span class='ocrx_word' id='word_1_66' title='bbox 847 811 951 850; x_wconf 73' lang='lat' dir='ltr'>filium</span> 
     </span>
     <span class='ocr_line' id='line_1_12' title="bbox 177 864 950 904; baseline 0 -10"><span class='ocrx_word' id='word_1_67' title='bbox 177 872 270 895; x_wconf 74' lang='lat' dir='ltr'>suum</span> <span class='ocrx_word' id='word_1_68' title='bbox 284 865 545 904; x_wconf 70' lang='lat' dir='ltr'>primoyem&#39;tzcm.</span> <span class='ocrx_word' id='word_1_69' title='bbox 556 864 592 895; x_wconf 85' lang='lat' dir='ltr'>Et</span> <span class='ocrx_word' id='word_1_70' title='bbox 603 865 671 895; x_wconf 82' lang='lat' dir='ltr'>haec</span> <span class='ocrx_word' id='word_1_71' title='bbox 683 865 720 903; x_wconf 63' lang='lat' dir='ltr'>(a)</span> <span class='ocrx_word' id='word_1_72' title='bbox 734 864 835 895; x_wconf 81' lang='lat' dir='ltr'>littera</span> <span class='ocrx_word' id='word_1_73' title='bbox 847 864 950 904; x_wconf 89' lang='lat' dir='ltr'>dupli-</span> 
     </span>
     <span class='ocr_line' id='line_1_13' title="bbox 177 917 948 957; baseline 0.001 -11"><span class='ocrx_word' id='word_1_74' title='bbox 177 917 253 947; x_wconf 85' lang='lat' dir='ltr'>citer</span> <span class='ocrx_word' id='word_1_75' title='bbox 261 918 411 956; x_wconf 78' lang='lat' dir='ltr'>arguitur</span> <span class='ocrx_word' id='word_1_76' title='bbox 424 918 522 957; x_wconf 90' lang='lat' dir='ltr'>:dely</span> <span class='ocrx_word' id='word_1_77' title='bbox 531 917 640 955; x_wconf 79' lang='lat' dir='ltr'>donec,</span> <span class='ocrx_word' id='word_1_78' title='bbox 653 926 733 956; x_wconf 80' lang='lat' dir='ltr'>ergo</span> <span class='ocrx_word' id='word_1_79' title='bbox 748 920 818 957; x_wconf 79' lang='lat' dir='ltr'>post</span> <span class='ocrx_word' id='word_1_80' title='bbox 828 927 948 955; x_wconf 63' lang='lat' dir='ltr'>vogno--</span> 
     </span>
     <span class='ocr_line' id='line_1_14' title="bbox 181 972 949 1011; baseline 0 -10"><span class='ocrx_word' id='word_1_81' title='bbox 181 972 243 1008; x_wconf 83' lang='lat' dir='ltr'>vit;</span> <span class='ocrx_word' id='word_1_82' title='bbox 262 972 406 1001; x_wconf 83' lang='lat' dir='ltr'>similiter</span> <span class='ocrx_word' id='word_1_83' title='bbox 418 972 455 1002; x_wconf 91' lang='lat' dir='ltr'>de</span> <span class='ocrx_word' id='word_1_84' title='bbox 470 972 502 1011; x_wconf 79' lang='lat' dir='ltr'>ly</span> <span class='ocrx_word' id='word_1_85' title='bbox 518 973 777 1011; x_wconf 61' lang='lat' dir='ltr'>primogenitmm</span> <span class='ocrx_word' id='word_1_86' title='bbox 794 972 870 1011; x_wconf 89' lang='lat' dir='ltr'>quia</span> <span class='ocrx_word' id='word_1_87' title='bbox 886 972 949 1011; x_wconf 88' lang='lat' dir='ltr'>pri-</span> 
     </span>
     <span class='ocr_line' id='line_1_15' title="bbox 182 1024 708 1064; baseline 0 -10"><span class='ocrx_word' id='word_1_88' title='bbox 182 1033 270 1054; x_wconf 92' lang='lat' dir='ltr'>mum</span> <span class='ocrx_word' id='word_1_89' title='bbox 285 1024 399 1054; x_wconf 84' lang='lat' dir='ltr'>dicitur</span> <span class='ocrx_word' id='word_1_90' title='bbox 411 1027 554 1064; x_wconf 88' lang='lat' dir='ltr'>respectu</span> <span class='ocrx_word' id='word_1_91' title='bbox 569 1025 708 1054; x_wconf 84' lang='lat' dir='ltr'>secundi.</span> 
     </span>
    </p>

    <p class='ocr_par' dir='ltr' id='par_1_6' title="bbox 178 1076 953 1267">
     <span class='ocr_line' id='line_1_16' title="bbox 218 1076 953 1116; baseline 0.001 -10"><span class='ocrx_word' id='word_1_92' title='bbox 218 1076 295 1107; x_wconf 89' lang='lat' dir='ltr'>Item</span> <span class='ocrx_word' id='word_1_93' title='bbox 310 1077 345 1106; x_wconf 83' lang='lat'>²:</span> <span class='ocrx_word' id='word_1_94' title='bbox 370 1077 535 1108; x_wconf 71' lang='lat' dir='ltr'>Descendit</span> <span class='ocrx_word' id='word_1_95' title='bbox 559 1077 786 1116; x_wconf 78' lang='lat' dir='ltr'>Capharnawn</span> <span class='ocrx_word' id='word_1_96' title='bbox 813 1078 896 1115; x_wconf 76' lang='lat' dir='ltr'>ipse,</span> <span class='ocrx_word' id='word_1_97' title='bbox 924 1080 953 1108; x_wconf 76' lang='lat' dir='ltr'>et</span> 
     </span>
     <span class='ocr_line' id='line_1_17' title="bbox 179 1129 952 1169; baseline -0.004 -8"><span class='ocrx_word' id='word_1_98' title='bbox 179 1132 279 1161; x_wconf 78' lang='lat' dir='ltr'>mater</span> <span class='ocrx_word' id='word_1_99' title='bbox 306 1129 392 1168; x_wconf 69' lang='lat' dir='ltr'>ejus,</span> <span class='ocrx_word' id='word_1_100' title='bbox 420 1133 447 1161; x_wconf 81' lang='lat' dir='ltr'>et</span> <span class='ocrx_word' id='word_1_101' title='bbox 479 1131 594 1168; x_wconf 80' lang='lat' dir='ltr'>fratres</span> <span class='ocrx_word' id='word_1_102' title='bbox 618 1130 697 1169; x_wconf 73' lang='lat' dir='ltr'>ejus.</span> <span class='ocrx_word' id='word_1_103' title='bbox 731 1129 817 1168; x_wconf 78' lang='lat' dir='ltr'>Ergo</span> <span class='ocrx_word' id='word_1_104' title='bbox 842 1130 952 1159; x_wconf 69' lang='lat' dir='ltr'>fratres</span> 
     </span>
     <span class='ocr_line' id='line_1_18' title="bbox 178 1183 952 1223; baseline 0 -11"><span class='ocrx_word' id='word_1_105' title='bbox 178 1183 289 1213; x_wconf 88' lang='lat' dir='ltr'>habuit</span> <span class='ocrx_word' id='word_1_106' title='bbox 303 1194 309 1213; x_wconf 91' lang='lat'>:</span> <span class='ocrx_word' id='word_1_107' title='bbox 325 1185 355 1213; x_wconf 89' lang='lat' dir='ltr'>et</span> <span class='ocrx_word' id='word_1_108' title='bbox 368 1186 489 1214; x_wconf 89' lang='lat' dir='ltr'>constat</span> <span class='ocrx_word' id='word_1_109' title='bbox 507 1184 593 1223; x_wconf 86' lang='lat' dir='ltr'>quod</span> <span class='ocrx_word' id='word_1_110' title='bbox 608 1193 671 1214; x_wconf 89' lang='lat' dir='ltr'>non</span> <span class='ocrx_word' id='word_1_111' title='bbox 689 1183 727 1214; x_wconf 83' lang='lat' dir='ltr'>de</span> <span class='ocrx_word' id='word_1_112' title='bbox 742 1186 830 1222; x_wconf 83' lang='lat' dir='ltr'>patre</span> <span class='ocrx_word' id='word_1_113' title='bbox 848 1192 854 1213; x_wconf 76' lang='lat' dir='ltr'>t</span> <span class='ocrx_word' id='word_1_114' title='bbox 872 1192 952 1221; x_wconf 82' lang='lat' dir='ltr'>ergo</span> 
     </span>
     <span class='ocr_line' id='line_1_19' title="bbox 180 1236 344 1267; baseline 0.006 -1"><span class='ocrx_word' id='word_1_115' title='bbox 180 1236 218 1266; x_wconf 90' lang='lat' dir='ltr'>de</span> <span class='ocrx_word' id='word_1_116' title='bbox 234 1239 344 1267; x_wconf 88' lang='lat' dir='ltr'>matre.</span> 
     </span>
    </p>

    <p class='ocr_par' dir='ltr' id='par_1_7' title="bbox 180 1288 953 1434">
     <span class='ocr_line' id='line_1_20' title="bbox 219 1288 952 1328; baseline 0 -9"><span class='ocrx_word' id='word_1_117' title='bbox 219 1288 311 1328; x_wconf 83' lang='lat' dir='ltr'>Resp.</span> <span class='ocrx_word' id='word_1_118' title='bbox 340 1289 513 1319; x_wconf 89' lang='lat' dir='ltr'>Dicendum</span> <span class='ocrx_word' id='word_1_119' title='bbox 537 1289 622 1328; x_wconf 87' lang='lat' dir='ltr'>quod</span> <span class='ocrx_word' id='word_1_120' title='bbox 644 1298 684 1319; x_wconf 79' lang='lat' dir='ltr'>ex</span> <span class='ocrx_word' id='word_1_121' title='bbox 710 1289 826 1328; x_wconf 83' lang='lat' dir='ltr'>duplici</span> <span class='ocrx_word' id='word_1_122' title='bbox 854 1290 952 1320; x_wconf 86' lang='lat' dir='ltr'>verbo</span> 
     </span>
     <span class='ocr_line' id='line_1_21' title="bbox 180 1341 953 1381; baseline 0 -9"><span class='ocrx_word' id='word_1_123' title='bbox 180 1342 331 1381; x_wconf 84' lang='lat' dir='ltr'>praedicto</span> <span class='ocrx_word' id='word_1_124' title='bbox 361 1344 466 1372; x_wconf 89' lang='lat' dir='ltr'>ortum</span> <span class='ocrx_word' id='word_1_125' title='bbox 497 1342 610 1372; x_wconf 88' lang='lat' dir='ltr'>hahuit</span> <span class='ocrx_word' id='word_1_126' title='bbox 640 1341 795 1372; x_wconf 82' lang='lat' dir='ltr'>vilissima</span> <span class='ocrx_word' id='word_1_127' title='bbox 824 1342 953 1372; x_wconf 85' lang='lat' dir='ltr'>haeresis</span> 
     </span>
     <span class='ocr_line' id='line_1_22' title="bbox 180 1393 950 1434; baseline 0 -10"><span class='ocrx_word' id='word_1_128' title='bbox 180 1393 443 1431; x_wconf 76' lang='lat' dir='ltr'>Claudianorum,</span> <span class='ocrx_word' id='word_1_129' title='bbox 459 1395 513 1434; x_wconf 87' lang='lat' dir='ltr'>qui</span> <span class='ocrx_word' id='word_1_130' title='bbox 536 1395 674 1425; x_wconf 83' lang='lat' dir='ltr'>fatentur</span> <span class='ocrx_word' id='word_1_131' title='bbox 699 1395 822 1425; x_wconf 80' lang='lat' dir='ltr'>beatam</span> <span class='ocrx_word' id='word_1_132' title='bbox 845 1395 950 1433; x_wconf 85' lang='lat' dir='ltr'>Virgi-</span> 
     </span>
    </p>
   </div>
   <div class='ocr_carea' id='block_1_6' title="bbox 181 1447 970 1487">
    <p class='ocr_par' dir='ltr' id='par_1_8' title="bbox 181 1447 970 1487">
     <span class='ocr_line' id='line_1_23' title="bbox 181 1447 970 1487; baseline 0 -10"><span class='ocrx_word' id='word_1_133' title='bbox 181 1456 254 1477; x_wconf 93' lang='lat' dir='ltr'>nem</span> <span class='ocrx_word' id='word_1_134' title='bbox 266 1450 336 1487; x_wconf 89' lang='lat' dir='ltr'>post</span> <span class='ocrx_word' id='word_1_135' title='bbox 349 1447 588 1486; x_wconf 76' lang='lat' dir='ltr'>generationem</span> <span class='ocrx_word' id='word_1_136' title='bbox 605 1447 718 1477; x_wconf 83' lang='lat' dir='ltr'>Christi</span> <span class='ocrx_word' id='word_1_137' title='bbox 732 1448 828 1478; x_wconf 81' lang='lat' dir='ltr'>fuisse</span> <span class='ocrx_word' id='word_1_138' title='bbox 844 1448 953 1486; x_wconf 79' lang='lat' dir='ltr'>cogni·</span> <span class='ocrx_word' id='word_1_139' title='bbox 965 1469 970 1474; x_wconf 74' lang='lat'><em>.</em></span> 
     </span>
    </p>
   </div>
   <div class='ocr_carea' id='block_1_7' title="bbox 179 1499 954 2598">
    <p class='ocr_par' dir='ltr' id='par_1_9' title="bbox 179 1499 954 2598">
     <span class='ocr_line' id='line_1_24' title="bbox 181 1499 952 1539; baseline -0.001 -9"><span class='ocrx_word' id='word_1_140' title='bbox 181 1502 246 1530; x_wconf 89' lang='lat' dir='ltr'>tam</span> <span class='ocrx_word' id='word_1_141' title='bbox 260 1509 279 1530; x_wconf 87' lang='lat' dir='ltr'>a</span> <span class='ocrx_word' id='word_1_142' title='bbox 297 1499 409 1539; x_wconf 87' lang='lat' dir='ltr'>Joseph</span> <span class='ocrx_word' id='word_1_143' title='bbox 427 1511 433 1530; x_wconf 78' lang='lat' dir='ltr'><strong><em>z</em></strong></span> <span class='ocrx_word' id='word_1_144' title='bbox 456 1500 510 1530; x_wconf 88' lang='lat' dir='ltr'>sed</span> <span class='ocrx_word' id='word_1_145' title='bbox 531 1500 661 1530; x_wconf 79' lang='lat' dir='ltr'>haeresis</span> <span class='ocrx_word' id='word_1_146' title='bbox 677 1501 735 1530; x_wconf 74' lang='lat' dir='ltr'>ista</span> <span class='ocrx_word' id='word_1_147' title='bbox 755 1503 801 1530; x_wconf 87' lang='lat' dir='ltr'>est</span> <span class='ocrx_word' id='word_1_148' title='bbox 822 1500 952 1530; x_wconf 85' lang='lat' dir='ltr'>omuino</span> 
     </span>
     <span class='ocr_line' id='line_1_25' title="bbox 181 1553 951 1592; baseline -0.001 -10"><span class='ocrx_word' id='word_1_149' title='bbox 181 1553 425 1590; x_wconf 76' lang='lat' dir='ltr'>irrationabiliS,</span> <span class='ocrx_word' id='word_1_150' title='bbox 445 1553 531 1592; x_wconf 80' lang='lat' dir='ltr'>quod</span> <span class='ocrx_word' id='word_1_151' title='bbox 556 1553 736 1583; x_wconf 77' lang='lat' dir='ltr'>beatissima</span> <span class='ocrx_word' id='word_1_152' title='bbox 760 1555 859 1583; x_wconf 81' lang='lat' dir='ltr'>mater</span> <span class='ocrx_word' id='word_1_153' title='bbox 879 1553 951 1588; x_wconf 82' lang='lat' dir='ltr'>Dei,</span> 
     </span>
     <span class='ocr_line' id='line_1_26' title="bbox 180 1604 950 1645; baseline -0.003 -9"><span class='ocrx_word' id='word_1_154' title='bbox 180 1615 220 1636; x_wconf 76' lang='lat' dir='ltr'>ex</span> <span class='ocrx_word' id='word_1_155' title='bbox 234 1615 297 1645; x_wconf 92' lang='lat' dir='ltr'>quo</span> <span class='ocrx_word' id='word_1_156' title='bbox 312 1606 372 1636; x_wconf 83' lang='lat' dir='ltr'>fuit</span> <span class='ocrx_word' id='word_1_157' title='bbox 391 1605 545 1644; x_wconf 87' lang='lat' dir='ltr'>templum</span> <span class='ocrx_word' id='word_1_158' title='bbox 571 1605 623 1635; x_wconf 80' lang='lat' dir='ltr'>Dei</span> <span class='ocrx_word' id='word_1_159' title='bbox 639 1608 668 1635; x_wconf 89' lang='lat' dir='ltr'>et</span> <span class='ocrx_word' id='word_1_160' title='bbox 688 1604 825 1644; x_wconf 80' lang='lat' dir='ltr'>Spiritus</span> <span class='ocrx_word' id='word_1_161' title='bbox 841 1605 950 1642; x_wconf 76' lang='lat' dir='ltr'>sancti,</span> 
     </span>
     <span class='ocr_line' id='line_1_27' title="bbox 179 1658 952 1698; baseline 0 -10"><span class='ocrx_word' id='word_1_162' title='bbox 179 1659 266 1698; x_wconf 91' lang='lat' dir='ltr'>operi</span> <span class='ocrx_word' id='word_1_163' title='bbox 279 1658 381 1688; x_wconf 89' lang='lat' dir='ltr'>carnis</span> <span class='ocrx_word' id='word_1_164' title='bbox 395 1661 534 1689; x_wconf 87' lang='lat' dir='ltr'>vacaret:</span> <span class='ocrx_word' id='word_1_165' title='bbox 547 1661 576 1689; x_wconf 90' lang='lat' dir='ltr'>et</span> <span class='ocrx_word' id='word_1_166' title='bbox 587 1659 647 1689; x_wconf 89' lang='lat' dir='ltr'>hoc</span> <span class='ocrx_word' id='word_1_167' title='bbox 658 1668 720 1689; x_wconf 78' lang='lat' dir='ltr'>non</span> <span class='ocrx_word' id='word_1_168' title='bbox 732 1660 832 1698; x_wconf 87' lang='lat' dir='ltr'>potest</span> <span class='ocrx_word' id='word_1_169' title='bbox 843 1659 952 1688; x_wconf 80' lang='lat' dir='ltr'>cadere</span> 
     </span>
     <span class='ocr_line' id='line_1_28' title="bbox 179 1711 951 1751; baseline 0 -10"><span class='ocrx_word' id='word_1_170' title='bbox 179 1712 239 1742; x_wconf 85' lang='lat' dir='ltr'>nisi</span> <span class='ocrx_word' id='word_1_171' title='bbox 254 1712 288 1742; x_wconf 92' lang='lat' dir='ltr'>in</span> <span class='ocrx_word' id='word_1_172' title='bbox 302 1712 441 1742; x_wconf 86' lang='lat' dir='ltr'>animam</span> <span class='ocrx_word' id='word_1_173' title='bbox 457 1712 587 1751; x_wconf 79' lang='lat' dir='ltr'>impiam</span> <span class='ocrx_word' id='word_1_174' title='bbox 609 1714 639 1741; x_wconf 88' lang='lat' dir='ltr'>et</span> <span class='ocrx_word' id='word_1_175' title='bbox 658 1712 808 1747; x_wconf 75' lang='lat' dir='ltr'>stultam,</span> <span class='ocrx_word' id='word_1_176' title='bbox 827 1711 951 1741; x_wconf 67' lang='lat' dir='ltr'>eredere</span> 
     </span>
     <span class='ocr_line' id='line_1_29' title="bbox 179 1765 950 1803; baseline 0.001 -9"><span class='ocrx_word' id='word_1_177' title='bbox 179 1765 295 1795; x_wconf 85' lang='lat' dir='ltr'>scilicet</span> <span class='ocrx_word' id='word_1_178' title='bbox 319 1767 439 1794; x_wconf 83' lang='lat' dir='ltr'>tantam</span> <span class='ocrx_word' id='word_1_179' title='bbox 465 1765 497 1794; x_wconf 90' lang='lat' dir='ltr'>in</span> <span class='ocrx_word' id='word_1_180' title='bbox 520 1767 619 1795; x_wconf 88' lang='lat' dir='ltr'>matre</span> <span class='ocrx_word' id='word_1_181' title='bbox 642 1765 693 1794; x_wconf 78' lang='grc' dir='ltr'>1)οἰ</span> <span class='ocrx_word' id='word_1_182' title='bbox 717 1765 950 1803; x_wconf 76' lang='lat' dir='ltr'>indignitatem.</span> 
     </span>
     <span class='ocr_line' id='line_1_30' title="bbox 180 1818 951 1857; baseline -0.001 -9"><span class='ocrx_word' id='word_1_183' title='bbox 180 1818 251 1848; x_wconf 89' lang='lat' dir='ltr'>Ideo</span> <span class='ocrx_word' id='word_1_184' title='bbox 266 1827 436 1849; x_wconf 87' lang='lat' dir='ltr'>erroneum</span> <span class='ocrx_word' id='word_1_185' title='bbox 449 1821 495 1848; x_wconf 85' lang='lat' dir='ltr'>est</span> <span class='ocrx_word' id='word_1_186' title='bbox 507 1821 537 1848; x_wconf 88' lang='lat' dir='ltr'>et</span> <span class='ocrx_word' id='word_1_187' title='bbox 553 1819 766 1857; x_wconf 77' lang='lat' dir='ltr'>perniciosum</span> <span class='ocrx_word' id='word_1_188' title='bbox 780 1829 786 1847; x_wconf 89' lang='lat'>:</span> <span class='ocrx_word' id='word_1_189' title='bbox 802 1820 832 1848; x_wconf 83' lang='lat' dir='ltr'>et</span> <span class='ocrx_word' id='word_1_190' title='bbox 849 1818 951 1847; x_wconf 87' lang='lat' dir='ltr'>Domi-</span> 
     </span>
     <span class='ocr_line' id='line_1_31' title="bbox 179 1871 950 1908; baseline 0 -8"><span class='ocrx_word' id='word_1_191' title='bbox 179 1880 242 1901; x_wconf 84' lang='lat' dir='ltr'>nus</span> <span class='ocrx_word' id='word_1_192' title='bbox 270 1871 301 1900; x_wconf 87' lang='lat' dir='ltr'>in</span> <span class='ocrx_word' id='word_1_193' title='bbox 332 1873 434 1901; x_wconf 86' lang='lat' dir='ltr'>morte</span> <span class='ocrx_word' id='word_1_194' title='bbox 463 1871 559 1901; x_wconf 83' lang='lat' dir='ltr'>istum</span> <span class='ocrx_word' id='word_1_195' title='bbox 595 1879 736 1901; x_wconf 86' lang='lat' dir='ltr'>errorem</span> <span class='ocrx_word' id='word_1_196' title='bbox 764 1871 950 1908; x_wconf 81' lang='lat' dir='ltr'>evacuavit,</span> 
     </span>
     <span class='ocr_line' id='line_1_32' title="bbox 180 1923 950 1964; baseline -0.001 -9"><span class='ocrx_word' id='word_1_197' title='bbox 180 1925 307 1964; x_wconf 83' lang='lat' dir='ltr'>quando</span> <span class='ocrx_word' id='word_1_198' title='bbox 318 1926 328 1941; x_wconf 81' lang='lat'>³</span> <span class='ocrx_word' id='word_1_199' title='bbox 342 1934 413 1955; x_wconf 88' lang='lat' dir='ltr'>eam</span> <span class='ocrx_word' id='word_1_200' title='bbox 431 1925 522 1954; x_wconf 80' lang='lat' dir='ltr'>beato</span> <span class='ocrx_word' id='word_1_201' title='bbox 541 1923 654 1954; x_wconf 87' lang='lat' dir='ltr'>Joanni</span> <span class='ocrx_word' id='word_1_202' title='bbox 669 1925 950 1962; x_wconf 75' lang='lat' dir='ltr'>recommendavit,</span> 
     </span>
     <span class='ocr_line' id='line_1_33' title="bbox 181 1977 953 2008; baseline 0.001 -1"><span class='ocrx_word' id='word_1_203' title='bbox 181 1980 212 2007; x_wconf 86' lang='lat' dir='ltr'>et</span> <span class='ocrx_word' id='word_1_204' title='bbox 227 1978 310 2008; x_wconf 86' lang='lat' dir='ltr'>dedit</span> <span class='ocrx_word' id='word_1_205' title='bbox 323 1987 397 2008; x_wconf 90' lang='lat' dir='ltr'>eum</span> <span class='ocrx_word' id='word_1_206' title='bbox 416 1977 474 2007; x_wconf 84' lang='lat' dir='ltr'>sibi</span> <span class='ocrx_word' id='word_1_207' title='bbox 494 1978 526 2007; x_wconf 89' lang='lat' dir='ltr'>in</span> <span class='ocrx_word' id='word_1_208' title='bbox 545 1977 691 2007; x_wconf 81' lang='lat' dir='ltr'>solatium</span> <span class='ocrx_word' id='word_1_209' title='bbox 715 1977 782 2008; x_wconf 83' lang='lat' dir='ltr'>loco</span> <span class='ocrx_word' id='word_1_210' title='bbox 798 1978 853 2007; x_wconf 87' lang='lat' dir='ltr'>filii</span> <span class='ocrx_word' id='word_1_211' title='bbox 870 1987 877 2008; x_wconf 92' lang='lat'>:</span> <span class='ocrx_word' id='word_1_212' title='bbox 894 1987 953 2008; x_wconf 88' lang='lat' dir='ltr'>nec</span> 
     </span>
     <span class='ocr_line' id='line_1_34' title="bbox 183 2029 952 2070; baseline 0 -10"><span class='ocrx_word' id='word_1_213' title='bbox 183 2029 272 2070; x_wconf 84' lang='lat' dir='ltr'>illum</span> <span class='ocrx_word' id='word_1_214' title='bbox 287 2030 431 2067; x_wconf 82' lang='lat' dir='ltr'>dedisset,</span> <span class='ocrx_word' id='word_1_215' title='bbox 446 2030 472 2060; x_wconf 86' lang='lat' dir='ltr'>si</span> <span class='ocrx_word' id='word_1_216' title='bbox 485 2029 565 2060; x_wconf 79' lang='lat' dir='ltr'>tilios</span> <span class='ocrx_word' id='word_1_217' title='bbox 580 2030 753 2060; x_wconf 79' lang='lat' dir='ltr'>habuisset.</span> <span class='ocrx_word' id='word_1_218' title='bbox 769 2030 858 2066; x_wconf 82' lang='lat' dir='ltr'>Quod</span> <span class='ocrx_word' id='word_1_219' title='bbox 873 2040 952 2069; x_wconf 83' lang='lat' dir='ltr'>crgo</span> 
     </span>
     <span class='ocr_line' id='line_1_35' title="bbox 182 2082 952 2123; baseline 0.001 -11"><span class='ocrx_word' id='word_1_220' title='bbox 182 2082 332 2122; x_wconf 88' lang='lat' dir='ltr'>objicitur</span> <span class='ocrx_word' id='word_1_221' title='bbox 348 2083 385 2114; x_wconf 90' lang='lat' dir='ltr'>de</span> <span class='ocrx_word' id='word_1_222' title='bbox 400 2083 432 2123; x_wconf 94' lang='lat' dir='ltr'>ly</span> <span class='ocrx_word' id='word_1_223' title='bbox 452 2083 549 2114; x_wconf 81' lang='lat' dir='ltr'>donec</span> <span class='ocrx_word' id='word_1_224' title='bbox 560 2107 570 2121; x_wconf 83' lang='lat'><em>,</em></span> <span class='ocrx_word' id='word_1_225' title='bbox 587 2083 756 2113; x_wconf 88' lang='lat' dir='ltr'>dicendum</span> <span class='ocrx_word' id='word_1_226' title='bbox 781 2083 864 2123; x_wconf 90' lang='lat' dir='ltr'>quod</span> <span class='ocrx_word' id='word_1_227' title='bbox 879 2084 952 2114; x_wconf 88' lang='lat' dir='ltr'>dicit</span> 
     </span>
     <span class='ocr_line' id='line_1_36' title="bbox 181 2135 953 2174; baseline 0.004 -9"><span class='ocrx_word' id='word_1_228' title='bbox 181 2136 354 2166; x_wconf 88' lang='lat' dir='ltr'>terminum</span> <span class='ocrx_word' id='word_1_229' title='bbox 376 2136 531 2166; x_wconf 88' lang='lat' dir='ltr'>incertum</span> <span class='ocrx_word' id='word_1_230' title='bbox 544 2161 553 2174; x_wconf 87' lang='lat'><em>,</em></span> <span class='ocrx_word' id='word_1_231' title='bbox 570 2136 649 2166; x_wconf 89' lang='lat' dir='ltr'>sicut</span> <span class='ocrx_word' id='word_1_232' title='bbox 668 2136 707 2166; x_wconf 82' lang='lat' dir='ltr'>ibi</span> <span class='ocrx_word' id='word_1_233' title='bbox 724 2135 734 2151; x_wconf 69' lang='lat'>⁶</span> <span class='ocrx_word' id='word_1_234' title='bbox 751 2146 757 2165; x_wconf 79' lang='lat' dir='ltr'>z</span> <span class='ocrx_word' id='word_1_235' title='bbox 782 2137 880 2167; x_wconf 71' lang='lat' dir='ltr'>Discit</span> <span class='ocrx_word' id='word_1_236' title='bbox 895 2138 953 2168; x_wconf 88' lang='lat' dir='ltr'>Do-</span> 
     </span>
     <span class='ocr_line' id='line_1_37' title="bbox 182 2189 950 2226; baseline 0.001 -7"><span class='ocrx_word' id='word_1_237' title='bbox 182 2189 289 2220; x_wconf 79' lang='lat' dir='ltr'>minus</span> <span class='ocrx_word' id='word_1_238' title='bbox 312 2189 448 2220; x_wconf 79' lang='lat' dir='ltr'>Domino</span> <span class='ocrx_word' id='word_1_239' title='bbox 470 2197 555 2226; x_wconf 82' lang='lat' dir='ltr'>meo,</span> <span class='ocrx_word' id='word_1_240' title='bbox 576 2189 647 2220; x_wconf 81' lang='lat' dir='ltr'>sede</span> <span class='ocrx_word' id='word_1_241' title='bbox 672 2198 691 2220; x_wconf 82' lang='grc' dir='ltr'>(ι</span> <span class='ocrx_word' id='word_1_242' title='bbox 713 2189 839 2220; x_wconf 70' lang='lat' dir='ltr'>dextris</span> <span class='ocrx_word' id='word_1_243' title='bbox 861 2190 950 2225; x_wconf 75' lang='lat' dir='ltr'>meis,</span> 
     </span>
     <span class='ocr_line' id='line_1_38' title="bbox 182 2241 953 2281; baseline -0.001 -9"><span class='ocrx_word' id='word_1_244' title='bbox 182 2241 278 2272; x_wconf 79' lang='lat' dir='ltr'>donec</span> <span class='ocrx_word' id='word_1_245' title='bbox 298 2249 435 2280; x_wconf 75' lang='lat' dir='ltr'>ponam,</span> <span class='ocrx_word' id='word_1_246' title='bbox 458 2244 517 2272; x_wconf 87' lang='lat' dir='ltr'>etc.</span> <span class='ocrx_word' id='word_1_247' title='bbox 537 2253 543 2271; x_wconf 77' lang='lat' dir='ltr'>t</span> <span class='ocrx_word' id='word_1_248' title='bbox 565 2244 686 2272; x_wconf 73' lang='lat' dir='ltr'>constat</span> <span class='ocrx_word' id='word_1_249' title='bbox 708 2243 792 2281; x_wconf 86' lang='lat' dir='ltr'>quod</span> <span class='ocrx_word' id='word_1_250' title='bbox 816 2244 886 2281; x_wconf 82' lang='lat' dir='ltr'>post</span> <span class='ocrx_word' id='word_1_251' title='bbox 904 2251 953 2271; x_wconf 85' lang='lat' dir='ltr'>se-</span> 
     </span>
     <span class='ocr_line' id='line_1_39' title="bbox 184 2293 950 2334; baseline 0.003 -10"><span class='ocrx_word' id='word_1_252' title='bbox 184 2293 275 2324; x_wconf 88' lang='lat' dir='ltr'>debat</span> <span class='ocrx_word' id='word_1_253' title='bbox 301 2304 319 2324; x_wconf 82' lang='lat' dir='ltr'>a</span> <span class='ocrx_word' id='word_1_254' title='bbox 342 2295 470 2325; x_wconf 78' lang='lat' dir='ltr'>dextris.</span> <span class='ocrx_word' id='word_1_255' title='bbox 499 2294 654 2325; x_wconf 89' lang='lat' dir='ltr'>Similiter</span> <span class='ocrx_word' id='word_1_256' title='bbox 678 2294 747 2324; x_wconf 86' lang='lat' dir='ltr'>dico</span> <span class='ocrx_word' id='word_1_257' title='bbox 770 2295 854 2334; x_wconf 88' lang='lat' dir='ltr'>quod</span> <span class='ocrx_word' id='word_1_258' title='bbox 877 2296 950 2333; x_wconf 70' lang='lat' dir='ltr'>pri-</span> 
     </span>
     <span class='ocr_line' id='line_1_40' title="bbox 183 2348 952 2387; baseline -0.001 -9"><span class='ocrx_word' id='word_1_259' title='bbox 183 2348 358 2386; x_wconf 70' lang='lat' dir='ltr'>moqenitus</span> <span class='ocrx_word' id='word_1_260' title='bbox 374 2348 477 2387; x_wconf 87' lang='lat' dir='ltr'>privat</span> <span class='ocrx_word' id='word_1_261' title='bbox 496 2348 640 2378; x_wconf 85' lang='lat' dir='ltr'>ordinem</span> <span class='ocrx_word' id='word_1_262' title='bbox 658 2348 696 2377; x_wconf 86' lang='lat' dir='ltr'>ad</span> <span class='ocrx_word' id='word_1_263' title='bbox 713 2348 871 2385; x_wconf 78' lang='lat' dir='ltr'>anterius,</span> <span class='ocrx_word' id='word_1_264' title='bbox 889 2357 952 2377; x_wconf 79' lang='lat' dir='ltr'>non</span> 
     </span>
     <span class='ocr_line' id='line_1_41' title="bbox 186 2399 954 2440; baseline 0.001 -11"><span class='ocrx_word' id='word_1_265' title='bbox 186 2399 272 2439; x_wconf 88' lang='lat' dir='ltr'>ponit</span> <span class='ocrx_word' id='word_1_266' title='bbox 286 2400 429 2430; x_wconf 87' lang='lat' dir='ltr'>ordinem</span> <span class='ocrx_word' id='word_1_267' title='bbox 444 2401 483 2431; x_wconf 88' lang='lat' dir='ltr'>ad</span> <span class='ocrx_word' id='word_1_268' title='bbox 506 2401 661 2440; x_wconf 86' lang='lat' dir='ltr'>posterius</span> <span class='ocrx_word' id='word_1_269' title='bbox 681 2412 686 2430; x_wconf 86' lang='grc'>;</span> <span class='ocrx_word' id='word_1_270' title='bbox 704 2403 733 2430; x_wconf 86' lang='lat' dir='ltr'>ct</span> <span class='ocrx_word' id='word_1_271' title='bbox 750 2401 817 2431; x_wconf 88' lang='lat' dir='ltr'>ideo</span> <span class='ocrx_word' id='word_1_272' title='bbox 834 2401 954 2440; x_wconf 88' lang='lat' dir='ltr'>primo-</span> 
     </span>
     <span class='ocr_line' id='line_1_42' title="bbox 186 2450 953 2490; baseline 0.001 -10"><span class='ocrx_word' id='word_1_273' title='bbox 186 2450 313 2488; x_wconf 86' lang='lat' dir='ltr'>genitus</span> <span class='ocrx_word' id='word_1_274' title='bbox 337 2451 530 2490; x_wconf 79' lang='lat' dir='ltr'>appellatur,</span> <span class='ocrx_word' id='word_1_275' title='bbox 548 2452 625 2490; x_wconf 88' lang='lat' dir='ltr'>quia</span> <span class='ocrx_word' id='word_1_276' title='bbox 643 2452 797 2482; x_wconf 86' lang='lat' dir='ltr'>Dominus</span> <span class='ocrx_word' id='word_1_277' title='bbox 817 2454 883 2481; x_wconf 87' lang='lat' dir='ltr'>erat</span> <span class='ocrx_word' id='word_1_278' title='bbox 905 2461 953 2481; x_wconf 81' lang='lat' dir='ltr'>se-</span> 
     </span>
     <span class='ocr_line' id='line_1_43' title="bbox 186 2503 954 2544; baseline 0.003 -11"><span class='ocrx_word' id='word_1_279' title='bbox 186 2503 326 2533; x_wconf 85' lang='lat' dir='ltr'>eundum</span> <span class='ocrx_word' id='word_1_280' title='bbox 345 2503 449 2543; x_wconf 85' lang='lat' dir='ltr'>legem</span> <span class='ocrx_word' id='word_1_281' title='bbox 465 2504 654 2534; x_wconf 74' lang='lat' dir='ltr'>offerendus</span> <span class='ocrx_word' id='word_1_282' title='bbox 682 2504 713 2534; x_wconf 57' lang='lat'>1⁴21</span> <span class='ocrx_word' id='word_1_283' title='bbox 733 2505 758 2534; x_wconf 86' lang='lat' dir='ltr'>si</span> <span class='ocrx_word' id='word_1_284' title='bbox 775 2507 810 2534; x_wconf 90' lang='lat' dir='ltr'>tu</span> <span class='ocrx_word' id='word_1_285' title='bbox 825 2505 954 2544; x_wconf 82' lang='lat' dir='ltr'>objicias</span> 
     </span>
     <span class='ocr_line' id='line_1_44' title="bbox 187 2557 952 2598; baseline 0.004 -13"><span class='ocrx_word' id='word_1_286' title='bbox 187 2557 270 2595; x_wconf 71' lang='lat' dir='ltr'>quod</span> <span class='ocrx_word' id='word_1_287' title='bbox 284 2557 396 2587; x_wconf 88' lang='lat' dir='ltr'>habuit</span> <span class='ocrx_word' id='word_1_288' title='bbox 409 2558 532 2598; x_wconf 84' lang='lat' dir='ltr'>aliquos</span> <span class='ocrx_word' id='word_1_289' title='bbox 545 2558 668 2595; x_wconf 78' lang='lat' dir='ltr'>fratres,</span> <span class='ocrx_word' id='word_1_290' title='bbox 684 2558 851 2589; x_wconf 82' lang='lat' dir='ltr'>dicendum</span> <span class='ocrx_word' id='word_1_291' title='bbox 869 2559 952 2597; x_wconf 83' lang='lat' dir='ltr'>quod</span> 
     </span>
    </p>
   </div>
   <div class='ocr_carea' id='block_1_8' title="bbox 187 2636 952 2703">
    <p class='ocr_par' dir='ltr' id='par_1_10' title="bbox 187 2636 952 2703">
     <span class='ocr_line' id='line_1_45' title="bbox 219 2636 952 2668; baseline 0.001 -7"><span class='ocrx_word' id='word_1_292' title='bbox 219 2636 338 2664; x_wconf 49' lang='grc' dir='ltr'>ι11101111,</span> <span class='ocrx_word' id='word_1_293' title='bbox 355 2642 371 2665; x_wconf 81' lang='grc'>1,</span> <span class='ocrx_word' id='word_1_294' title='bbox 385 2638 422 2661; x_wconf 80' lang='lat'>25.</span> <span class='ocrx_word' id='word_1_295' title='bbox 434 2638 484 2655; x_wconf 66' lang='lat'>—2</span> <span class='ocrx_word' id='word_1_296' title='bbox 497 2638 581 2667; x_wconf 54' lang='lat' dir='ltr'>loun„</span> <span class='ocrx_word' id='word_1_297' title='bbox 598 2644 625 2668; x_wconf 88' lang='grc'>11,</span> <span class='ocrx_word' id='word_1_298' title='bbox 643 2640 679 2662; x_wconf 78' lang='grc'>12.</span> <span class='ocrx_word' id='word_1_299' title='bbox 692 2639 740 2657; x_wconf 69' lang='lat' dir='ltr'>-s</span> <span class='ocrx_word' id='word_1_300' title='bbox 751 2639 832 2668; x_wconf 70' lang='lat' dir='ltr'>doum,</span> <span class='ocrx_word' id='word_1_301' title='bbox 847 2645 899 2668; x_wconf 77' lang='lat' dir='ltr'>xix,</span> <span class='ocrx_word' id='word_1_302' title='bbox 915 2641 952 2662; x_wconf 60' lang='lat'>2⁶.</span> 
     </span>
     <span class='ocr_line' id='line_1_46' title="bbox 187 2672 712 2703; baseline 0 -7"><span class='ocrx_word' id='word_1_303' title='bbox 187 2685 215 2690; x_wconf 89' lang='lat'><em>-</em></span> <span class='ocrx_word' id='word_1_304' title='bbox 225 2673 234 2688; x_wconf 73' lang='lat'>⁸</span> <span class='ocrx_word' id='word_1_305' title='bbox 246 2672 314 2696; x_wconf 77' lang='lat' dir='ltr'>Psal.</span> <span class='ocrx_word' id='word_1_306' title='bbox 330 2678 382 2702; x_wconf 68' lang='lat' dir='ltr'>cxx,</span> <span class='ocrx_word' id='word_1_307' title='bbox 398 2677 418 2695; x_wconf 84' lang='lat'>1.</span> <span class='ocrx_word' id='word_1_308' title='bbox 431 2685 462 2690; x_wconf 91' lang='lat'>—</span> <span class='ocrx_word' id='word_1_309' title='bbox 475 2674 574 2703; x_wconf 64' lang='lat' dir='ltr'>*Pr-ov„</span> <span class='ocrx_word' id='word_1_310' title='bbox 589 2676 712 2703; x_wconf 75' lang='lat' dir='ltr'>xxx1‚38.</span> 
     </span>
    </p>
   </div>
   <div class='ocr_carea' id='block_1_9' title="bbox 1715 220 1773 249">
    <p class='ocr_par' dir='ltr' id='par_1_11' title="bbox 1715 220 1773 249">
     <span class='ocr_line' id='line_1_47' title="bbox 1715 220 1773 249; baseline 0 -1"><span class='ocrx_word' id='word_1_311' title='bbox 1715 220 1773 249; x_wconf 71' lang='lat'>259</span> 
     </span>
    </p>
   </div>
   <div class='ocr_carea' id='block_1_10' title="bbox 1003 282 1773 373">
    <p class='ocr_par' dir='ltr' id='par_1_12' title="bbox 1003 282 1773 373">
     <span class='ocr_line' id='line_1_48' title="bbox 1003 282 1773 323; baseline 0.005 -12"><span class='ocrx_word' id='word_1_312' title='bbox 1003 282 1114 312; x_wconf 86' lang='lat' dir='ltr'>fratres</span> <span class='ocrx_word' id='word_1_313' title='bbox 1141 284 1293 312; x_wconf 86' lang='lat' dir='ltr'>vocantur</span> <span class='ocrx_word' id='word_1_314' title='bbox 1315 283 1358 312; x_wconf 92' lang='lat' dir='ltr'>ibi</span> <span class='ocrx_word' id='word_1_315' title='bbox 1386 283 1556 323; x_wconf 89' lang='lat' dir='ltr'>propinqui</span> <span class='ocrx_word' id='word_1_316' title='bbox 1580 283 1613 314; x_wconf 92' lang='lat' dir='ltr'>in</span> <span class='ocrx_word' id='word_1_317' title='bbox 1635 285 1773 315; x_wconf 86' lang='lat' dir='ltr'>secundo</span> 
     </span>
     <span class='ocr_line' id='line_1_49' title="bbox 1005 336 1349 373; baseline 0.003 -8"><span class='ocrx_word' id='word_1_318' title='bbox 1005 336 1118 373; x_wconf 73' lang='lat' dir='ltr'>gradu,</span> <span class='ocrx_word' id='word_1_319' title='bbox 1134 336 1184 366; x_wconf 89' lang='lat' dir='ltr'>vel</span> <span class='ocrx_word' id='word_1_320' title='bbox 1201 336 1233 366; x_wconf 90' lang='lat' dir='ltr'>in</span> <span class='ocrx_word' id='word_1_321' title='bbox 1247 337 1349 366; x_wconf 86' lang='lat' dir='ltr'>tertio.</span> 
     </span>
    </p>
   </div>
   <div class='ocr_carea' id='block_1_11' title="bbox 1321 447 1444 469">
    <p class='ocr_par' dir='ltr' id='par_1_13' title="bbox 1321 447 1444 469">
     <span class='ocr_line' id='line_1_50' title="bbox 1321 447 1444 469; baseline 0.008 -1"><span class='ocrx_word' id='word_1_322' title='bbox 1321 447 1389 469; x_wconf 87' lang='lat' dir='ltr'>DUB.</span> <span class='ocrx_word' id='word_1_323' title='bbox 1412 448 1444 469; x_wconf 86' lang='lat' dir='ltr'>V.</span> 
     </span>
    </p>
   </div>
   <div class='ocr_carea' id='block_1_12' title="bbox 1007 515 1777 616">
    <p class='ocr_par' dir='ltr' id='par_1_14' title="bbox 1007 515 1777 616">
     <span class='ocr_line' id='line_1_51' title="bbox 1007 515 1775 548; baseline 0.003 -9"><span class='ocrx_word' id='word_1_324' title='bbox 1007 515 1173 539; x_wconf 85' lang='lat' dir='ltr'>Committens</span> <span class='ocrx_word' id='word_1_325' title='bbox 1191 522 1252 545; x_wconf 78' lang='lat' dir='ltr'>ergo</span> <span class='ocrx_word' id='word_1_326' title='bbox 1272 515 1442 546; x_wconf 77' lang='lat' dir='ltr'>virginitatem</span> <span class='ocrx_word' id='word_1_327' title='bbox 1465 523 1535 539; x_wconf 85' lang='lat' dir='ltr'>suam</span> <span class='ocrx_word' id='word_1_328' title='bbox 1554 516 1646 540; x_wconf 80' lang='lat' dir='ltr'>divinae</span> <span class='ocrx_word' id='word_1_329' title='bbox 1666 517 1775 548; x_wconf 79' lang='lat' dir='ltr'>disposi—</span> 
     </span>
     <span class='ocr_line' id='line_1_52' title="bbox 1037 550 1777 581; baseline 0.005 -8"><span class='ocrx_word' id='word_1_330' title='bbox 1037 551 1115 580; x_wconf 85' lang='lat' dir='ltr'>tioni,</span> <span class='ocrx_word' id='word_1_331' title='bbox 1132 551 1260 574; x_wconf 81' lang='lat' dir='ltr'>consensit</span> <span class='ocrx_word' id='word_1_332' title='bbox 1280 551 1305 574; x_wconf 84' lang='lat' dir='ltr'>in</span> <span class='ocrx_word' id='word_1_333' title='bbox 1331 550 1458 574; x_wconf 81' lang='lat' dir='ltr'>carnalem</span> <span class='ocrx_word' id='word_1_334' title='bbox 1482 552 1614 581; x_wconf 74' lang='lat' dir='ltr'>copulam,</span> <span class='ocrx_word' id='word_1_335' title='bbox 1636 559 1690 576; x_wconf 88' lang='lat' dir='ltr'>non</span> <span class='ocrx_word' id='word_1_336' title='bbox 1708 553 1777 577; x_wconf 86' lang='lat' dir='ltr'>illam</span> 
     </span>
     <span class='ocr_line' id='line_1_53' title="bbox 1037 586 1263 616; baseline -0.004 -7"><span class='ocrx_word' id='word_1_337' title='bbox 1037 586 1181 616; x_wconf 86' lang='lat' dir='ltr'>appetendo</span> <span class='ocrx_word' id='word_1_338' title='bbox 1192 605 1197 615; x_wconf 87' lang='lat'><em>,</em></span> <span class='ocrx_word' id='word_1_339' title='bbox 1213 589 1263 610; x_wconf 81' lang='lat' dir='ltr'>etc.</span> 
     </span>
    </p>
   </div>
   <div class='ocr_carea' id='block_1_13' title="bbox 1007 656 1781 1378">
    <p class='ocr_par' dir='ltr' id='par_1_15' title="bbox 1007 656 1780 960">
     <span class='ocr_line' id='line_1_54' title="bbox 1048 656 1778 696; baseline 0.004 -10"><span class='ocrx_word' id='word_1_340' title='bbox 1048 656 1093 686; x_wconf 77' lang='lat' dir='ltr'>Ex</span> <span class='ocrx_word' id='word_1_341' title='bbox 1109 657 1168 686; x_wconf 90' lang='grc'>1100</span> <span class='ocrx_word' id='word_1_342' title='bbox 1185 657 1312 687; x_wconf 86' lang='lat' dir='ltr'>videtur</span> <span class='ocrx_word' id='word_1_343' title='bbox 1329 657 1412 696; x_wconf 84' lang='lat' dir='ltr'>quod</span> <span class='ocrx_word' id='word_1_344' title='bbox 1434 657 1543 687; x_wconf 86' lang='lat' dir='ltr'>saltem</span> <span class='ocrx_word' id='word_1_345' title='bbox 1564 658 1659 688; x_wconf 88' lang='lat' dir='ltr'>fuerit</span> <span class='ocrx_word' id='word_1_346' title='bbox 1674 661 1778 689; x_wconf 91' lang='lat' dir='ltr'>mente</span> 
     </span>
     <span class='ocr_line' id='line_1_55' title="bbox 1007 710 1778 749; baseline 0.004 -10"><span class='ocrx_word' id='word_1_347' title='bbox 1007 712 1155 748; x_wconf 85' lang='lat' dir='ltr'>corrupta</span> <span class='ocrx_word' id='word_1_348' title='bbox 1172 719 1179 739; x_wconf 73' lang='grc' dir='ltr'><strong><em>ι</em></strong></span> <span class='ocrx_word' id='word_1_349' title='bbox 1201 710 1285 749; x_wconf 84' lang='lat' dir='ltr'>quod</span> <span class='ocrx_word' id='word_1_350' title='bbox 1301 710 1403 740; x_wconf 79' lang='lat' dir='ltr'>dicere</span> <span class='ocrx_word' id='word_1_351' title='bbox 1419 712 1463 740; x_wconf 83' lang='lat' dir='ltr'>est</span> <span class='ocrx_word' id='word_1_352' title='bbox 1478 710 1682 749; x_wconf 85' lang='lat' dir='ltr'>blasphemia.</span> <span class='ocrx_word' id='word_1_353' title='bbox 1701 712 1778 742; x_wconf 84' lang='lat' dir='ltr'>Item</span> 
     </span>
     <span class='ocr_line' id='line_1_56' title="bbox 1008 762 1778 802; baseline 0.005 -12"><span class='ocrx_word' id='word_1_354' title='bbox 1008 763 1131 792; x_wconf 80' lang='lat' dir='ltr'>videtur</span> <span class='ocrx_word' id='word_1_355' title='bbox 1155 762 1212 792; x_wconf 81' lang='lat' dir='ltr'>sibi</span> <span class='ocrx_word' id='word_1_356' title='bbox 1239 763 1469 799; x_wconf 83' lang='lat' dir='ltr'>contradicere⁷</span> <span class='ocrx_word' id='word_1_357' title='bbox 1495 764 1570 802; x_wconf 85' lang='lat' dir='ltr'>quia</span> <span class='ocrx_word' id='word_1_358' title='bbox 1591 763 1685 802; x_wconf 86' lang='lat' dir='ltr'>paulo</span> <span class='ocrx_word' id='word_1_359' title='bbox 1706 769 1778 794; x_wconf 86' lang='lat' dir='ltr'>aute</span> 
     </span>
     <span class='ocr_line' id='line_1_57' title="bbox 1007 815 1780 846; baseline 0 -1"><span class='ocrx_word' id='word_1_360' title='bbox 1007 815 1083 845; x_wconf 83' lang='lat' dir='ltr'>dicit</span> <span class='ocrx_word' id='word_1_361' title='bbox 1100 825 1107 845; x_wconf 91' lang='lat'>:</span> <span class='ocrx_word' id='word_1_362' title='bbox 1128 827 1141 844; x_wconf 76' lang='grc'>(1</span> <span class='ocrx_word' id='word_1_363' title='bbox 1158 816 1319 846; x_wconf 86' lang='lat' dir='ltr'>Consensit</span> <span class='ocrx_word' id='word_1_364' title='bbox 1334 816 1432 846; x_wconf 84' lang='lat' dir='ltr'>Maria</span> <span class='ocrx_word' id='word_1_365' title='bbox 1446 816 1478 846; x_wconf 87' lang='grc'>111</span> <span class='ocrx_word' id='word_1_366' title='bbox 1494 816 1672 846; x_wconf 83' lang='lat' dir='ltr'>maritalem</span> <span class='ocrx_word' id='word_1_367' title='bbox 1687 817 1780 846; x_wconf 86' lang='grc'>50010-</span> 
     </span>
     <span class='ocr_line' id='line_1_58' title="bbox 1008 869 1775 908; baseline 0 -10"><span class='ocrx_word' id='word_1_368' title='bbox 1008 870 1120 905; x_wconf 83' lang='lat' dir='ltr'>tatem,</span> <span class='ocrx_word' id='word_1_369' title='bbox 1147 869 1200 899; x_wconf 89' lang='lat' dir='ltr'>sed</span> <span class='ocrx_word' id='word_1_370' title='bbox 1225 878 1288 899; x_wconf 83' lang='lat' dir='ltr'>non</span> <span class='ocrx_word' id='word_1_371' title='bbox 1317 869 1349 898; x_wconf 90' lang='lat' dir='ltr'>in</span> <span class='ocrx_word' id='word_1_372' title='bbox 1378 869 1535 900; x_wconf 86' lang='lat' dir='ltr'>carnalem</span> <span class='ocrx_word' id='word_1_373' title='bbox 1559 869 1703 908; x_wconf 84' lang='lat' dir='ltr'>copulam</span> <span class='ocrx_word' id='word_1_374' title='bbox 1725 879 1731 899; x_wconf 91' lang='lat'>:</span> <span class='ocrx_word' id='word_1_375' title='bbox 1761 882 1775 898; x_wconf 85' lang='lat'>»</span> 
     </span>
     <span class='ocr_line' id='line_1_59' title="bbox 1008 922 1414 960; baseline 0.005 -10"><span class='ocrx_word' id='word_1_376' title='bbox 1008 931 1085 960; x_wconf 73' lang='lat' dir='ltr'>ergo</span> <span class='ocrx_word' id='word_1_377' title='bbox 1100 922 1214 951; x_wconf 85' lang='lat' dir='ltr'>salsum</span> <span class='ocrx_word' id='word_1_378' title='bbox 1230 922 1303 952; x_wconf 89' lang='lat' dir='ltr'>dicit</span> <span class='ocrx_word' id='word_1_379' title='bbox 1320 932 1414 952; x_wconf 87' lang='lat' dir='ltr'>nunc.</span> 
     </span>
    </p>

    <p class='ocr_par' dir='ltr' id='par_1_16' title="bbox 1008 974 1781 1378">
     <span class='ocr_line' id='line_1_60' title="bbox 1050 974 1779 1014; baseline 0.005 -11"><span class='ocrx_word' id='word_1_380' title='bbox 1050 974 1141 1013; x_wconf 68' lang='lat' dir='ltr'>Resp.</span> <span class='ocrx_word' id='word_1_381' title='bbox 1163 975 1336 1005; x_wconf 62' lang='lat' dir='ltr'>Dicendum</span> <span class='ocrx_word' id='word_1_382' title='bbox 1353 975 1437 1014; x_wconf 85' lang='lat' dir='ltr'>quod</span> <span class='ocrx_word' id='word_1_383' title='bbox 1461 976 1537 1006; x_wconf 90' lang='lat' dir='ltr'>illud</span> <span class='ocrx_word' id='word_1_384' title='bbox 1557 976 1692 1007; x_wconf 86' lang='lat' dir='ltr'>verbum</span> <span class='ocrx_word' id='word_1_385' title='bbox 1712 976 1779 1006; x_wconf 87' lang='lat' dir='ltr'>Au-</span> 
     </span>
     <span class='ocr_line' id='line_1_61' title="bbox 1010 1027 1781 1068; baseline 0.005 -13"><span class='ocrx_word' id='word_1_386' title='bbox 1010 1027 1130 1064; x_wconf 80' lang='lat' dir='ltr'>gustini</span> <span class='ocrx_word' id='word_1_387' title='bbox 1146 1027 1347 1066; x_wconf 71' lang='lat' dir='ltr'>intelligitur,</span> <span class='ocrx_word' id='word_1_388' title='bbox 1363 1037 1428 1058; x_wconf 87' lang='lat' dir='ltr'>non</span> <span class='ocrx_word' id='word_1_389' title='bbox 1445 1028 1520 1067; x_wconf 78' lang='lat' dir='ltr'>quia</span> <span class='ocrx_word' id='word_1_390' title='bbox 1533 1028 1632 1068; x_wconf 83' lang='lat' dir='ltr'>Virgo</span> <span class='ocrx_word' id='word_1_391' title='bbox 1648 1038 1781 1060; x_wconf 87' lang='lat' dir='ltr'>consen-</span> 
     </span>
     <span class='ocr_line' id='line_1_62' title="bbox 1008 1077 1781 1119; baseline 0.004 -12"><span class='ocrx_word' id='word_1_392' title='bbox 1008 1077 1083 1107; x_wconf 83' lang='lat' dir='ltr'>serit</span> <span class='ocrx_word' id='word_1_393' title='bbox 1097 1080 1132 1108; x_wconf 82' lang='lat' dir='ltr'>ut</span> <span class='ocrx_word' id='word_1_394' title='bbox 1151 1078 1253 1117; x_wconf 85' lang='lat' dir='ltr'>ipsam</span> <span class='ocrx_word' id='word_1_395' title='bbox 1274 1081 1498 1117; x_wconf 80' lang='lat' dir='ltr'>cognosceret,</span> <span class='ocrx_word' id='word_1_396' title='bbox 1516 1080 1591 1118; x_wconf 85' lang='lat' dir='ltr'>quia</span> <span class='ocrx_word' id='word_1_397' title='bbox 1615 1089 1781 1119; x_wconf 80' lang='lat' dir='ltr'>nunquam</span> 
     </span>
     <span class='ocr_line' id='line_1_63' title="bbox 1009 1130 1781 1170; baseline 0.004 -11"><span class='ocrx_word' id='word_1_398' title='bbox 1009 1130 1101 1160; x_wconf 81' lang='lat' dir='ltr'>eredo</span> <span class='ocrx_word' id='word_1_399' title='bbox 1124 1131 1183 1160; x_wconf 90' lang='lat' dir='ltr'>hoc</span> <span class='ocrx_word' id='word_1_400' title='bbox 1204 1131 1303 1170; x_wconf 85' lang='lat' dir='ltr'>ipsam</span> <span class='ocrx_word' id='word_1_401' title='bbox 1329 1131 1487 1168; x_wconf 80' lang='lat' dir='ltr'>voluisse,</span> <span class='ocrx_word' id='word_1_402' title='bbox 1514 1141 1571 1162; x_wconf 84' lang='lat' dir='ltr'>nec</span> <span class='ocrx_word' id='word_1_403' title='bbox 1596 1132 1696 1162; x_wconf 85' lang='lat' dir='ltr'>Deum</span> <span class='ocrx_word' id='word_1_404' title='bbox 1721 1132 1781 1162; x_wconf 85' lang='lat' dir='ltr'>sihi</span> 
     </span>
     <span class='ocr_line' id='line_1_64' title="bbox 1010 1183 1781 1223; baseline 0.003 -11"><span class='ocrx_word' id='word_1_405' title='bbox 1010 1183 1069 1213; x_wconf 86' lang='lat' dir='ltr'>hoc</span> <span class='ocrx_word' id='word_1_406' title='bbox 1082 1183 1267 1222; x_wconf 81' lang='lat' dir='ltr'>inspirasse3</span> <span class='ocrx_word' id='word_1_407' title='bbox 1288 1183 1341 1213; x_wconf 85' lang='lat' dir='ltr'>sed</span> <span class='ocrx_word' id='word_1_408' title='bbox 1356 1184 1513 1214; x_wconf 85' lang='lat' dir='ltr'>consensit</span> <span class='ocrx_word' id='word_1_409' title='bbox 1529 1184 1561 1214; x_wconf 90' lang='lat' dir='ltr'>iu</span> <span class='ocrx_word' id='word_1_410' title='bbox 1577 1185 1781 1223; x_wconf 74' lang='lat' dir='ltr'>coniugalem</span> 
     </span>
     <span class='ocr_line' id='line_1_65' title="bbox 1008 1235 1780 1276; baseline 0.003 -11"><span class='ocrx_word' id='word_1_411' title='bbox 1008 1235 1199 1273; x_wconf 72' lang='lat' dir='ltr'>societatem,</span> <span class='ocrx_word' id='word_1_412' title='bbox 1217 1237 1283 1266; x_wconf 85' lang='lat' dir='ltr'>sive</span> <span class='ocrx_word' id='word_1_413' title='bbox 1297 1237 1329 1266; x_wconf 89' lang='lat' dir='ltr'>in</span> <span class='ocrx_word' id='word_1_414' title='bbox 1345 1238 1492 1266; x_wconf 86' lang='lat' dir='ltr'>mutuam</span> <span class='ocrx_word' id='word_1_415' title='bbox 1507 1246 1679 1276; x_wconf 91' lang='lat' dir='ltr'>corporum</span> <span class='ocrx_word' id='word_1_416' title='bbox 1697 1239 1780 1276; x_wconf 90' lang='lat' dir='ltr'>pote-</span> 
     </span>
     <span class='ocr_line' id='line_1_66' title="bbox 1009 1289 1779 1329; baseline 0.003 -11"><span class='ocrx_word' id='word_1_417' title='bbox 1009 1291 1137 1326; x_wconf 87' lang='lat' dir='ltr'>statem,</span> <span class='ocrx_word' id='word_1_418' title='bbox 1155 1298 1227 1328; x_wconf 81' lang='lat' dir='ltr'>quae</span> <span class='ocrx_word' id='word_1_419' title='bbox 1247 1289 1391 1320; x_wconf 85' lang='lat' dir='ltr'>ordinata</span> <span class='ocrx_word' id='word_1_420' title='bbox 1410 1292 1477 1320; x_wconf 84' lang='lat' dir='ltr'>erat</span> <span class='ocrx_word' id='word_1_421' title='bbox 1492 1290 1531 1320; x_wconf 90' lang='lat' dir='ltr'>ad</span> <span class='ocrx_word' id='word_1_422' title='bbox 1546 1291 1693 1329; x_wconf 88' lang='lat' dir='ltr'>copulam</span> <span class='ocrx_word' id='word_1_423' title='bbox 1711 1299 1779 1320; x_wconf 88' lang='lat' dir='ltr'>car-</span> 
     </span>
     <span class='ocr_line' id='line_1_67' title="bbox 1009 1342 1727 1378; baseline 0.003 -7"><span class='ocrx_word' id='word_1_424' title='bbox 1009 1342 1125 1378; x_wconf 83' lang='lat' dir='ltr'>nalem,</span> <span class='ocrx_word' id='word_1_425' title='bbox 1138 1351 1200 1372; x_wconf 87' lang='grc'>11011</span> <span class='ocrx_word' id='word_1_426' title='bbox 1211 1344 1318 1372; x_wconf 85' lang='lat' dir='ltr'>tamen</span> <span class='ocrx_word' id='word_1_427' title='bbox 1329 1342 1526 1373; x_wconf 87' lang='lat' dir='ltr'>ordinatione</span> <span class='ocrx_word' id='word_1_428' title='bbox 1540 1343 1727 1373; x_wconf 83' lang='lat' dir='ltr'>necessaria.</span> 
     </span>
    </p>
   </div>
   <div class='ocr_carea' id='block_1_14' title="bbox 1328 1445 1465 1466">
    <p class='ocr_par' dir='ltr' id='par_1_17' title="bbox 1328 1445 1465 1466">
     <span class='ocr_line' id='line_1_68' title="bbox 1328 1445 1465 1466; baseline 0 -1"><span class='ocrx_word' id='word_1_429' title='bbox 1328 1445 1396 1465; x_wconf 87' lang='lat' dir='ltr'>DUB.</span> <span class='ocrx_word' id='word_1_430' title='bbox 1421 1445 1465 1466; x_wconf 92' lang='lat' dir='ltr'>VI.</span> 
     </span>
    </p>
   </div>
   <div class='ocr_carea' id='block_1_15' title="bbox 1008 1501 1780 1561">
    <p class='ocr_par' dir='ltr' id='par_1_18' title="bbox 1008 1501 1780 1561">
     <span class='ocr_line' id='line_1_69' title="bbox 1008 1501 1780 1534; baseline 0.005 -11"><span class='ocrx_word' id='word_1_431' title='bbox 1008 1501 1086 1524; x_wconf 81' lang='lat' dir='ltr'>Jacob</span> <span class='ocrx_word' id='word_1_432' title='bbox 1104 1501 1147 1531; x_wconf 83' lang='lat' dir='ltr'>qui</span> <span class='ocrx_word' id='word_1_433' title='bbox 1161 1501 1253 1524; x_wconf 84' lang='lat' dir='ltr'>Rachel</span> <span class='ocrx_word' id='word_1_434' title='bbox 1272 1502 1392 1525; x_wconf 83' lang='lat' dir='ltr'>decoram</span> <span class='ocrx_word' id='word_1_435' title='bbox 1412 1502 1491 1532; x_wconf 81' lang='lat' dir='ltr'>facie,</span> <span class='ocrx_word' id='word_1_436' title='bbox 1511 1504 1536 1525; x_wconf 86' lang='lat' dir='ltr'>et</span> <span class='ocrx_word' id='word_1_437' title='bbox 1555 1505 1662 1527; x_wconf 83' lang='lat' dir='ltr'>venusto</span> <span class='ocrx_word' id='word_1_438' title='bbox 1677 1505 1780 1534; x_wconf 74' lang='lat' dir='ltr'>aspectu</span> 
     </span>
     <span class='ocr_line' id='line_1_70' title="bbox 1344 1538 1447 1561; baseline 0.01 -1"><span class='ocrx_word' id='word_1_439' title='bbox 1344 1538 1447 1561; x_wconf 84' lang='lat' dir='ltr'>amavit.</span> 
     </span>
    </p>
   </div>
   <div class='ocr_carea' id='block_1_16' title="bbox 1009 1599 1786 2701">
    <p class='ocr_par' dir='ltr' id='par_1_19' title="bbox 1009 1599 1782 2119">
     <span class='ocr_line' id='line_1_71' title="bbox 1050 1599 1781 1639; baseline 0.004 -11"><span class='ocrx_word' id='word_1_440' title='bbox 1050 1599 1209 1635; x_wconf 75' lang='lat' dir='ltr'>Quaeritur</span> <span class='ocrx_word' id='word_1_441' title='bbox 1230 1599 1281 1628; x_wconf 86' lang='grc'>1110</span> <span class='ocrx_word' id='word_1_442' title='bbox 1304 1601 1413 1629; x_wconf 80' lang='lat' dir='ltr'>utrum</span> <span class='ocrx_word' id='word_1_443' title='bbox 1436 1599 1628 1637; x_wconf 53' lang='lat' dir='ltr'>peccaverit,</span> <span class='ocrx_word' id='word_1_444' title='bbox 1648 1603 1678 1630; x_wconf 89' lang='lat' dir='ltr'>et</span> <span class='ocrx_word' id='word_1_445' title='bbox 1696 1601 1781 1639; x_wconf 87' lang='lat' dir='ltr'>quod</span> 
     </span>
     <span class='ocr_line' id='line_1_72' title="bbox 1009 1653 1779 1693; baseline 0.004 -10"><span class='ocrx_word' id='word_1_446' title='bbox 1009 1655 1070 1685; x_wconf 74' lang='grc'>510,</span> <span class='ocrx_word' id='word_1_447' title='bbox 1097 1654 1237 1690; x_wconf 82' lang='lat' dir='ltr'>videtur⁷</span> <span class='ocrx_word' id='word_1_448' title='bbox 1255 1655 1330 1693; x_wconf 82' lang='lat' dir='ltr'>quia</span> <span class='ocrx_word' id='word_1_449' title='bbox 1348 1653 1500 1692; x_wconf 79' lang='lat' dir='ltr'>Magister</span> <span class='ocrx_word' id='word_1_450' title='bbox 1524 1654 1597 1684; x_wconf 84' lang='lat' dir='ltr'>dicit</span> <span class='ocrx_word' id='word_1_451' title='bbox 1614 1655 1646 1685; x_wconf 90' lang='lat' dir='ltr'>in</span> <span class='ocrx_word' id='word_1_452' title='bbox 1660 1655 1779 1693; x_wconf 86' lang='lat' dir='ltr'>littera,</span> 
     </span>
     <span class='ocr_line' id='line_1_73' title="bbox 1010 1706 1782 1745; baseline 0.005 -10"><span class='ocrx_word' id='word_1_453' title='bbox 1010 1707 1090 1745; x_wconf 65' lang='grc' dir='ltr'>(1110νί</span> <span class='ocrx_word' id='word_1_454' title='bbox 1122 1706 1324 1745; x_wconf 80' lang='lat' dir='ltr'>pulchritudo</span> <span class='ocrx_word' id='word_1_455' title='bbox 1349 1706 1458 1745; x_wconf 77' lang='lat' dir='ltr'>procul</span> <span class='ocrx_word' id='word_1_456' title='bbox 1489 1707 1585 1737; x_wconf 81' lang='lat' dir='ltr'>dubio</span> <span class='ocrx_word' id='word_1_457' title='bbox 1613 1710 1657 1737; x_wconf 86' lang='lat' dir='ltr'>est</span> <span class='ocrx_word' id='word_1_458' title='bbox 1687 1718 1782 1739; x_wconf 78' lang='lat' dir='ltr'>causa</span> 
     </span>
     <span class='ocr_line' id='line_1_74' title="bbox 1010 1759 1781 1799; baseline 0.004 -10"><span class='ocrx_word' id='word_1_459' title='bbox 1010 1760 1115 1789; x_wconf 84' lang='lat' dir='ltr'>minus</span> <span class='ocrx_word' id='word_1_460' title='bbox 1142 1759 1288 1793; x_wconf 78' lang='lat' dir='ltr'>honesta,</span> <span class='ocrx_word' id='word_1_461' title='bbox 1314 1762 1440 1798; x_wconf 83' lang='lat' dir='ltr'>propter</span> <span class='ocrx_word' id='word_1_462' title='bbox 1463 1769 1558 1799; x_wconf 87' lang='lat' dir='ltr'>quam</span> <span class='ocrx_word' id='word_1_463' title='bbox 1585 1761 1781 1792; x_wconf 82' lang='lat' dir='ltr'>contrahitur</span> 
     </span>
     <span class='ocr_line' id='line_1_75' title="bbox 1010 1812 1782 1852; baseline 0.006 -11"><span class='ocrx_word' id='word_1_464' title='bbox 1010 1812 1262 1842; x_wconf 84' lang='lat' dir='ltr'>matrimonium.</span> <span class='ocrx_word' id='word_1_465' title='bbox 1299 1812 1374 1841; x_wconf 78' lang='lat' dir='ltr'>Item</span> <span class='ocrx_word' id='word_1_466' title='bbox 1406 1823 1412 1842; x_wconf 71' lang='grc' dir='ltr'>ι</span> <span class='ocrx_word' id='word_1_467' title='bbox 1443 1812 1561 1844; x_wconf 73' lang='lat' dir='ltr'>Faltaoe</span> <span class='ocrx_word' id='word_1_468' title='bbox 1594 1815 1720 1852; x_wconf 71' lang='lat' dir='ltr'>qratia,</span> <span class='ocrx_word' id='word_1_469' title='bbox 1752 1818 1782 1846; x_wconf 77' lang='lat' dir='ltr'>et</span> 
     </span>
     <span class='ocr_line' id='line_1_76' title="bbox 1009 1864 1780 1906; baseline 0.004 -11"><span class='ocrx_word' id='word_1_470' title='bbox 1009 1873 1094 1896; x_wconf 76' lang='lat' dir='ltr'>vana</span> <span class='ocrx_word' id='word_1_471' title='bbox 1114 1868 1158 1896; x_wconf 79' lang='lat' dir='ltr'>est</span> <span class='ocrx_word' id='word_1_472' title='bbox 1175 1864 1400 1903; x_wconf 70' lang='lat' dir='ltr'>pulchritudo,</span> <span class='ocrx_word' id='word_1_473' title='bbox 1418 1864 1499 1894; x_wconf 78' lang='lat' dir='ltr'>sicut</span> <span class='ocrx_word' id='word_1_474' title='bbox 1514 1865 1628 1896; x_wconf 86' lang='lat' dir='ltr'>dicitur</span> <span class='ocrx_word' id='word_1_475' title='bbox 1648 1867 1657 1882; x_wconf 92' lang='lat'>‘</span> <span class='ocrx_word' id='word_1_476' title='bbox 1677 1878 1682 1896; x_wconf 91' lang='lat'>:</span> <span class='ocrx_word' id='word_1_477' title='bbox 1701 1876 1780 1906; x_wconf 84' lang='lat' dir='ltr'>ergo</span> 
     </span>
     <span class='ocr_line' id='line_1_77' title="bbox 1011 1917 1781 1956; baseline 0.004 -10"><span class='ocrx_word' id='word_1_478' title='bbox 1011 1918 1063 1956; x_wconf 86' lang='lat' dir='ltr'>qui</span> <span class='ocrx_word' id='word_1_479' title='bbox 1080 1919 1206 1956; x_wconf 83' lang='lat' dir='ltr'>propter</span> <span class='ocrx_word' id='word_1_480' title='bbox 1223 1917 1493 1956; x_wconf 86' lang='lat' dir='ltr'>pulchritudinem</span> <span class='ocrx_word' id='word_1_481' title='bbox 1503 1919 1660 1948; x_wconf 81' lang='lat' dir='ltr'>contrahit</span> <span class='ocrx_word' id='word_1_482' title='bbox 1675 1920 1781 1950; x_wconf 85' lang='lat' dir='ltr'>matri-</span> 
     </span>
     <span class='ocr_line' id='line_1_78' title="bbox 1011 1965 1781 2012; baseline 0.004 -12"><span class='ocrx_word' id='word_1_483' title='bbox 1011 1971 1169 2008; x_wconf 83' lang='lat' dir='ltr'>monium,</span> <span class='ocrx_word' id='word_1_484' title='bbox 1194 1973 1340 2001; x_wconf 88' lang='lat' dir='ltr'>movetur</span> <span class='ocrx_word' id='word_1_485' title='bbox 1361 1980 1400 2000; x_wconf 71' lang='lat' dir='ltr'>ex</span> <span class='ocrx_word' id='word_1_486' title='bbox 1420 1971 1575 2001; x_wconf 85' lang='lat' dir='ltr'>vanitate:</span> <span class='ocrx_word' id='word_1_487' title='bbox 1601 1972 1624 2001; x_wconf 84' lang='lat' dir='ltr'>si</span> <span class='ocrx_word' id='word_1_488' title='bbox 1649 1965 1729 2012; x_wconf 84' lang='lat' dir='ltr'>ergo</span> <span class='ocrx_word' id='word_1_489' title='bbox 1748 1974 1781 2003; x_wconf 89' lang='lat' dir='ltr'>in</span> 
     </span>
     <span class='ocr_line' id='line_1_79' title="bbox 1011 2025 1779 2066; baseline 0.004 -11"><span class='ocrx_word' id='word_1_490' title='bbox 1011 2026 1215 2056; x_wconf 84' lang='lat' dir='ltr'>sacramentis</span> <span class='ocrx_word' id='word_1_491' title='bbox 1228 2026 1345 2056; x_wconf 89' lang='lat' dir='ltr'>divinis</span> <span class='ocrx_word' id='word_1_492' title='bbox 1357 2025 1427 2055; x_wconf 84' lang='lat' dir='ltr'>talis</span> <span class='ocrx_word' id='word_1_493' title='bbox 1444 2035 1538 2056; x_wconf 87' lang='lat' dir='ltr'>causa</span> <span class='ocrx_word' id='word_1_494' title='bbox 1551 2029 1598 2057; x_wconf 87' lang='lat' dir='ltr'>est</span> <span class='ocrx_word' id='word_1_495' title='bbox 1608 2028 1779 2066; x_wconf 88' lang='lat' dir='ltr'>reprehen-</span> 
     </span>
     <span class='ocr_line' id='line_1_80' title="bbox 1011 2079 1307 2119; baseline 0 -10"><span class='ocrx_word' id='word_1_496' title='bbox 1011 2079 1121 2117; x_wconf 86' lang='lat' dir='ltr'>sibilis,</span> <span class='ocrx_word' id='word_1_497' title='bbox 1138 2082 1234 2119; x_wconf 86' lang='lat' dir='ltr'>patet,</span> <span class='ocrx_word' id='word_1_498' title='bbox 1250 2081 1307 2109; x_wconf 71' lang='lat' dir='ltr'>ete.</span> 
     </span>
    </p>

    <p class='ocr_par' dir='ltr' id='par_1_20' title="bbox 1011 2132 1786 2648">
     <span class='ocr_line' id='line_1_81' title="bbox 1053 2132 1781 2172; baseline 0.004 -10"><span class='ocrx_word' id='word_1_499' title='bbox 1053 2132 1143 2172; x_wconf 83' lang='lat' dir='ltr'>Resp.</span> <span class='ocrx_word' id='word_1_500' title='bbox 1159 2133 1331 2163; x_wconf 86' lang='lat' dir='ltr'>Dicendum</span> <span class='ocrx_word' id='word_1_501' title='bbox 1344 2133 1427 2171; x_wconf 90' lang='lat' dir='ltr'>quod</span> <span class='ocrx_word' id='word_1_502' title='bbox 1444 2133 1645 2172; x_wconf 86' lang='lat' dir='ltr'>pulchritudo</span> <span class='ocrx_word' id='word_1_503' title='bbox 1660 2135 1693 2164; x_wconf 90' lang='lat' dir='ltr'>in</span> <span class='ocrx_word' id='word_1_504' title='bbox 1710 2144 1781 2165; x_wconf 92' lang='lat' dir='ltr'>mu-</span> 
     </span>
     <span class='ocr_line' id='line_1_82' title="bbox 1011 2185 1782 2225; baseline 0.003 -10"><span class='ocrx_word' id='word_1_505' title='bbox 1011 2185 1103 2222; x_wconf 83' lang='lat' dir='ltr'>liere,</span> <span class='ocrx_word' id='word_1_506' title='bbox 1121 2185 1169 2216; x_wconf 70' lang='lat' dir='ltr'>vel</span> <span class='ocrx_word' id='word_1_507' title='bbox 1195 2185 1228 2215; x_wconf 88' lang='lat' dir='ltr'>in</span> <span class='ocrx_word' id='word_1_508' title='bbox 1248 2185 1334 2222; x_wconf 85' lang='lat' dir='ltr'>viro,</span> <span class='ocrx_word' id='word_1_509' title='bbox 1357 2187 1457 2223; x_wconf 86' lang='lat' dir='ltr'>potest</span> <span class='ocrx_word' id='word_1_510' title='bbox 1471 2186 1639 2225; x_wconf 62' lang='lat' dir='ltr'>dupliciter</span> <span class='ocrx_word' id='word_1_511' title='bbox 1654 2196 1782 2217; x_wconf 88' lang='lat' dir='ltr'>movere</span> 
     </span>
     <span class='ocr_line' id='line_1_83' title="bbox 1011 2238 1783 2270; baseline 0.003 -2"><span class='ocrx_word' id='word_1_512' title='bbox 1011 2239 1049 2269; x_wconf 87' lang='lat' dir='ltr'>ad</span> <span class='ocrx_word' id='word_1_513' title='bbox 1067 2238 1304 2269; x_wconf 81' lang='lat' dir='ltr'>matrimonium</span> <span class='ocrx_word' id='word_1_514' title='bbox 1331 2238 1580 2269; x_wconf 79' lang='lat' dir='ltr'>contrahendum</span> <span class='ocrx_word' id='word_1_515' title='bbox 1598 2250 1603 2269; x_wconf 90' lang='lat'>:</span> <span class='ocrx_word' id='word_1_516' title='bbox 1626 2242 1681 2269; x_wconf 87' lang='lat' dir='ltr'>aut</span> <span class='ocrx_word' id='word_1_517' title='bbox 1703 2240 1783 2270; x_wconf 87' lang='lat' dir='ltr'>sicut</span> 
     </span>
     <span class='ocr_line' id='line_1_84' title="bbox 1012 2291 1783 2330; baseline 0.003 -10"><span class='ocrx_word' id='word_1_518' title='bbox 1012 2301 1107 2321; x_wconf 77' lang='lat' dir='ltr'>causa</span> <span class='ocrx_word' id='word_1_519' title='bbox 1125 2291 1321 2330; x_wconf 85' lang='lat' dir='ltr'>principalis,</span> <span class='ocrx_word' id='word_1_520' title='bbox 1345 2293 1400 2321; x_wconf 78' lang='lat' dir='ltr'>aut</span> <span class='ocrx_word' id='word_1_521' title='bbox 1419 2291 1499 2321; x_wconf 87' lang='lat' dir='ltr'>sicut</span> <span class='ocrx_word' id='word_1_522' title='bbox 1518 2301 1612 2322; x_wconf 81' lang='lat' dir='ltr'>causa</span> <span class='ocrx_word' id='word_1_523' title='bbox 1631 2292 1783 2323; x_wconf 88' lang='lat' dir='ltr'>inducens</span> 
     </span>
     <span class='ocr_line' id='line_1_85' title="bbox 1012 2344 1784 2382; baseline 0.003 -9"><span class='ocrx_word' id='word_1_524' title='bbox 1012 2347 1042 2375; x_wconf 86' lang='lat' dir='ltr'>et</span> <span class='ocrx_word' id='word_1_525' title='bbox 1063 2344 1222 2374; x_wconf 76' lang='lat' dir='ltr'>attrahens</span> <span class='ocrx_word' id='word_1_526' title='bbox 1239 2344 1377 2382; x_wconf 76' lang='lat' dir='ltr'>quodam</span> <span class='ocrx_word' id='word_1_527' title='bbox 1400 2344 1505 2374; x_wconf 87' lang='lat' dir='ltr'>modo.</span> <span class='ocrx_word' id='word_1_528' title='bbox 1533 2344 1565 2374; x_wconf 87' lang='lat' dir='ltr'>Si</span> <span class='ocrx_word' id='word_1_529' title='bbox 1584 2345 1665 2375; x_wconf 86' lang='lat' dir='ltr'>sicut</span> <span class='ocrx_word' id='word_1_530' title='bbox 1690 2355 1784 2375; x_wconf 83' lang='lat' dir='ltr'>causa</span> 
     </span>
     <span class='ocr_line' id='line_1_86' title="bbox 1014 2397 1781 2436; baseline 0.003 -9"><span class='ocrx_word' id='word_1_531' title='bbox 1014 2397 1208 2436; x_wconf 73' lang='lat' dir='ltr'>principalis,</span> <span class='ocrx_word' id='word_1_532' title='bbox 1227 2399 1301 2426; x_wconf 80' lang='lat' dir='ltr'>tunc</span> <span class='ocrx_word' id='word_1_533' title='bbox 1326 2398 1373 2426; x_wconf 90' lang='lat' dir='ltr'>est</span> <span class='ocrx_word' id='word_1_534' title='bbox 1392 2405 1487 2426; x_wconf 83' lang='lat' dir='ltr'>causa</span> <span class='ocrx_word' id='word_1_535' title='bbox 1511 2397 1618 2427; x_wconf 86' lang='lat' dir='ltr'>minus</span> <span class='ocrx_word' id='word_1_536' title='bbox 1638 2398 1781 2435; x_wconf 76' lang='lat' dir='ltr'>honesta,</span> 
     </span>
     <span class='ocr_line' id='line_1_87' title="bbox 1013 2449 1782 2490; baseline 0 -9"><span class='ocrx_word' id='word_1_537' title='bbox 1013 2451 1086 2490; x_wconf 73' lang='lat' dir='ltr'>quia</span> <span class='ocrx_word' id='word_1_538' title='bbox 1102 2459 1166 2480; x_wconf 87' lang='lat' dir='ltr'>non</span> <span class='ocrx_word' id='word_1_539' title='bbox 1183 2449 1274 2479; x_wconf 84' lang='lat' dir='ltr'>dehet</span> <span class='ocrx_word' id='word_1_540' title='bbox 1297 2449 1356 2479; x_wconf 88' lang='lat' dir='ltr'>hoc</span> <span class='ocrx_word' id='word_1_541' title='bbox 1379 2449 1498 2480; x_wconf 90' lang='lat' dir='ltr'>intendi</span> <span class='ocrx_word' id='word_1_542' title='bbox 1514 2451 1545 2479; x_wconf 90' lang='lat' dir='ltr'>in</span> <span class='ocrx_word' id='word_1_543' title='bbox 1568 2451 1782 2488; x_wconf 79' lang='lat' dir='ltr'>matrimonio,</span> 
     </span>
     <span class='ocr_line' id='line_1_88' title="bbox 1014 2502 1782 2542; baseline 0 -9"><span class='ocrx_word' id='word_1_544' title='bbox 1014 2504 1066 2533; x_wconf 83' lang='lat' dir='ltr'>sed</span> <span class='ocrx_word' id='word_1_545' title='bbox 1083 2503 1222 2533; x_wconf 84' lang='lat' dir='ltr'>filiorum</span> <span class='ocrx_word' id='word_1_546' title='bbox 1239 2503 1430 2541; x_wconf 73' lang='lat' dir='ltr'>procreatio,</span> <span class='ocrx_word' id='word_1_547' title='bbox 1447 2502 1497 2533; x_wconf 90' lang='lat' dir='ltr'>vel</span> <span class='ocrx_word' id='word_1_548' title='bbox 1513 2503 1639 2542; x_wconf 82' lang='lat' dir='ltr'>aliquod</span> <span class='ocrx_word' id='word_1_549' title='bbox 1660 2504 1762 2534; x_wconf 90' lang='lat' dir='ltr'>simile</span> <span class='ocrx_word' id='word_1_550' title='bbox 1776 2515 1782 2534; x_wconf 75' lang='grc' dir='ltr'><strong><em>ε</em></strong></span> 
     </span>
     <span class='ocr_line' id='line_1_89' title="bbox 1014 2555 1784 2587; baseline 0 -1"><span class='ocrx_word' id='word_1_551' title='bbox 1014 2559 1042 2587; x_wconf 83' lang='lat' dir='ltr'>et</span> <span class='ocrx_word' id='word_1_552' title='bbox 1072 2557 1131 2586; x_wconf 85' lang='lat' dir='ltr'>hoc.</span> <span class='ocrx_word' id='word_1_553' title='bbox 1156 2556 1271 2585; x_wconf 72' lang='lat' dir='ltr'>iterum</span> <span class='ocrx_word' id='word_1_554' title='bbox 1297 2555 1478 2585; x_wconf 88' lang='lat' dir='ltr'>ordinatum</span> <span class='ocrx_word' id='word_1_555' title='bbox 1503 2558 1549 2585; x_wconf 82' lang='lat' dir='ltr'>est</span> <span class='ocrx_word' id='word_1_556' title='bbox 1575 2556 1611 2585; x_wconf 88' lang='lat' dir='ltr'>ad</span> <span class='ocrx_word' id='word_1_557' title='bbox 1639 2556 1784 2586; x_wconf 90' lang='lat' dir='ltr'>divinum</span> 
     </span>
     <span class='ocr_line' id='line_1_90' title="bbox 1014 2608 1786 2648; baseline 0 -8"><span class='ocrx_word' id='word_1_558' title='bbox 1014 2609 1214 2648; x_wconf 87' lang='lat' dir='ltr'>obsequium.</span> <span class='ocrx_word' id='word_1_559' title='bbox 1235 2608 1267 2638; x_wconf 87' lang='lat' dir='ltr'>Si</span> <span class='ocrx_word' id='word_1_560' title='bbox 1284 2609 1389 2638; x_wconf 86' lang='lat' dir='ltr'>autem</span> <span class='ocrx_word' id='word_1_561' title='bbox 1409 2608 1489 2638; x_wconf 87' lang='lat' dir='ltr'>sicut</span> <span class='ocrx_word' id='word_1_562' title='bbox 1505 2608 1667 2645; x_wconf 77' lang='lat' dir='ltr'>inducens,</span> <span class='ocrx_word' id='word_1_563' title='bbox 1685 2610 1786 2648; x_wconf 78' lang='lat' dir='ltr'>potest</span> 
     </span>
    </p>

    <p class='ocr_par' dir='ltr' id='par_1_21' title="bbox 1047 2670 1310 2701">
     <span class='ocr_line' id='line_1_91' title="bbox 1047 2670 1310 2701; baseline -0.011 -6"><span class='ocrx_word' id='word_1_564' title='bbox 1047 2675 1078 2701; x_wconf 71' lang='lat' dir='ltr'>(a)</span> <span class='ocrx_word' id='word_1_565' title='bbox 1094 2671 1161 2695; x_wconf 75' lang='lat' dir='ltr'>Edit.</span> <span class='ocrx_word' id='word_1_566' title='bbox 1183 2671 1239 2693; x_wconf 78' lang='lat' dir='ltr'>Ven.</span> <span class='ocrx_word' id='word_1_567' title='bbox 1255 2670 1310 2693; x_wconf 82' lang='lat' dir='ltr'>hac.</span> 
     </span>
    </p>
   </div>
  </div>
 </body>
</html>
