1991 3006
624 213 717 244 DlST.
742 211 886 243 XXXVII.
911 211 999 242 ART.
1025 212 1061 243 ll.
1086 212 1236 249 QUAEST.
1262 213 1312 243 llI.

165 282 235 321 ejus
256 281 442 312 occisionem
467 290 485 311 a
513 280 715 311 matrimonio
738 288 803 310 non
825 278 935 309 debeat

166 334 337 374 prohiberi.

205 391 234 418 2.
252 388 329 418 Item
346 387 490 426 possibile
505 388 551 417 est
563 386 648 426 quod
661 385 709 415 vir
724 385 844 416 occidat
858 394 935 415 uxo-

166 450 233 472 rem
249 441 314 471 zelo
329 449 424 480 quem
439 439 535 469 hahet
549 439 582 468 in
598 439 834 469 detestationem
849 438 935 468 adul-

166 494 234 525 terii
249 504 255 524 z
280 502 360 532 ergo
375 493 502 523 videtur
517 492 602 532 quod
620 494 679 522 stet
699 501 755 531 pro
770 491 932 521 matrimo-

165 547 239 578 nio:
262 556 338 585 ergo
353 556 416 577 non
436 546 527 576 debet
546 545 651 584 puniri
670 544 846 584 privatione
867 553 933 573 ma-

166 600 317 630 trimonii.

207 655 236 683 3.
257 652 335 683 Item
354 661 448 682 omne
468 654 631 691 peccatum
654 652 752 690 potest
766 651 864 681 deleri
882 659 937 689 per

166 705 380 746 poenitentiam
393 716 399 735 z
414 714 493 744 ergo
507 713 600 744 poena
612 705 669 734 ista
680 706 726 734 est
738 703 858 733 ratione
870 712 937 743 pec-

166 759 244 797 cati;
267 761 297 789 et
314 758 383 789 haec
400 766 493 798 poena
513 759 615 797 potest
633 766 700 787 esse
721 757 842 787 occasio
864 766 935 796 pec-

166 812 223 842 cati
238 836 245 848 ,
262 811 400 842 maxime
413 811 544 850 Juveni,
561 810 616 850 qui
631 810 726 840 habet
741 810 937 840 incentivum

167 866 304 896 libidinis
318 876 324 895 :
346 874 424 903 ergo
442 864 568 895 videtur
584 864 667 904 quod
683 872 747 893 non
763 863 857 902 possit
878 863 936 893 im-

168 919 265 959 pediri
278 943 286 957 ,
303 919 412 949 saltem
429 918 613 957 poenitentia
627 918 717 948 sacta.

209 975 238 1002 4.
262 972 339 1002 Item
354 972 459 1010 magis
474 973 633 1010 repugnat
648 971 731 1001 hono
747 970 939 1000 matrimonii

169 1025 378 1062 adultermm,
397 1033 495 1064 quam
515 1023 748 1054 homicidium:
771 1023 822 1053 sed
847 1023 939 1053 adul-

168 1079 282 1109 terium
308 1077 490 1117 simpliciter
516 1085 578 1106 non
605 1076 756 1115 impedit:
784 1084 863 1114 ergo
883 1084 940 1105 nec

168 1130 392 1161 uxoricidium.

436 1235 661 1268 CONCLUSIO.

174 1326 357 1355 l’aeoricidz'um
378 1324 493 1360 impedit
509 1325 725 1355 matrimonium,
747 1324 803 1349 sive
823 1324 860 1349 sit
879 1323 939 1356 fac--

206 1374 261 1399 tum
278 1370 457 1406 persequendo
481 1369 606 1404 culpam,
629 1368 686 1394 sive
708 1367 857 1400 defectam,
888 1369 942 1393 sive

206 1414 414 1440 matrimonium.

211 1502 302 1542 Resp.
329 1501 367 1532 ad
393 1510 462 1539 arg.
496 1500 668 1530 Dicendum
697 1499 780 1538 quod
803 1499 941 1529 occidere

171 1565 307 1587 uxorem
332 1556 433 1594 potest
456 1553 527 1593 quis
549 1552 734 1592 tripliciter:
758 1555 811 1582 aut
837 1561 939 1591 persc-

170 1609 296 1650 quendo
311 1608 436 1648 culpam
448 1631 457 1645 ,
475 1609 530 1637 aut
545 1606 759 1646 persequendo
779 1607 938 1639 naturam,

171 1667 226 1694 aut
234 1662 449 1704 persequendo
457 1660 709 1691 matrimonium.
722 1659 941 1698 Persequendo

171 1716 315 1756 culpam⁷
341 1717 396 1745 aut
419 1723 492 1744 cum
515 1714 548 1743 iu
574 1712 787 1743 fornicationis
810 1712 940 1742 crimine

172 1769 396 1810 deprehendit,
411 1771 441 1798 et
456 1767 532 1797 adeo
548 1767 732 1802 detestatur,
749 1766 830 1804 quod
848 1766 881 1795 in
897 1765 941 1795 nl-

172 1824 288 1854 tionem
325 1822 466 1853 criminis
499 1822 633 1851 mortem
667 1819 794 1858 infligit.
832 1818 941 1849 Perse-

171 1877 296 1917 quendo
316 1878 481 1911 naturam⁷
504 1876 539 1904 ut
560 1874 585 1903 si
609 1873 723 1903 mulier
742 1874 868 1911 proptor
885 1872 938 1901 de—

171 1931 287 1961 sectum
310 1929 467 1968 aliquem,
496 1936 591 1967 quem
619 1926 714 1956 habet
738 1925 770 1955 in
795 1934 848 1961 se,
876 1933 940 1954 non

172 1984 264 2014 habet
285 1984 421 2022 gratiam
442 1982 502 2014 viri
523 1991 530 2012 ε
554 1981 639 2011 unde
659 1980 708 2010 vir
727 1989 797 2010 eam
812 1988 939 2009 exosam

172 2038 290 2068 liabens
311 2038 342 2067 et
364 2045 495 2075 gravem
510 2059 517 2073 ‚
543 2036 670 2074 propter
692 2033 783 2063 istam
807 2033 938 2063 detesta-

172 2091 288 2121 tionem
305 2092 335 2120 et
349 2089 413 2120 odii
434 2088 642 2119 intensionem
662 2087 767 2117 furore
789 2094 918 2115 accenso
931 2109 938 2122 ,

173 2145 272 2184 ipsam
288 2142 423 2183 perlinit.
443 2140 664 2181 Persequendo
680 2139 918 2170 matrimonium
931 2163 939 2177 ,

173 2199 210 2228 ut
225 2195 350 2236 quando
360 2195 537 2225 moechatur
547 2203 619 2225 cum
632 2193 747 2233 aliqua,
765 2201 861 2232 quam
875 2192 940 2222 vult

175 2252 288 2282 ducere
303 2250 335 2280 in
349 2258 483 2280 uxorem
495 2273 502 2285 ‚
518 2251 548 2279 et
562 2257 622 2279 non
638 2249 748 2287 potest,
766 2246 826 2276 nisi
842 2255 941 2276 uxore

176 2306 317 2340 mortua;
341 2305 372 2333 et
394 2302 463 2332 ideo
486 2302 588 2341 ipsam
612 2299 770 2330 interficit.
796 2298 940 2329 Primum

175 2358 221 2387 est
236 2364 334 2395 grave
350 2357 512 2395 peccatum
533 2355 659 2393 propter
681 2361 865 2388 excessum3
891 2361 938 2381 se-

175 2410 313 2440 cundum
332 2412 378 2439 est
393 2409 546 2447 gravius;
566 2407 695 2438 tertium
720 2408 765 2436 est
786 2405 940 2444 gravissi-

175 2472 276 2493 mum.
298 2462 332 2492 ln
352 2462 492 2501 quolibet
506 2461 623 2491 horum
638 2459 826 2499 prohibetur
840 2468 858 2488 a
874 2467 941 2488 nia-

301 2738 355 2758 rm]
363 2752 368 2757 .
394 2737 435 2757 Vl.

1699 218 1756 246 369

990 279 1138 310 trimonio
1149 279 1372 318 contrahendo,
1386 280 1439 311 sed
1450 281 1552 320 magis
1563 281 1596 311 in
1607 282 1753 320 secundo,

990 335 1019 362 et
1035 333 1173 364 maxime
1194 333 1227 363 in
1246 333 1339 363 tertio
1355 345 1360 363 :
1383 336 1412 364 et
1431 334 1464 364 in
1484 334 1624 374 quolibet
1640 335 1757 365 horum

990 395 1120 416 casuum
1137 386 1336 426 dispensatur
1351 387 1389 417 ab
1406 387 1558 425 Ecclesia,
1574 390 1605 418 et
1620 389 1759 419 maxime

991 439 1022 468 in
1035 440 1228 477 juvenibus:
1250 439 1303 469 sed
1323 440 1356 469 in
1377 440 1479 479 primo
1493 441 1530 471 de
1547 441 1645 479 sacili,
1662 442 1694 471 in
1709 451 1758 472 se-

991 492 1093 523 cundo
1109 492 1277 529 difficilius,
1295 492 1328 522 ln
1343 493 1434 523 tertio
1446 494 1583 532 quodam
1599 495 1692 525 modo
1704 495 1759 532 sic,

991 547 1021 574 et
1041 545 1177 584 quodam
1198 546 1291 576 niodo
1311 555 1385 576 non.
1408 545 1560 586 Respectu
1579 556 1658 586 ergo
1678 547 1762 578 illius

992 607 1135 637 personae
1155 608 1228 629 cum
1250 608 1313 638 qua
1334 600 1561 638 moechabatur,
1584 603 1615 631 et
1635 603 1763 641 propter

992 660 1089 690 quam
1104 651 1281 682 habendam
1296 652 1329 682 in
1346 653 1546 683 matrimonio
1561 654 1672 684 occidit
1686 663 1760 685 con-

989 705 1105 743 jugem
1116 727 1125 741 ,
1156 714 1321 744 nunquam
1347 714 1419 735 cum
1444 715 1480 735 eo
1508 706 1760 746 dispcnsabitur;

993 757 1056 786 imo
1073 757 1097 787 si
1109 759 1240 796 Junctus
1257 758 1360 796 suerit,
1382 758 1566 798 simpliciter
1581 762 1761 799 separatur:

993 810 1045 840 sed
1070 813 1213 850 respectu
1245 811 1379 842 aliarum
1391 836 1400 850 ,
1432 815 1559 852 propter
1589 813 1764 852 periculum

993 864 1203 903 dispensatur.
1226 863 1312 895 Unde
1331 865 1477 904 quamvis
1496 866 1615 896 crimen
1636 875 1700 896 non
1719 867 1763 897 fa—

995 917 1055 947 ciat
1073 917 1203 947 omnino
1219 917 1422 956 illegitimum
1446 921 1593 958 respectu
1609 919 1764 957 omnium,

996 972 1123 1010 propter
1138 970 1315 1010 periculum
1331 972 1560 1009 fornicationiS,
1576 972 1648 1002 facit
1660 975 1766 1003 tamen

995 1023 1177 1062 simpliciter
1187 1024 1390 1062 illegitimum
1401 1027 1544 1064 respectu
1554 1025 1690 1065 alicujus
1701 1034 1767 1069 per-

994 1085 1080 1106 sonae
1115 1076 1332 1108 determinatae
1346 1101 1355 1114 ,
1399 1078 1516 1108 scilicet
1560 1078 1767 1109 homicidium

992 1131 1140 1168 Junctum
1153 1139 1226 1160 cum
1241 1130 1407 1168 adulterio,
1426 1130 1475 1161 vel
1490 1131 1683 1161 adulterium
1694 1141 1768 1163 cum

995 1182 1066 1212 fidei
1083 1183 1220 1220 datione,
1232 1183 1283 1214 vel
1297 1181 1381 1214 datio
1395 1184 1468 1214 fidei
1484 1193 1556 1214 cum
1572 1185 1765 1216 uxoricidio:

996 1239 1026 1266 et
1047 1237 1091 1266 sic
1114 1237 1348 1268 concedendum
1372 1240 1437 1276 est,
1461 1238 1546 1278 quod
1568 1238 1629 1269 tale
1647 1239 1767 1270 crimen

997 1289 1127 1328 impedit
1150 1291 1389 1321 matrimonium
1412 1292 1518 1331 aliquo
1540 1292 1633 1322 modo
1653 1292 1765 1330 taliter,

996 1343 1070 1381 quia
1094 1343 1243 1382 impedit,
1267 1343 1320 1374 sed
1343 1352 1407 1374 non
1423 1344 1563 1381 diriinit3
1581 1344 1642 1374 alio
1661 1344 1765 1382 modo,

997 1395 1079 1434 quod
1096 1396 1190 1425 etiam
1204 1396 1344 1434 dirimit,
1361 1397 1442 1427 sicut
1457 1399 1574 1427 tactum
1590 1399 1645 1427 est.

1039 1451 1066 1477 1,
1088 1448 1135 1478 Ad
1150 1448 1227 1478 illud
1242 1458 1322 1487 ergo
1337 1449 1421 1488 quod
1437 1450 1593 1489 objicitur,
1615 1450 1699 1490 quod
1714 1451 1768 1490 qui

997 1502 1109 1532 occidit
1141 1512 1275 1532 uxorem
1303 1503 1438 1533 alienam
1451 1527 1460 1541 ,
1490 1506 1548 1534 etc.
1563 1528 1570 1542 ,
1600 1504 1768 1535 dicendum

997 1555 1081 1594 quod
1094 1564 1157 1585 non
1171 1558 1217 1586 est
1232 1555 1334 1586 simile
1350 1567 1356 1586 :
1373 1557 1447 1596 quia
1460 1557 1546 1587 enim
1558 1557 1689 1587 offendit
1704 1566 1768 1588 ma-

998 1608 1183 1639 trimonium
1199 1609 1232 1639 in
1248 1619 1291 1647 se„
1305 1618 1377 1639 cum
1393 1619 1527 1640 uxorem
1544 1610 1703 1649 propriam
1716 1610 1769 1640 in-

998 1662 1120 1694 terficit.
1132 1663 1201 1693 ideo
1214 1663 1245 1692 in
1258 1672 1290 1693 se
1304 1663 1396 1693 debet
1410 1663 1515 1702 puniri
1527 1674 1533 1700 ;
1548 1672 1611 1694 non
1627 1664 1682 1700 sic,
1695 1672 1768 1694 cum

999 1715 1145 1745 interfit-it
1158 1716 1306 1746 alienam.

1038 1771 1066 1798 9..
1088 1769 1135 1798 Ad
1154 1769 1231 1799 illud
1247 1770 1331 1808 quod
1347 1770 1495 1808 objicitur
1509 1770 1547 1800 de
1561 1770 1643 1809 zelo,
1661 1771 1766 1801 dicen-

998 1821 1074 1851 dum
1096 1822 1182 1861 quod
1200 1822 1286 1852 zelus
1308 1832 1372 1852 non
1391 1825 1521 1853 excusat
1538 1833 1556 1853 a
1573 1825 1656 1860 toto,
1677 1824 1731 1854 sed
1749 1834 1768 1854 a

998 1876 1084 1904 tanto
1100 1885 1105 1904 :
1124 1875 1207 1905 unde
1222 1875 1343 1906 facilius
1359 1885 1432 1906 cum
1447 1885 1483 1906 eo
1498 1876 1706 1916 dispensatur.

1038 1930 1066 1964 3,
1084 1928 1131 1958 Ad
1147 1929 1224 1959 illud
1239 1929 1323 1969 quod
1336 1929 1484 1968 objicitur
1500 1930 1584 1968 quod
1601 1932 1700 1969 potest
1712 1939 1768 1970 per

1000 1981 1217 2020 poenitentiam
1239 1982 1354 2020 deleri,
1378 1982 1545 2013 dicendum
1568 1984 1651 2023 quod
1674 1993 1769 2014 enor-

999 2034 1091 2065 mitas
1106 2044 1169 2065 non
1196 2036 1238 2065 ita
1259 2035 1318 2065 cito
1341 2035 1479 2074 deletur;
1497 2036 1561 2066 imo
1585 2037 1618 2066 in
1640 2046 1767 2076 poenam

999 2090 1104 2117 manet
1119 2088 1255 2126 diutius,
1269 2089 1351 2119 sicut
1366 2091 1449 2128 patet
1465 2089 1497 2119 in
1518 2090 1764 2128 irregularitate.

1037 2143 1065 2171 4.
1090 2141 1137 2171 Ad
1153 2141 1229 2172 illud
1251 2141 1336 2181 quod
1358 2141 1522 2181 objicitur,
1542 2143 1624 2182 quod
1644 2144 1765 2174 adulte-

999 2193 1082 2223 rium
1099 2195 1203 2233 magis
1224 2197 1400 2234 repugnat,
1420 2195 1588 2226 dicendum
1606 2197 1690 2236 quod
1713 2197 1767 2227 fal-

998 2256 1068 2276 sum
1085 2250 1149 2285 est⁷
1167 2248 1242 2287 quia
1257 2247 1470 2278 uxoricidium
1495 2250 1541 2278 est
1563 2252 1672 2280 contra
1695 2251 1768 2280 sub-

998 2301 1146 2330 stantiam
1172 2301 1381 2336 matrimonii,
1400 2301 1473 2340 quia
1499 2302 1626 2340 perimit
1642 2303 1765 2342 subjec-

999 2357 1085 2390 tum;
1124 2354 1175 2384 sed
1207 2354 1398 2384 adulterium
1429 2356 1476 2385 est
1505 2358 1613 2386 contra
1648 2356 1768 2387 bonum

999 2409 1082 2446 fidei,
1100 2408 1166 2438 sine
1179 2417 1241 2448 quo
1257 2408 1496 2438 matrimonium
1510 2418 1576 2439 esse
1594 2412 1695 2448 potest
1714 2421 1720 2440 :
1737 2412 1767 2440 et

1000 2461 1067 2491 ideo
1083 2471 1146 2491 non
1162 2464 1207 2491 cst
1221 2461 1322 2491 simile
1337 2461 1410 2491 hinc
1427 2464 1454 2492 et
1471 2462 1553 2492 inde.
