1991 3006
224 201 283 231 630

444 321 661 354 DISTINCTIO
682 322 772 354 XXV.

263 402 334 435 Ouid
346 402 525 436 sz'ynificetur,
547 409 605 429 cum
627 401 727 428 dicitur
747 401 894 436 pluraliter
908 403 958 428 tres

407 454 538 480 personae,
555 446 596 473 vel
609 445 665 472 duae
677 453 806 480 personae.

396 530 520 553 Praeteren
541 529 754 553 considerandum
777 532 824 553 est.

265 590 297 621 Si
311 591 517 628 discernatur,
534 600 678 631 personae
694 600 772 622 voce
786 593 915 621 notatur

226 643 383 682 Essentia,
407 645 596 684 proprietas,
613 645 792 685 hypostasis
812 645 993 675 associatur.

228 697 348 727 Dictum
365 697 520 737 posterius
535 707 595 728 usu
610 698 731 738 potiore
749 698 912 737 probatur.

438 809 654 840 DISTINCTIO
677 809 782 840 XXVI.

247 887 282 913 De
296 887 508 921 proprietatibus
524 893 716 921 prosonarum,
732 886 779 913 scd
792 887 868 920 prius
883 886 915 913 cle
935 887 980 913 hoc

469 932 572 957 nomine
586 931 752 965 Hypostasis.

320 1013 389 1037 Nunc
405 1014 435 1037 de
447 1013 643 1044 proprietatibus
656 1020 824 1043 personarum
837 1031 844 1043 ,
857 1015 904 1036 cte.

267 1073 346 1104 Vere
358 1083 409 1104 res
423 1074 488 1104 fore
504 1076 566 1104 tres
575 1073 658 1103 dicas
666 1073 862 1113 hypostaseis
871 1075 909 1112 (a)
923 1075 995 1103 tres⁴

228 1127 282 1157 Est
303 1127 467 1167 proprium
484 1126 584 1158 Patris
607 1136 777 1165 generare,
794 1126 879 1157 velut
900 1136 998 1165 genc-

308 1180 371 1210 rari

230 1233 315 1271 Nati;
333 1233 462 1272 spirari,
481 1233 529 1263 dic
544 1232 673 1272 Spiritui
689 1233 857 1273 propriari.

231 1286 322 1317 Notio
337 1287 508 1326 proprietas
519 1289 575 1323 est,
590 1289 683 1326 atque
699 1286 824 1324 relatio;
842 1296 940 1326 quare
951 1311 959 1324 ,

232 1340 262 1371 Si
278 1342 495 1377 convertatur,
512 1340 628 1380 poteris
644 1340 687 1369 sic
702 1349 770 1370 esse
785 1340 929 1379 probare.

232 1394 296 1424 Aut
310 1393 505 1425 substantive
520 1395 571 1433 pia
585 1394 714 1424 nomina
729 1393 959 1433 suscipiantur,

233 1448 305 1478 Sive
318 1447 465 1483 relative,
482 1456 554 1487 quae
570 1447 685 1477 divinis
700 1447 914 1486 propriantur.

233 1501 320 1532 Unus
337 1503 451 1532 natura
467 1500 596 1540 genitus
610 1501 660 1537 sit,
678 1510 811 1531 munere
828 1500 934 1540 plures

235 1553 305 1584 Sint
322 1554 370 1584 vel
385 1554 505 1584 factura
516 1578 525 1592 ‚
539 1554 674 1584 dubium
690 1554 732 1583 sic
747 1554 868 1584 solvere
881 1564 982 1585 cures.

236 1608 365 1648 Spiritui
382 1610 489 1639 sancto
504 1609 623 1638 donum
639 1617 724 1638 nunc
739 1609 971 1648 appropriatur.

236 1662 370 1701 Spiritus
398 1664 428 1692 et
456 1664 582 1692 sanctus
595 1686 602 1698 ‚
633 1661 758 1700 genitor
771 1686 777 1699 ,
815 1663 1005 1702 genitusque

314 1717 445 1745 vocatur
456 1738 465 1752 ,

234 1767 275 1802 Et
289 1768 500 1805 substantive,
518 1767 571 1797 sed
587 1767 624 1798 de
639 1768 717 1798 ssatu
732 1769 895 1798 referatur.

440 1876 659 1908 DISTINCTIO
682 1877 801 1908 XXVII.

237 1956 282 1982 An
294 1956 388 1986 Pater,
400 1955 440 1982 vel
455 1955 549 1988 Filius,
565 1955 606 1982 vel
622 1955 743 1981 Trinitas
759 1956 820 1989 ipsa
830 1977 836 1985 ,
851 1958 937 1990 possit
957 1956 1008 1982 clici

499 1999 617 2033 Spiritus
631 2001 747 2025 sanctus.

318 2080 363 2105 Hic
378 2081 456 2112 quaeri
469 2082 567 2111 potest,
583 2082 666 2104 utrum
679 2081 860 2112 proprietates,
877 2084 925 2106 etc.

279 2144 365 2175 Sacri
378 2144 520 2175 doctores
534 2144 643 2174 eadem
661 2146 735 2174 sunt
749 2145 988 2184 appropriantes

240 2197 274 2227 In
290 2206 323 2227 re
338 2197 490 2236 personis,
508 2197 628 2227 ratione
644 2197 727 2228 modi
744 2199 914 2229 variantes.

240 2250 271 2281 Si
285 2250 460 2281 concretive
476 2259 583 2280 sumas
594 2274 601 2286 ,
623 2250 783 2288 substant,
803 2252 1006 2291 referuntur3

238 2303 295 2334 Ast
307 2303 494 2333 abstractive
508 2303 701 2340 subsistunt,
718 2313 783 2334 non
798 2305 989 2336 referuntur.

240 2351 275 2381 In
290 2351 381 2382 Patre
403 2351 531 2390 signare
547 2352 706 2391 praedicta,
730 2355 880 2393 paterque
901 2354 1007 2384 nitate.

240 2405 278 2435 Ut
292 2407 391 2445 pater,
404 2407 433 2435 et
449 2407 552 2443 natus,
571 2406 696 2445 genitor
711 2407 766 2444 sic,
782 2409 812 2437 et
826 2410 1007 2446 generatus.

240 2458 371 2498 Propria
394 2458 564 2497 signantur
589 2460 744 2498 personis,
768 2463 798 2491 et
819 2461 1007 2491 referantur.

240 2509 380 2541 Verbum
396 2510 495 2542 Filius
508 2514 563 2549 est,
582 2514 613 2542 et
628 2511 729 2543 Patris
745 2513 852 2552 imago
867 2517 1007 2545 vocatur.

240 2564 296 2594 Ast
310 2565 445 2595 essentia
458 2565 499 2595 sit
510 2566 674 2605 sapientia,
691 2575 748 2597 nec
761 2568 926 2598 referatur.

242 2616 279 2648 Ut
294 2617 375 2648 Deus
389 2620 419 2648 et
433 2618 553 2656 lumen,
571 2620 722 2659 sapientia
737 2620 961 2660 conjiciuntur,

275 2680 279 2692 ¹
293 2680 418 2710 ‚Imbros.,
432 2680 461 2704 <le
476 2682 571 2705 lucar-11.
590 2682 658 2706 Dom.
676 2684 759 2712 mys-t.y
776 2691 797 2704 v.
816 2690 869 2707 x111.

732 202 966 234 SENTENTIAE
989 204 1309 236 SENTENTIARUM.

1049 271 1127 309 Quae
1155 281 1211 312 pro
1236 273 1378 312 personis
1402 273 1577 314 persaepius
1605 274 1818 314 accipiuntur,

1050 324 1124 356 Sive
1143 326 1177 365 (b)
1199 326 1356 364 relativis,
1374 335 1431 357 nec
1451 327 1490 357 ob
1511 327 1571 357 hoc
1593 327 1719 367 proprie
1737 327 1820 358 refe·-

1132 381 1255 409 runtur.

1252 462 1468 494 DISTINCTIO
1489 463 1621 495 XXVIII.

1055 535 1130 568 Quod
1147 543 1199 561 non
1218 538 1321 562 tantum
1343 538 1395 563 tres
1408 537 1586 571 proprietates
1605 537 1741 572 proedictoe
1761 541 1823 565 sunt

1088 581 1115 605 z'n
1128 581 1250 614 personis
1262 601 1270 612 ,
1285 580 1329 607 secl
1344 582 1425 607 eliam
1443 581 1520 612 alioe,
1535 589 1593 615 quae
1608 582 1671 608 aliis
1683 583 1825 616 siqnantur

1088 624 1239 650 nominibus
1250 644 1256 656 ‚
1269 627 1299 651 ul
1311 626 1455 658 inpertitus.

1193 700 1317 723 Przrtercn
1333 699 1489 724 considerari
1505 701 1621 731 oportet,
1633 701 1681 724 etc.

1096 751 1259 790 ingenitus
1275 753 1400 792 proprie
1416 752 1500 783 Patri
1513 753 1564 784 dic
1576 753 1793 794 appropriari;

1054 804 1171 835 Verum
1201 814 1264 836 non
1294 806 1422 843 genitus
1453 805 1501 837 dic
1533 815 1659 837 sacrum
1683 806 1825 838 Pneuma

1137 867 1253 889 vocari.

1055 910 1136 942 Voce
1150 911 1203 942 sed
1220 912 1356 951 ingeniti
1371 921 1435 943 non
1455 912 1524 943 vult
1542 912 1728 943 Ambrosius
1741 913 1750 929 ¹
1765 913 1824 944 uti.

1056 964 1135 994 Hinc
1151 965 1278 1003 genitor
1294 965 1333 995 sit
1349 965 1431 995 idem
1447 975 1519 996 cum
1535 967 1623 1003 nato,
1639 974 1705 996 non
1719 968 1826 997 tamen

1134 1018 1217 1048 idem
1228 1042 1235 1056 ‚

1056 1070 1133 1102 Cum
1162 1071 1302 1102 Verbum
1331 1071 1433 1102 Patris
1448 1072 1609 1112 sapientia
1637 1075 1710 1103 nata
1738 1081 1826 1104 voca-

1136 1127 1197 1155 tur.

1057 1177 1134 1209 Nata
1150 1178 1262 1216 refert,
1279 1178 1413 1208 essentia
1428 1178 1487 1209 sub
1500 1178 1640 1218 sapiente
1654 1181 1794 1210 notatur.

1057 1231 1233 1262 Essentiam
1246 1232 1387 1263 divinam
1402 1231 1557 1271 sapientia
1571 1232 1774 1270 significabit.

1059 1284 1157 1315 Porro
1171 1294 1337 1324 personam
1360 1285 1527 1325 supponit,
1548 1287 1578 1315 et
1597 1285 1826 1326 appropriabit,

1061 1338 1233 1378 improprie
1256 1338 1279 1368 D
1308 1347 1393 1369 nunc
1413 1338 1472 1369 hoc
1494 1348 1611 1370 nomen
1634 1339 1742 1379 imago
1771 1348 1828 1370 no-

1139 1391 1227 1421 tabit.

1276 1466 1491 1499 DISTINCTIO
1513 1466 1617 1498 XXIX.

1063 1541 1098 1566 De
1118 1540 1269 1574 Principio,
1286 1539 1356 1573 quod
1369 1540 1479 1566 relative
1494 1539 1606 1569 dicitur,
1620 1541 1643 1566 et
1658 1540 1832 1575 multiplicem

1321 1586 1394 1610 notat
1408 1584 1569 1610 relationem.

1208 1659 1249 1682 Est
1263 1660 1386 1689 praeterca
1401 1658 1467 1682 aliud
1480 1661 1505 1682 et
1519 1665 1613 1682 nomen
1624 1677 1632 1690 ,
1645 1660 1692 1683 etc.

1066 1711 1257 1750 Principium
1276 1711 1392 1749 Geniti,
1418 1711 1521 1750 Pater,
1538 1715 1569 1743 et
1587 1712 1655 1743 fons
1672 1721 1738 1743 esse
1759 1721 1832 1753 pro-

1144 1765 1246 1795 batur.
1504 1755 1509 1760 ’

1066 1817 1259 1857 Principium
1276 1817 1378 1848 Geniti
1393 1818 1508 1849 fontale
1528 1818 1618 1849 Pater
1638 1819 1832 1859 perhibetur.

1067 1872 1247 1903 Pneumatis
1258 1871 1353 1902 ambo
1364 1874 1448 1910 sunt,
1463 1881 1521 1903 nec
1533 1872 1724 1912 principium
1737 1873 1836 1913 gemi-

1145 1928 1248 1956 netur.

1067 1979 1172 2010 Unum
1190 1978 1380 2018 principium
1395 1981 1469 2010 sunt
1484 1988 1548 2009 una
1563 1980 1751 2019 proprietate
1761 2004 1768 2018 ‚

1069 2032 1328 2072 Principiumque
1363 2032 1410 2062 rei
1451 2034 1575 2063 tantum
1619 2033 1660 2064 sit
1696 2032 1837 2064 Pneuma

1145 2087 1268 2116 creatae.

1286 2168 1502 2201 DlSTINCTIO
1525 2168 1613 2200 XXX.

1070 2242 1106 2269 De
1122 2243 1172 2274 his,
1188 2249 1245 2277 quoe
1255 2242 1439 2276 temporaliter
1453 2242 1485 2269 de
1498 2242 1550 2268 Deo
1565 2242 1709 2274 dicuntur,
1725 2245 1751 2269 et
1762 2243 1837 2270 rela-

1102 2288 1155 2314 tive
1176 2286 1318 2314 secundum
1343 2286 1482 2318 accidens,
1510 2286 1581 2320 quod
1606 2294 1658 2313 non
1691 2287 1742 2313 Deo
1753 2308 1760 2318 ,
1793 2287 1838 2314 sed

1102 2331 1230 2358 creaturis
1244 2330 1353 2356 accidit.

1144 2407 1207 2431 Sunt
1221 2405 1288 2429 enim
1301 2405 1419 2436 quandam
1427 2423 1435 2435 ,
1451 2412 1507 2436 quae
1522 2412 1552 2429 ex
1567 2407 1695 2437 tempore,
1710 2408 1757 2431 etc.

1107 2461 1155 2492 Ex
1170 2469 1240 2491 aevo
1255 2460 1402 2500 quaedam
1416 2459 1599 2490 reseruntur
1614 2460 1652 2490 de
1666 2459 1794 2492 Deitate.

1068 2514 1120 2545 Est
1134 2514 1288 2544 Dominus
1304 2513 1384 2544 Deus
1404 2513 1524 2553 absque
1543 2513 1592 2544 sui
1607 2513 1835 2552 mutabilitate,

1068 2568 1105 2599 Et
1119 2576 1192 2598 cum
1208 2566 1351 2598 Pneuma
1366 2566 1459 2597 datur
1470 2590 1478 2604 ,
1495 2575 1624 2597 sumens
1635 2590 1643 2605 ,
1658 2575 1724 2598 non
1738 2567 1834 2606 dans,

1147 2620 1299 2651 variatur.

1102 2682 1136 2714 (τι)
1149 2683 1209 2707 Coet.
1225 2682 1283 2707 edit.
1300 2683 1475 2713 hypostaseos.
1496 2695 1525 2700 —
1543 2682 1574 2713 (b)
1597 2682 1664 2707 Edit.
1689 2683 1745 2707 Ven.
1766 2683 1834 2710 Sine.
