1991 3006
121 1681 199 1710 Opinio

108 1714 205 1734 aliorum.

109 2263 204 2290 Improb-

109 2616 203 2637 Determ.

130 2648 189 2668 noct.

230 225 287 254 576

230 292 304 321 tunc
327 292 419 320 erunt
441 291 559 329 septem
586 300 592 319 2
617 289 774 328 quaeritur
796 298 876 328 ergo
900 297 999 328 quare

229 346 317 373 actus
343 343 472 381 gloriosi
494 342 694 382 appellantur
717 343 821 380 dotes,
848 345 877 372 et
901 351 1000 381 quare

230 398 352 426 tantum
375 399 437 426 tres
453 397 526 434 sint,
543 398 572 426 et
594 406 689 436 penes
710 397 785 435 quid
806 396 1000 434 accipiantur

230 451 260 479 ct
275 449 529 489 distinguantnr;
551 453 581 480 et
595 459 668 480 cum
689 450 757 480 laus
773 450 811 480 sit
826 453 913 479 actus
930 458 1000 479 ma-

230 503 316 533 xime
332 503 500 541 gloriosus,
517 503 692 534 secundnm
713 503 797 543 quod
812 503 926 533 dicitnr
944 511 1001 532 su·-

231 565 285 596 per
299 556 375 586 illud
390 555 506 586 Psalmi
522 558 549 594 ¹,
569 556 709 588 Laudate
733 557 911 594 Dominum,
927 563 1001 595 quo-

229 610 319 640 m'am
337 609 434 641 bonus
449 612 494 642 esc
514 610 675 649 psalmus;
691 612 818 649 propter
839 609 916 648 quid
938 617 1001 639 non

229 664 275 692 est
290 662 365 693 dos?

504 755 726 787 CONCLUSIO.

230 855 315 881 Actus
333 855 467 888 beatificus
488 855 555 881 inest
570 854 671 880 homini
688 854 830 880 secundum
844 855 895 879 tres
910 855 1002 887 poten-

266 901 337 932 tias,
356 899 482 926 videlicet
506 898 684 929 rationalem,
712 897 959 932 concupiscibilem,
977 899 1002 923 et

265 943 442 975 irascibilem,
461 943 595 970 evacuatis
610 943 787 977 imperfectis.

271 1040 360 1079 Resp.
379 1039 418 1069 ad
433 1047 502 1078 arg.
524 1038 571 1068 Ad
592 1037 836 1076 intelligentiam
858 1037 999 1076 obiecto-

228 1102 303 1123 rum
328 1092 522 1129 notandum,
548 1092 632 1131 quod
660 1094 747 1121 actus
776 1091 906 1130 gloriosi
935 1100 1000 1120 non

229 1148 353 1176 tantum
370 1148 444 1175 sunt
465 1145 497 1175 in
519 1145 630 1181 Deum,
649 1147 683 1174 ut
702 1145 734 1174 in
754 1145 930 1183 objectnm3
947 1144 1000 1173 sed

228 1199 323 1230 etiam
340 1199 372 1229 in
383 1199 465 1229 bona
481 1201 582 1229 creata
602 1210 607 1227 :
626 1198 779 1237 gaudebit
790 1198 874 1227 enim
891 1198 998 1234 homo,

228 1254 259 1282 et
275 1251 385 1290 diliget
410 1251 606 1291 proximum.
626 1251 685 1281 Sed
701 1251 777 1290 quia
795 1250 1000 1280 substantiale

229 1305 397 1345 praemium
414 1304 618 1334 beatitudinis
635 1304 667 1333 in
683 1304 744 1333 Deo
762 1302 917 1339 consisti13
932 1302 1000 1332 ideo

228 1361 316 1389 actus
343 1358 456 1397 gloriae
486 1357 675 1397 principales
703 1359 795 1388 sunt.
823 1356 999 1386 secundum

228 1421 306 1451 quos
320 1412 429 1442 anima
443 1411 639 1442 convertitur
654 1410 688 1440 in
708 1410 817 1440 Deum.
835 1409 872 1439 Et
887 1418 1000 1440 secun-

227 1465 304 1495 dum
319 1465 377 1495 hos
398 1466 486 1494 actus
511 1464 599 1494 dotes
620 1463 834 1502 assignantur,
852 1463 927 1502 quia
951 1472 1000 1493 se-

227 1519 369 1549 cundum
392 1518 450 1548 hos
479 1517 586 1547 anima
615 1516 725 1547 unitur
754 1516 814 1546 Deo
842 1518 994 1555 tanquam

228 1581 343 1611 sponsa
359 1581 484 1611 sponso,
501 1573 531 1601 et
544 1571 576 1600 in
592 1570 642 1600 his
659 1570 788 1607 ditatur,
803 1572 832 1600 et
847 1570 997 1609 repletur,

227 1634 290 1655 non
305 1625 408 1655 solum
421 1624 450 1654 vi
455 1626 599 1663 goratur.
612 1623 648 1653 Et
658 1623 728 1653 ideo
737 1623 886 1653 (licuntur
897 1623 994 1660 dotes,

228 1679 317 1718 quasi
332 1678 451 1708 ‹livitiae
465 1678 579 1708 animae
594 1678 799 1716 desponsatae.
813 1677 876 1707 Hos
891 1680 998 1707 antem

228 1734 316 1762 actus
330 1732 458 1771 quidam
475 1731 585 1760 dicunt
600 1740 668 1760 esse
684 1733 756 1767 tres,
775 1730 850 1769 quia
869 1730 930 1759 tria
945 1738 998 1760 re-

228 1786 401 1824 quiruntur
414 1784 452 1814 ad
467 1785 527 1814 hoc
541 1784 623 1823 quod
643 1784 750 1813 anima
763 1783 897 1822 perfecte
914 1792 998 1821 gau-

226 1838 298 1868 deat
311 1838 348 1867 de
364 1837 436 1874 Deo,
457 1837 572 1867 scilicet
600 1836 736 1876 perfecta
755 1836 845 1873 visio,
863 1836 998 1875 perfecta

227 1890 360 1928 dilectio,
377 1892 407 1920 et
423 1890 557 1929 perfecta
571 1890 669 1929 ipsius
684 1889 801 1920 fruitio.
818 1889 856 1919 Et
872 1889 996 1919 fruitio-

225 1953 299 1973 nem
315 1952 378 1973 non
397 1943 505 1973 dicunt
520 1943 622 1973 inesse
639 1943 812 1973 secundum
827 1942 922 1972 aliam
938 1952 999 1982 po-

226 1996 374 2034 tentiam,
390 2005 487 2035 quam
502 1996 705 2034 rationalem,
722 1998 753 2026 et
768 1996 996 2035 concupiscibi-

226 2048 289 2079 lem
305 2060 311 2080 z
328 2059 403 2080 nam
418 2049 584 2080 irascibilis
598 2059 663 2080 non
675 2050 769 2080 habet
783 2050 827 2080 ibi
840 2052 945 2080 actum
962 2050 995 2080 in

227 2102 339 2139 Deum·,
357 2102 450 2133 habet
465 2105 572 2132 tamen
588 2103 726 2142 aliquem
741 2104 864 2140 actum,
881 2103 998 2133 scilicet

227 2154 358 2193 gloriari
377 2164 433 2195 per
449 2155 598 2193 virtutes,
615 2165 687 2195 quae
706 2158 836 2186 manent
855 2156 887 2185 in
908 2157 973 2195 ipsa
989 2167 995 2186 :

226 2211 333 2239 manet
348 2209 432 2238 enim
448 2217 538 2239 amor
553 2211 583 2239 et
600 2209 761 2239 fortitudo.
777 2209 835 2239 Sed
846 2209 905 2239 ista
919 2209 999 2249 posi-

226 2259 269 2290 tio
291 2260 458 2299 dupliciter
479 2260 605 2291 videtur
626 2260 843 2299 incompetens
861 2272 867 2291 :
892 2261 994 2299 primo

226 2313 320 2343 modo
336 2313 477 2352 quidem,
495 2313 570 2352 quia
585 2316 661 2343 tunc
682 2313 772 2343 tertia
788 2314 843 2343 dos
856 2323 921 2343 non
937 2313 997 2343 dif-

226 2366 284 2396 fert
300 2375 318 2396 a
333 2367 436 2405 prima
451 2368 480 2396 et
502 2367 650 2403 secunda,
668 2367 726 2396 nisi
752 2367 926 2397 secundum
944 2377 997 2397 ra—

226 2419 344 2449 tionem
362 2430 368 2449 :
391 2421 421 2449 et
440 2419 499 2448 hoc
520 2419 652 2449 stultum
673 2423 717 2449 est
733 2420 851 2457 dicere3
869 2420 928 2450 alia
947 2421 998 2451 via

225 2472 352 2503 videtur
376 2472 620 2509 inconveniens,
644 2472 761 2502 scilicet
784 2473 867 2511 quod
888 2473 996 2503 irasci-

226 2525 296 2555 bilis
311 2534 374 2555 non
390 2525 504 2555 habeat
519 2525 551 2554 in
568 2525 671 2563 gloria
688 2528 795 2556 actum
816 2527 996 2557 tendentem

229 2580 261 2608 in
274 2579 386 2616 Deum,
404 2587 478 2608 cum
488 2578 580 2608 invia
591 2578 705 2608 habeat
719 2588 818 2618 spem,
836 2589 891 2618 per
905 2581 998 2619 qu'us

228 2634 334 2663 actum
350 2632 447 2662 tendit
462 2631 495 2661 in
516 2631 625 2662 Deum.
643 2632 681 2662 Et
696 2632 766 2662 ideo
787 2633 875 2663 aliter
890 2633 996 2663 dicen-

260 2695 268 2711 ¹
281 2693 348 2718 Psal.
365 2699 451 2724 cnm,
468 2696 488 2718 1.

794 221 1100 253 SENTENTIARUM
1122 222 1194 254 LlB.
1221 223 1269 254 lV.

1057 289 1144 327 dum,
1172 290 1255 330 quod
1279 299 1390 321 omnes
1416 291 1518 329 vires,
1533 300 1606 331 quae
1628 292 1747 324 habent
1768 303 1824 334 per

1055 343 1191 381 gratiam
1208 345 1314 373 actum
1331 344 1363 374 in
1380 344 1489 382 Deum,
1507 344 1667 376 habebunt
1683 355 1738 385 per
1752 346 1825 386 glo-

1056 397 1135 427 riam
1152 401 1239 428 actus
1255 399 1417 437 perfectos,
1443 400 1602 429 evacuatis
1623 400 1824 440 imperfectis.

1057 450 1143 481 Unde
1159 452 1331 490 rationalis,
1347 454 1440 491 cnjiis
1456 455 1500 482 est
1517 453 1610 483 modo
1627 453 1754 484 credere
1770 463 1826 494 per

1055 504 1161 540 fidem,
1181 507 1255 535 tunc
1278 505 1395 535 videbit
1417 508 1541 545 aperte3
1561 506 1823 546 concupiscibilis,

1056 559 1149 596 cujus
1170 560 1215 587 cst
1239 568 1355 596 amare,
1381 559 1493 597 diliget
1516 559 1553 598 (a)
1580 561 1657 590 tunc
1679 560 1823 599 perfecte.

1058 609 1233 647 Irascibilis,
1246 612 1337 650 cujus
1348 613 1395 641 est
1410 611 1489 650 erigi
1505 614 1535 641 et
1547 611 1640 642 inniti
1655 620 1712 651 per
1723 620 1824 652 spem,

1056 664 1132 693 tunc
1148 664 1265 694 tenebit
1281 665 1429 694 continue
1447 667 1476 695 ct
1491 667 1585 695 certe.
1607 664 1691 695 Unde
1713 674 1825 695 secun-

1056 717 1132 748 dum
1144 718 1201 748 hos
1216 720 1279 748 tres
1294 720 1383 749 actus
1398 719 1639 758 distinguuntur
1654 721 1716 749 tres
1725 718 1824 756 dotes,

1056 770 1171 801 scilicet
1192 771 1288 809 visio,
1310 771 1454 809 dilectio,
1479 772 1734 811 comprehensio,
1759 772 1826 802 sive

1056 824 1176 862 tensio,
1200 825 1267 855 sive
1295 824 1400 855 fruitio
1431 833 1486 864 per
1508 824 1823 864 appropriationem:

1056 886 1131 908 nam
1148 878 1253 909 fruitio
1269 878 1327 908 ista
1340 879 1400 908 tria
1416 878 1644 918 complectitur.

1096 931 1143 960 Ad
1158 931 1233 961 illud
1244 932 1328 971 quod
1339 931 1496 970 objicitur,
1510 931 1591 970 quod
1607 933 1696 962 actus
1711 930 1824 970 gloriae

1057 986 1131 1014 sunt
1146 984 1261 1023 plnres,
1276 985 1350 1024 quia
1366 984 1542 1015 secundum
1554 994 1665 1015 omnes
1679 984 1822 1023 virtutes,

1056 1040 1140 1076 patet
1156 1039 1330 1078 responsio,
1349 1038 1423 1077 quia
1437 1038 1495 1068 etsi
1516 1038 1691 1068 secundum
1714 1046 1826 1069 omnes

1056 1091 1189 1121 virtutes
1211 1091 1283 1128 sint,
1302 1100 1365 1121 non
1386 1093 1493 1121 tamen
1516 1091 1691 1121 secundum
1715 1099 1825 1121 omnes

1055 1146 1142 1173 actus
1155 1144 1239 1174 dotes
1258 1144 1468 1183 accipiuntur,
1494 1144 1547 1174 sed
1565 1143 1740 1174 secundum
1759 1152 1823 1181 eOS,

1055 1197 1111 1235 qui
1127 1197 1259 1227 tendunt
1275 1197 1456 1227 immediate
1469 1197 1502 1226 in
1516 1196 1629 1226 Deum.

1097 1251 1125 1286 1,
1147 1253 1164 1280 2
1183 1252 1214 1280 et
1236 1252 1264 1280 3.
1289 1250 1337 1280 Ad
1360 1249 1438 1280 illud
1461 1249 1545 1289 quod
1566 1249 1722 1287 objicitur,
1739 1248 1825 1289 quod

1057 1302 1136 1333 visio
1153 1305 1198 1333 est
1213 1305 1278 1334 tota
1298 1311 1429 1340 merceS,
1451 1305 1481 1333 et
1500 1303 1698 1342 hujiismodi;
1714 1303 1825 1333 dicen-

1055 1356 1132 1386 dum
1146 1357 1229 1396 qnod
1247 1357 1296 1387 isti
1317 1361 1380 1387 tres
1397 1359 1485 1387 actus
1509 1359 1584 1387 sunt
1598 1347 1728 1388 omnino
1749 1365 1826 1387 con-

1052 1409 1155 1448 juncti
1171 1411 1201 1440 et
1211 1409 1347 1440 connexi
1367 1420 1373 1439 z
1390 1409 1474 1440 unde
1490 1410 1544 1449 qui
1564 1410 1699 1449 perfecte
1718 1409 1823 1447 videt,

1056 1464 1190 1503 perfecte
1205 1466 1301 1501 amat,
1312 1466 1342 1493 et
1352 1464 1457 1501 habet,
1470 1464 1578 1494 etideo
1589 1464 1621 1494 in
1637 1463 1825 1494 Sanctorum

1056 1517 1173 1553 verbis,
1188 1526 1243 1556 per
1257 1516 1499 1555 connexionem,
1511 1516 1594 1556 quod
1606 1518 1651 1547 est
1666 1517 1824 1554 omnium,

1055 1570 1238 1600 attribuitur
1253 1570 1306 1599 uni
1326 1579 1333 1599 ε
1355 1570 1458 1608 magis
1473 1571 1579 1599 autem
1600 1569 1716 1599 visioni
1735 1569 1825 1599 attri-

1055 1623 1176 1660 buitur,
1192 1625 1318 1662 propter
1337 1623 1396 1653 hoc
1416 1622 1499 1662 quod
1521 1623 1555 1652 in
1571 1622 1694 1652 visione
1709 1622 1825 1652 distin-

1055 1676 1166 1714 guitur
1180 1678 1280 1706 status
1296 1675 1405 1714 patriae
1420 1685 1439 1705 a
1454 1678 1538 1705 statu
1554 1675 1629 1712 viae;
1652 1683 1718 1705 non
1733 1674 1777 1704 sic
1792 1674 1826 1704 in

1055 1728 1231 1765 dilectione,
1247 1728 1322 1767 quia
1341 1727 1516 1767 utrobique.
1529 1729 1576 1758 est
1597 1727 1720 1758 dilectio
1741 1738 1747 1758 :
1772 1727 1826 1758 sed

1055 1782 1087 1811 in
1102 1781 1203 1821 patria
1219 1783 1263 1811 est
1278 1781 1371 1819 visio,
1388 1790 1452 1811 non
1462 1781 1496 1810 in
1507 1781 1558 1811 via
1567 1791 1575 1818 3
1588 1781 1642 1811 sed
1657 1780 1827 1811 credulitas

1054 1835 1167 1865 deuon
1183 1835 1262 1866 viso.

1095 1890 1124 1919 ὅ.
1137 1888 1184 1919 Ad
1198 1888 1274 1918 illud
1286 1887 1370 1927 quod
1382 1887 1542 1926 objicitur,
1553 1896 1652 1926 quare
1663 1896 1726 1918 non
1740 1897 1826 1919 unus

1055 1944 1144 1972 actus
1172 1950 1268 1981 penes
1296 1940 1485 1970 memoriam
1503 1964 1511 1977 ‚
1539 1939 1708 1971 dicendum
1740 1941 1825 1981 quod

1055 1996 1209 2026 memoria
1226 2004 1289 2025 non
1305 1995 1495 2025 reformatur
1510 1993 1625 2033 primo,
1637 1994 1690 2025 sed
1702 2003 1742 2025 ex
1755 2004 1827 2026 con-

1054 2048 1199 2088 sequenti
1211 2057 1266 2088 per
1282 2047 1541 2078 reformationem
1556 2047 1721 2079 irascibilis
1738 2059 1744 2079 :
1758 2048 1825 2088 ipsa

1057 2102 1092 2141 (b)
1112 2102 1197 2132 enim
1213 2102 1346 2132 minime
1365 2101 1506 2139 subjacet
1520 2101 1620 2131 libero
1634 2101 1762 2132 arbitrio
1769 2112 1777 2139 ;
1795 2103 1825 2132 et

1054 2156 1123 2186 ideo
1142 2158 1230 2186 actus
1250 2157 1319 2194 eJus
1340 2155 1532 2185 reformatur
1552 2163 1607 2194 per
1628 2155 1823 2185 reformatio-

1054 2218 1126 2239 nem
1152 2208 1315 2238 irascibilis
1335 2208 1367 2237 in
1387 2207 1610 2238 reformatione
1633 2208 1761 2246 gratiae;
1780 2208 1824 2239 sic

1055 2264 1084 2292 et
1105 2262 1137 2292 in
1153 2261 1342 2301 perfectione
1364 2260 1489 2299 gloriae.
1507 2260 1544 2290 Et
1560 2260 1641 2290 ratio
1653 2260 1751 2300 huJus
1765 2263 1823 2298 est,

1054 2315 1129 2354 quia
1150 2315 1288 2354 quodam
1318 2314 1412 2344 modo
1441 2313 1635 2344 conveniunt
1660 2313 1692 2343 in
1718 2315 1791 2344 actu
1814 2324 1821 2344 :

1054 2368 1221 2407 utriusque
1236 2367 1321 2397 enim
1335 2369 1380 2397 est
1396 2367 1544 2396 continue
1559 2368 1676 2396 tenere.

1094 2424 1123 2451 6.
1141 2421 1188 2451 Ad
1202 2420 1278 2450 illud
1291 2420 1376 2459 quod
1387 2419 1499 2450 ultimo
1509 2419 1656 2458 objicitur
1665 2419 1704 2450 de
1718 2419 1821 2458 laude,

1054 2474 1221 2504 dicendum
1236 2474 1321 2513 quod
1337 2475 1391 2503 aut
1405 2472 1592 2511 intelligitur
1606 2473 1643 2503 (le
1658 2472 1749 2503 laude
1764 2482 1821 2504 vo-

1054 2526 1124 2564 cali,
1139 2528 1169 2557 et
1185 2526 1228 2556 sic
1242 2535 1305 2556 non
1323 2527 1369 2555 est
1385 2527 1472 2555 actus
1485 2524 1678 2564 principalis,
1695 2534 1753 2556 nec
1767 2525 1823 2556 de-

1054 2579 1105 2610 bet
1114 2588 1181 2609 esse
1191 2579 1247 2609 dos
1257 2589 1264 2617 3
1275 2581 1330 2609 aut
1338 2579 1375 2609 de
1388 2578 1480 2608 laude
1492 2578 1632 2615 mentali,
1645 2580 1676 2609 et
1686 2578 1729 2609 ita
1739 2587 1823 2609 com-

1054 2632 1220 2672 prehendit
1235 2634 1323 2662 actus
1338 2631 1435 2661 trium
1452 2631 1665 2670 potentiarum
1691 2631 1823 2662 interio-

1084 2695 1117 2725 (a)
1135 2694 1205 2718 Edit.
1225 2694 1280 2719 Ven.
1295 2693 1383 2725 diligit.
1397 2706 1421 2710 -
1440 2692 1474 2724 (b)
1489 2693 1550 2717 Item
1563 2693 1626 2724 ipse.

1842 946 1907 973 Resp.
1917 946 1945 966 ad

1854 980 1873 998 ¹.
1893 983 1932 1004 pro

1845 1008 1939 1030 tundam.
