<?xml version="1.0" encoding="UTF-8"?>
<!DOCTYPE html PUBLIC "-//W3C//DTD XHTML 1.0 Transitional//EN"
    "http://www.w3.org/TR/xhtml1/DTD/xhtml1-transitional.dtd">
<html xmlns="http://www.w3.org/1999/xhtml" xml:lang="en" lang="en">
 <head>
  <title>
</title>
<meta http-equiv="Content-Type" content="text/html;charset=utf-8" />
  <meta name='ocr-system' content='tesseract 3.04.00' />
  <meta name='ocr-capabilities' content='ocr_page ocr_carea ocr_par ocr_line ocrx_word'/>
</head>
<body>
  <div class='ocr_page' id='page_1' title='image "./operaomniasixtiv06bonauoft/operaomniasixtiv06bonauoft_0269.png"; bbox 0 0 1991 3006; ppageno 0'>
   <div class='ocr_carea' id='block_1_1' title="bbox 110 877 206 903">
    <p class='ocr_par' dir='ltr' id='par_1_1' title="bbox 110 877 206 903">
     <span class='ocr_line' id='line_1_1' title="bbox 110 877 206 903; baseline 0.01 -7"><span class='ocrx_word' id='word_1_1' title='bbox 110 877 206 903; x_wconf 80' lang='lat' dir='ltr'>Improb.</span> 
     </span>
    </p>
   </div>
   <div class='ocr_carea' id='block_1_2' title="bbox 124 1090 201 1138">
    <p class='ocr_par' dir='ltr' id='par_1_2' title="bbox 124 1090 201 1138">
     <span class='ocr_line' id='line_1_2' title="bbox 124 1090 201 1117; baseline 0 -6"><span class='ocrx_word' id='word_1_2' title='bbox 124 1090 201 1117; x_wconf 87' lang='lat' dir='ltr'>Opinio</span> 
     </span>
     <span class='ocr_line' id='line_1_3' title="bbox 136 1123 192 1138; baseline -0.036 0"><span class='ocrx_word' id='word_1_3' title='bbox 136 1123 192 1138; x_wconf 74' lang='lat' dir='ltr'>vera.</span> 
     </span>
    </p>
   </div>
   <div class='ocr_carea' id='block_1_3' title="bbox 116 2040 220 2121">
    <p class='ocr_par' dir='ltr' id='par_1_3' title="bbox 116 2040 220 2121">
     <span class='ocr_line' id='line_1_4' title="bbox 129 2040 206 2066; baseline -0.013 -6"><span class='ocrx_word' id='word_1_4' title='bbox 129 2040 206 2066; x_wconf 80' lang='lat' dir='ltr'>Opinio</span> 
     </span>
     <span class='ocr_line' id='line_1_5' title="bbox 116 2075 220 2090; baseline -0.019 0"><span class='ocrx_word' id='word_1_5' title='bbox 116 2076 169 2090; x_wconf 75' lang='lat' dir='ltr'>eirca</span> <span class='ocrx_word' id='word_1_6' title='bbox 189 2075 220 2089; x_wconf 82' lang='lat' dir='ltr'>ra-</span> 
     </span>
     <span class='ocr_line' id='line_1_6' title="bbox 125 2098 210 2121; baseline 0.012 -2"><span class='ocrx_word' id='word_1_7' title='bbox 125 2098 210 2121; x_wconf 79' lang='lat' dir='ltr'>nonem.</span> 
     </span>
    </p>
   </div>
   <div class='ocr_carea' id='block_1_4' title="bbox 117 2466 219 2493">
    <p class='ocr_par' dir='ltr' id='par_1_4' title="bbox 117 2466 219 2493">
     <span class='ocr_line' id='line_1_7' title="bbox 117 2466 219 2493; baseline 0.02 -8"><span class='ocrx_word' id='word_1_8' title='bbox 117 2466 179 2493; x_wconf 71' lang='lat' dir='ltr'>Opm.</span> <span class='ocrx_word' id='word_1_9' title='bbox 200 2469 219 2487; x_wconf 61' lang='grc' dir='ltr'>ἵ.</span> 
     </span>
    </p>
   </div>
   <div class='ocr_carea' id='block_1_5' title="bbox 718 214 1319 252">
    <p class='ocr_par' dir='ltr' id='par_1_5' title="bbox 718 214 1319 252">
     <span class='ocr_line' id='line_1_8' title="bbox 718 214 1319 252; baseline -0.003 -4"><span class='ocrx_word' id='word_1_10' title='bbox 718 216 814 248; x_wconf 82' lang='lat' dir='ltr'>DIST.</span> <span class='ocrx_word' id='word_1_11' title='bbox 837 216 942 247; x_wconf 89' lang='lat' dir='ltr'>XXIX.</span> <span class='ocrx_word' id='word_1_12' title='bbox 966 214 1054 246; x_wconf 83' lang='lat' dir='ltr'>ART.</span> <span class='ocrx_word' id='word_1_13' title='bbox 1079 216 1102 246; x_wconf 90' lang='grc' dir='ltr'>Ι.</span> <span class='ocrx_word' id='word_1_14' title='bbox 1126 215 1273 252; x_wconf 82' lang='lat' dir='ltr'>QUAEST.</span> <span class='ocrx_word' id='word_1_15' title='bbox 1297 218 1319 247; x_wconf 92' lang='lat' dir='ltr'>l.</span> 
     </span>
    </p>
   </div>
   <div class='ocr_carea' id='block_1_6' title="bbox 226 283 1006 2649">
    <p class='ocr_par' dir='ltr' id='par_1_6' title="bbox 226 283 1006 2649">
     <span class='ocr_line' id='line_1_9' title="bbox 227 283 990 326; baseline -0.008 -8"><span class='ocrx_word' id='word_1_16' title='bbox 227 289 257 318; x_wconf 90' lang='lat' dir='ltr'>et</span> <span class='ocrx_word' id='word_1_17' title='bbox 276 287 337 317; x_wconf 86' lang='lat' dir='ltr'>alia</span> <span class='ocrx_word' id='word_1_18' title='bbox 356 287 474 317; x_wconf 83' lang='lat' dir='ltr'>coactio</span> <span class='ocrx_word' id='word_1_19' title='bbox 488 295 544 326; x_wconf 86' lang='lat' dir='ltr'>per</span> <span class='ocrx_word' id='word_1_20' title='bbox 562 287 683 316; x_wconf 89' lang='lat' dir='ltr'>metum</span> <span class='ocrx_word' id='word_1_21' title='bbox 695 309 703 322; x_wconf 89' lang='lat'>,</span> <span class='ocrx_word' id='word_1_22' title='bbox 720 287 754 315; x_wconf 87' lang='lat' dir='ltr'>ut</span> <span class='ocrx_word' id='word_1_23' title='bbox 776 293 849 314; x_wconf 91' lang='lat' dir='ltr'>cum</span> <span class='ocrx_word' id='word_1_24' title='bbox 877 283 990 322; x_wconf 87' lang='lat' dir='ltr'>aliquis</span> 
     </span>
     <span class='ocr_line' id='line_1_10' title="bbox 227 336 990 376; baseline -0.008 -6"><span class='ocrx_word' id='word_1_25' title='bbox 227 340 368 370; x_wconf 91' lang='lat' dir='ltr'>minatur</span> <span class='ocrx_word' id='word_1_26' title='bbox 382 341 516 370; x_wconf 87' lang='lat' dir='ltr'>mortem</span> <span class='ocrx_word' id='word_1_27' title='bbox 529 362 538 376; x_wconf 83' lang='grc'>,</span> <span class='ocrx_word' id='word_1_28' title='bbox 553 339 603 369; x_wconf 92' lang='lat' dir='ltr'>vel</span> <span class='ocrx_word' id='word_1_29' title='bbox 618 338 768 374; x_wconf 81' lang='lat' dir='ltr'>intentat,</span> <span class='ocrx_word' id='word_1_30' title='bbox 785 336 845 366; x_wconf 86' lang='lat' dir='ltr'>nisi</span> <span class='ocrx_word' id='word_1_31' title='bbox 860 344 990 365; x_wconf 86' lang='lat' dir='ltr'>consen-</span> 
     </span>
     <span class='ocr_line' id='line_1_11' title="bbox 227 389 989 429; baseline -0.007 -6"><span class='ocrx_word' id='word_1_32' title='bbox 227 393 283 423; x_wconf 89' lang='lat' dir='ltr'>tiat</span> <span class='ocrx_word' id='word_1_33' title='bbox 299 402 306 422; x_wconf 90' lang='lat'>:</span> <span class='ocrx_word' id='word_1_34' title='bbox 323 394 353 423; x_wconf 88' lang='lat' dir='ltr'>et</span> <span class='ocrx_word' id='word_1_35' title='bbox 365 392 402 422; x_wconf 92' lang='lat' dir='ltr'>de</span> <span class='ocrx_word' id='word_1_36' title='bbox 416 392 475 422; x_wconf 84' lang='lat' dir='ltr'>hac</span> <span class='ocrx_word' id='word_1_37' title='bbox 491 392 649 422; x_wconf 79' lang='lat' dir='ltr'>coactione</span> <span class='ocrx_word' id='word_1_38' title='bbox 665 391 867 429; x_wconf 84' lang='lat' dir='ltr'>distinguunt</span> <span class='ocrx_word' id='word_1_39' title='bbox 880 389 989 428; x_wconf 80' lang='lat' dir='ltr'>aliqui,</span> 
     </span>
     <span class='ocr_line' id='line_1_12' title="bbox 227 442 989 484; baseline -0.005 -9"><span class='ocrx_word' id='word_1_40' title='bbox 227 445 312 484; x_wconf 90' lang='lat' dir='ltr'>quod</span> <span class='ocrx_word' id='word_1_41' title='bbox 332 445 402 474; x_wconf 89' lang='lat' dir='ltr'>talis</span> <span class='ocrx_word' id='word_1_42' title='bbox 424 444 622 474; x_wconf 87' lang='lat' dir='ltr'>consentiens</span> <span class='ocrx_word' id='word_1_43' title='bbox 651 446 705 474; x_wconf 82' lang='lat' dir='ltr'>aut</span> <span class='ocrx_word' id='word_1_44' title='bbox 734 442 888 473; x_wconf 80' lang='lat' dir='ltr'>consentit</span> <span class='ocrx_word' id='word_1_45' title='bbox 911 450 965 472; x_wconf 90' lang='lat' dir='ltr'>ore</span> <span class='ocrx_word' id='word_1_46' title='bbox 981 465 989 478; x_wconf 87' lang='lat'>,</span> 
     </span>
     <span class='ocr_line' id='line_1_13' title="bbox 227 495 989 533; baseline -0.007 -5"><span class='ocrx_word' id='word_1_47' title='bbox 227 498 280 528; x_wconf 90' lang='lat' dir='ltr'>sed</span> <span class='ocrx_word' id='word_1_48' title='bbox 302 507 366 528; x_wconf 91' lang='lat' dir='ltr'>non</span> <span class='ocrx_word' id='word_1_49' title='bbox 382 497 490 533; x_wconf 87' lang='lat' dir='ltr'>corde,</span> <span class='ocrx_word' id='word_1_50' title='bbox 515 499 545 527; x_wconf 93' lang='lat' dir='ltr'>et</span> <span class='ocrx_word' id='word_1_51' title='bbox 571 499 646 527; x_wconf 90' lang='lat' dir='ltr'>tunc</span> <span class='ocrx_word' id='word_1_52' title='bbox 670 505 735 526; x_wconf 92' lang='lat' dir='ltr'>non</span> <span class='ocrx_word' id='word_1_53' title='bbox 758 497 803 526; x_wconf 86' lang='lat' dir='ltr'>est</span> <span class='ocrx_word' id='word_1_54' title='bbox 827 495 989 524; x_wconf 87' lang='lat' dir='ltr'>matrimo-</span> 
     </span>
     <span class='ocr_line' id='line_1_14' title="bbox 227 546 990 589; baseline -0.007 -9"><span class='ocrx_word' id='word_1_55' title='bbox 227 551 315 581; x_wconf 81' lang='lat' dir='ltr'>nium</span> <span class='ocrx_word' id='word_1_56' title='bbox 346 549 451 589; x_wconf 90' lang='lat' dir='ltr'>aliquo</span> <span class='ocrx_word' id='word_1_57' title='bbox 478 549 597 586; x_wconf 90' lang='lat' dir='ltr'>modo;</span> <span class='ocrx_word' id='word_1_58' title='bbox 621 550 677 579; x_wconf 80' lang='lat' dir='ltr'>aut</span> <span class='ocrx_word' id='word_1_59' title='bbox 706 548 798 578; x_wconf 89' lang='lat' dir='ltr'>corde</span> <span class='ocrx_word' id='word_1_60' title='bbox 819 546 990 584; x_wconf 88' lang='lat' dir='ltr'>consentit,</span> 
     </span>
     <span class='ocr_line' id='line_1_15' title="bbox 227 599 993 643; baseline -0.005 -11"><span class='ocrx_word' id='word_1_61' title='bbox 227 602 374 643; x_wconf 85' lang='lat' dir='ltr'>quamvis</span> <span class='ocrx_word' id='word_1_62' title='bbox 392 604 533 639; x_wconf 83' lang='lat' dir='ltr'>coactus,</span> <span class='ocrx_word' id='word_1_63' title='bbox 552 604 582 631; x_wconf 91' lang='lat' dir='ltr'>et</span> <span class='ocrx_word' id='word_1_64' title='bbox 603 604 678 631; x_wconf 92' lang='lat' dir='ltr'>tunc</span> <span class='ocrx_word' id='word_1_65' title='bbox 693 599 933 630; x_wconf 78' lang='lat' dir='ltr'>matrimonium</span> <span class='ocrx_word' id='word_1_66' title='bbox 947 601 993 629; x_wconf 87' lang='lat' dir='ltr'>est</span> 
     </span>
     <span class='ocr_line' id='line_1_16' title="bbox 228 653 992 694; baseline -0.005 -9"><span class='ocrx_word' id='word_1_67' title='bbox 228 656 260 686; x_wconf 93' lang='lat' dir='ltr'>in</span> <span class='ocrx_word' id='word_1_68' title='bbox 275 657 444 693; x_wconf 85' lang='lat' dir='ltr'>conspectu</span> <span class='ocrx_word' id='word_1_69' title='bbox 465 654 517 684; x_wconf 90' lang='lat' dir='ltr'>Dei</span> <span class='ocrx_word' id='word_1_70' title='bbox 533 678 539 690; x_wconf 93' lang='lat'>,</span> <span class='ocrx_word' id='word_1_71' title='bbox 556 654 632 694; x_wconf 89' lang='lat' dir='ltr'>quia</span> <span class='ocrx_word' id='word_1_72' title='bbox 650 653 797 684; x_wconf 84' lang='lat' dir='ltr'>voluntas</span> <span class='ocrx_word' id='word_1_73' title='bbox 812 654 917 682; x_wconf 84' lang='lat' dir='ltr'>coacta</span> <span class='ocrx_word' id='word_1_74' title='bbox 934 661 992 681; x_wconf 91' lang='lat' dir='ltr'>vo-</span> 
     </span>
     <span class='ocr_line' id='line_1_17' title="bbox 226 703 993 744; baseline -0.005 -7"><span class='ocrx_word' id='word_1_75' title='bbox 226 707 331 737; x_wconf 83' lang='lat' dir='ltr'>luntas</span> <span class='ocrx_word' id='word_1_76' title='bbox 345 708 392 736; x_wconf 89' lang='lat' dir='ltr'>est</span> <span class='ocrx_word' id='word_1_77' title='bbox 408 717 415 743; x_wconf 87' lang='lat'>;</span> <span class='ocrx_word' id='word_1_78' title='bbox 433 707 486 737; x_wconf 90' lang='lat' dir='ltr'>sed</span> <span class='ocrx_word' id='word_1_79' title='bbox 501 716 565 736; x_wconf 90' lang='lat' dir='ltr'>non</span> <span class='ocrx_word' id='word_1_80' title='bbox 588 708 634 736; x_wconf 89' lang='lat' dir='ltr'>est</span> <span class='ocrx_word' id='word_1_81' title='bbox 653 707 686 736; x_wconf 91' lang='lat' dir='ltr'>in</span> <span class='ocrx_word' id='word_1_82' title='bbox 705 707 872 744; x_wconf 82' lang='lat' dir='ltr'>conspectu</span> <span class='ocrx_word' id='word_1_83' title='bbox 888 703 993 734; x_wconf 82' lang='lat' dir='ltr'>Eccle-</span> 
     </span>
     <span class='ocr_line' id='line_1_18' title="bbox 228 758 994 799; baseline -0.007 -9"><span class='ocrx_word' id='word_1_84' title='bbox 228 760 300 797; x_wconf 81' lang='lat' dir='ltr'>siae,</span> <span class='ocrx_word' id='word_1_85' title='bbox 317 768 389 799; x_wconf 85' lang='lat' dir='ltr'>quae</span> <span class='ocrx_word' id='word_1_86' title='bbox 404 759 570 799; x_wconf 66' lang='lat' dir='ltr'>praesumit</span> <span class='ocrx_word' id='word_1_87' title='bbox 585 759 670 799; x_wconf 89' lang='lat' dir='ltr'>quod</span> <span class='ocrx_word' id='word_1_88' title='bbox 691 758 763 788; x_wconf 83' lang='lat' dir='ltr'>talis</span> <span class='ocrx_word' id='word_1_89' title='bbox 784 767 849 788; x_wconf 90' lang='lat' dir='ltr'>non</span> <span class='ocrx_word' id='word_1_90' title='bbox 867 765 994 787; x_wconf 89' lang='lat' dir='ltr'>consen-</span> 
     </span>
     <span class='ocr_line' id='line_1_19' title="bbox 228 810 995 850; baseline -0.005 -7"><span class='ocrx_word' id='word_1_91' title='bbox 228 813 304 843; x_wconf 87' lang='lat' dir='ltr'>serit</span> <span class='ocrx_word' id='word_1_92' title='bbox 327 813 419 843; x_wconf 90' lang='lat' dir='ltr'>corde</span> <span class='ocrx_word' id='word_1_93' title='bbox 431 836 439 850; x_wconf 87' lang='lat'>,</span> <span class='ocrx_word' id='word_1_94' title='bbox 454 814 485 842; x_wconf 89' lang='lat' dir='ltr'>et</span> <span class='ocrx_word' id='word_1_95' title='bbox 507 812 577 842; x_wconf 91' lang='lat' dir='ltr'>ideo</span> <span class='ocrx_word' id='word_1_96' title='bbox 595 811 715 850; x_wconf 87' lang='lat' dir='ltr'>judicat</span> <span class='ocrx_word' id='word_1_97' title='bbox 734 814 763 841; x_wconf 92' lang='lat' dir='ltr'>et</span> <span class='ocrx_word' id='word_1_98' title='bbox 778 810 945 841; x_wconf 85' lang='lat' dir='ltr'>sententiat</span> <span class='ocrx_word' id='word_1_99' title='bbox 960 812 995 839; x_wconf 91' lang='lat' dir='ltr'>nt</span> 
     </span>
     <span class='ocr_line' id='line_1_20' title="bbox 228 863 995 905; baseline -0.004 -10"><span class='ocrx_word' id='word_1_100' title='bbox 228 867 361 905; x_wconf 83' lang='lat' dir='ltr'>uterque</span> <span class='ocrx_word' id='word_1_101' title='bbox 383 865 471 895; x_wconf 89' lang='lat' dir='ltr'>alteri</span> <span class='ocrx_word' id='word_1_102' title='bbox 494 865 527 894; x_wconf 91' lang='lat' dir='ltr'>in</span> <span class='ocrx_word' id='word_1_103' title='bbox 554 865 686 895; x_wconf 90' lang='lat' dir='ltr'>Domino</span> <span class='ocrx_word' id='word_1_104' title='bbox 710 864 820 894; x_wconf 88' lang='lat' dir='ltr'>nubat.</span> <span class='ocrx_word' id='word_1_105' title='bbox 837 863 897 893; x_wconf 89' lang='lat' dir='ltr'>Sed</span> <span class='ocrx_word' id='word_1_106' title='bbox 913 865 995 893; x_wconf 85' lang='lat' dir='ltr'>certe</span> 
     </span>
     <span class='ocr_line' id='line_1_21' title="bbox 228 916 996 948; baseline -0.003 -1"><span class='ocrx_word' id='word_1_107' title='bbox 228 917 262 947; x_wconf 89' lang='lat' dir='ltr'>in</span> <span class='ocrx_word' id='word_1_108' title='bbox 289 918 371 948; x_wconf 90' lang='lat' dir='ltr'>istud</span> <span class='ocrx_word' id='word_1_109' title='bbox 396 926 460 947; x_wconf 92' lang='lat' dir='ltr'>non</span> <span class='ocrx_word' id='word_1_110' title='bbox 484 916 609 947; x_wconf 89' lang='lat' dir='ltr'>videtur</span> <span class='ocrx_word' id='word_1_111' title='bbox 633 916 810 946; x_wconf 89' lang='lat' dir='ltr'>consentire</span> <span class='ocrx_word' id='word_1_112' title='bbox 834 916 996 946; x_wconf 81' lang='lat' dir='ltr'>decretalis</span> 
     </span>
     <span class='ocr_line' id='line_1_22' title="bbox 229 970 996 1011; baseline -0.003 -9"><span class='ocrx_word' id='word_1_113' title='bbox 229 971 388 1011; x_wconf 74' lang='lat' dir='ltr'>praedicta,</span> <span class='ocrx_word' id='word_1_114' title='bbox 403 980 475 1011; x_wconf 80' lang='lat' dir='ltr'>quae</span> <span class='ocrx_word' id='word_1_115' title='bbox 490 971 563 1001; x_wconf 87' lang='lat' dir='ltr'>dicit</span> <span class='ocrx_word' id='word_1_116' title='bbox 577 971 661 1010; x_wconf 84' lang='lat' dir='ltr'>quod</span> <span class='ocrx_word' id='word_1_117' title='bbox 677 979 848 1001; x_wconf 81' lang='lat' dir='ltr'>consensus</span> <span class='ocrx_word' id='word_1_118' title='bbox 862 979 927 1000; x_wconf 90' lang='lat' dir='ltr'>non</span> <span class='ocrx_word' id='word_1_119' title='bbox 938 970 996 1000; x_wconf 86' lang='lat' dir='ltr'>ha-</span> 
     </span>
     <span class='ocr_line' id='line_1_23' title="bbox 229 1023 994 1062; baseline -0.003 -8"><span class='ocrx_word' id='word_1_120' title='bbox 229 1024 280 1054; x_wconf 89' lang='lat' dir='ltr'>bet</span> <span class='ocrx_word' id='word_1_121' title='bbox 294 1024 398 1054; x_wconf 84' lang='lat' dir='ltr'>locum</span> <span class='ocrx_word' id='word_1_122' title='bbox 411 1048 420 1062; x_wconf 88' lang='lat'>,</span> <span class='ocrx_word' id='word_1_123' title='bbox 438 1024 491 1054; x_wconf 89' lang='lat' dir='ltr'>ubi</span> <span class='ocrx_word' id='word_1_124' title='bbox 506 1026 609 1054; x_wconf 88' lang='lat' dir='ltr'>metus</span> <span class='ocrx_word' id='word_1_125' title='bbox 625 1024 673 1054; x_wconf 85' lang='lat' dir='ltr'>vel</span> <span class='ocrx_word' id='word_1_126' title='bbox 698 1023 814 1054; x_wconf 79' lang='lat' dir='ltr'>coactio</span> <span class='ocrx_word' id='word_1_127' title='bbox 828 1023 994 1053; x_wconf 77' lang='lat' dir='ltr'>intercidit.</span> 
     </span>
     <span class='ocr_line' id='line_1_24' title="bbox 230 1075 997 1115; baseline -0.003 -8"><span class='ocrx_word' id='word_1_128' title='bbox 230 1077 267 1107; x_wconf 91' lang='lat' dir='ltr'>Et</span> <span class='ocrx_word' id='word_1_129' title='bbox 281 1077 350 1107; x_wconf 90' lang='lat' dir='ltr'>ideo</span> <span class='ocrx_word' id='word_1_130' title='bbox 365 1077 573 1115; x_wconf 80' lang='lat' dir='ltr'>distinguitur</span> <span class='ocrx_word' id='word_1_131' title='bbox 589 1076 697 1113; x_wconf 86' lang='lat' dir='ltr'>aliter,</span> <span class='ocrx_word' id='word_1_132' title='bbox 715 1076 799 1115; x_wconf 88' lang='lat' dir='ltr'>quod</span> <span class='ocrx_word' id='word_1_133' title='bbox 815 1078 919 1106; x_wconf 85' lang='lat' dir='ltr'>metus</span> <span class='ocrx_word' id='word_1_134' title='bbox 936 1075 997 1105; x_wconf 87' lang='lat' dir='ltr'>du·-</span> 
     </span>
     <span class='ocr_line' id='line_1_25' title="bbox 230 1128 998 1169; baseline -0.004 -9"><span class='ocrx_word' id='word_1_135' title='bbox 230 1130 302 1167; x_wconf 84' lang='lat' dir='ltr'>plex</span> <span class='ocrx_word' id='word_1_136' title='bbox 316 1132 372 1167; x_wconf 88' lang='lat' dir='ltr'>est,</span> <span class='ocrx_word' id='word_1_137' title='bbox 389 1130 520 1169; x_wconf 87' lang='lat' dir='ltr'>quidam</span> <span class='ocrx_word' id='word_1_138' title='bbox 535 1130 628 1166; x_wconf 89' lang='lat' dir='ltr'>levis,</span> <span class='ocrx_word' id='word_1_139' title='bbox 647 1129 776 1168; x_wconf 84' lang='lat' dir='ltr'>quidam</span> <span class='ocrx_word' id='word_1_140' title='bbox 789 1129 896 1167; x_wconf 88' lang='lat' dir='ltr'>justus</span> <span class='ocrx_word' id='word_1_141' title='bbox 909 1137 916 1157; x_wconf 88' lang='lat'>:</span> <span class='ocrx_word' id='word_1_142' title='bbox 926 1128 998 1166; x_wconf 83' lang='lat' dir='ltr'>jus—</span> 
     </span>
     <span class='ocr_line' id='line_1_26' title="bbox 231 1180 998 1222; baseline -0.004 -9"><span class='ocrx_word' id='word_1_143' title='bbox 231 1185 292 1220; x_wconf 78' lang='lat' dir='ltr'>tuS,</span> <span class='ocrx_word' id='word_1_144' title='bbox 309 1185 416 1222; x_wconf 84' lang='lat' dir='ltr'>utpote</span> <span class='ocrx_word' id='word_1_145' title='bbox 431 1183 484 1222; x_wconf 88' lang='lat' dir='ltr'>qui</span> <span class='ocrx_word' id='word_1_146' title='bbox 502 1183 536 1212; x_wconf 89' lang='lat' dir='ltr'>in</span> <span class='ocrx_word' id='word_1_147' title='bbox 552 1182 657 1212; x_wconf 91' lang='lat' dir='ltr'>virum</span> <span class='ocrx_word' id='word_1_148' title='bbox 674 1183 868 1211; x_wconf 75' lang='lat' dir='ltr'>constantem</span> <span class='ocrx_word' id='word_1_149' title='bbox 888 1180 998 1211; x_wconf 84' lang='lat' dir='ltr'>cadere</span> 
     </span>
     <span class='ocr_line' id='line_1_27' title="bbox 231 1233 998 1275; baseline -0.004 -9"><span class='ocrx_word' id='word_1_150' title='bbox 231 1237 345 1275; x_wconf 86' lang='lat' dir='ltr'>potest;</span> <span class='ocrx_word' id='word_1_151' title='bbox 360 1235 439 1266; x_wconf 87' lang='lat' dir='ltr'>levis</span> <span class='ocrx_word' id='word_1_152' title='bbox 453 1238 500 1266; x_wconf 91' lang='lat' dir='ltr'>est</span> <span class='ocrx_word' id='word_1_153' title='bbox 515 1259 523 1272; x_wconf 88' lang='lat'>,</span> <span class='ocrx_word' id='word_1_154' title='bbox 540 1244 612 1266; x_wconf 88' lang='lat' dir='ltr'>cum</span> <span class='ocrx_word' id='word_1_155' title='bbox 627 1235 699 1274; x_wconf 84' lang='lat' dir='ltr'>quis</span> <span class='ocrx_word' id='word_1_156' title='bbox 723 1243 858 1273; x_wconf 83' lang='lat' dir='ltr'>parvum</span> <span class='ocrx_word' id='word_1_157' title='bbox 876 1233 998 1264; x_wconf 88' lang='lat' dir='ltr'>malum</span> 
     </span>
     <span class='ocr_line' id='line_1_28' title="bbox 231 1287 999 1325; baseline -0.003 -7"><span class='ocrx_word' id='word_1_158' title='bbox 231 1288 390 1325; x_wconf 86' lang='lat' dir='ltr'>minatur,</span> <span class='ocrx_word' id='word_1_159' title='bbox 413 1289 463 1318; x_wconf 90' lang='lat' dir='ltr'>vel</span> <span class='ocrx_word' id='word_1_160' title='bbox 489 1297 561 1318; x_wconf 91' lang='lat' dir='ltr'>cum</span> <span class='ocrx_word' id='word_1_161' title='bbox 591 1287 662 1318; x_wconf 85' lang='lat' dir='ltr'>talis</span> <span class='ocrx_word' id='word_1_162' title='bbox 684 1288 846 1324; x_wconf 86' lang='lat' dir='ltr'>minatur,</span> <span class='ocrx_word' id='word_1_163' title='bbox 870 1287 908 1317; x_wconf 89' lang='lat' dir='ltr'>de</span> <span class='ocrx_word' id='word_1_164' title='bbox 935 1295 999 1325; x_wconf 87' lang='lat' dir='ltr'>quo</span> 
     </span>
     <span class='ocr_line' id='line_1_29' title="bbox 231 1339 1000 1380; baseline -0.004 -9"><span class='ocrx_word' id='word_1_165' title='bbox 231 1341 435 1380; x_wconf 70' lang='lat' dir='ltr'>praesumitur</span> <span class='ocrx_word' id='word_1_166' title='bbox 456 1341 540 1380; x_wconf 87' lang='lat' dir='ltr'>quod</span> <span class='ocrx_word' id='word_1_167' title='bbox 571 1341 701 1380; x_wconf 89' lang='lat' dir='ltr'>implere</span> <span class='ocrx_word' id='word_1_168' title='bbox 730 1349 795 1370; x_wconf 88' lang='lat' dir='ltr'>non</span> <span class='ocrx_word' id='word_1_169' title='bbox 825 1339 932 1378; x_wconf 81' lang='lat' dir='ltr'>possit.</span> <span class='ocrx_word' id='word_1_170' title='bbox 963 1339 1000 1369; x_wconf 89' lang='lat' dir='ltr'>Et</span> 
     </span>
     <span class='ocr_line' id='line_1_30' title="bbox 232 1392 998 1424; baseline -0.003 0"><span class='ocrx_word' id='word_1_171' title='bbox 232 1393 301 1424; x_wconf 86' lang='lat' dir='ltr'>talis</span> <span class='ocrx_word' id='word_1_172' title='bbox 316 1396 420 1424; x_wconf 91' lang='lat' dir='ltr'>metus</span> <span class='ocrx_word' id='word_1_173' title='bbox 434 1403 498 1424; x_wconf 91' lang='lat' dir='ltr'>non</span> <span class='ocrx_word' id='word_1_174' title='bbox 513 1394 586 1424; x_wconf 81' lang='lat' dir='ltr'>facit</span> <span class='ocrx_word' id='word_1_175' title='bbox 601 1402 789 1424; x_wconf 76' lang='lat' dir='ltr'>consensum</span> <span class='ocrx_word' id='word_1_176' title='bbox 805 1393 882 1423; x_wconf 86' lang='lat' dir='ltr'>adeo</span> <span class='ocrx_word' id='word_1_177' title='bbox 896 1392 998 1423; x_wconf 81' lang='lat' dir='ltr'>defec-</span> 
     </span>
     <span class='ocr_line' id='line_1_31' title="bbox 231 1446 998 1486; baseline -0.004 -9"><span class='ocrx_word' id='word_1_178' title='bbox 231 1447 344 1484; x_wconf 83' lang='lat' dir='ltr'>tivum,</span> <span class='ocrx_word' id='word_1_179' title='bbox 359 1447 443 1486; x_wconf 86' lang='lat' dir='ltr'>quod</span> <span class='ocrx_word' id='word_1_180' title='bbox 454 1446 603 1486; x_wconf 89' lang='lat' dir='ltr'>impediat</span> <span class='ocrx_word' id='word_1_181' title='bbox 617 1446 858 1476; x_wconf 77' lang='lat' dir='ltr'>matrimonium</span> <span class='ocrx_word' id='word_1_182' title='bbox 874 1447 998 1475; x_wconf 83' lang='lat' dir='ltr'>contra-</span> 
     </span>
     <span class='ocr_line' id='line_1_32' title="bbox 231 1497 999 1537; baseline -0.003 -8"><span class='ocrx_word' id='word_1_183' title='bbox 231 1499 372 1529; x_wconf 88' lang='lat' dir='ltr'>hendum</span> <span class='ocrx_word' id='word_1_184' title='bbox 385 1522 394 1536; x_wconf 94' lang='lat'>,</span> <span class='ocrx_word' id='word_1_185' title='bbox 410 1499 459 1529; x_wconf 92' lang='lat' dir='ltr'>vel</span> <span class='ocrx_word' id='word_1_186' title='bbox 481 1499 609 1529; x_wconf 81' lang='lat' dir='ltr'>dirimat</span> <span class='ocrx_word' id='word_1_187' title='bbox 624 1500 692 1537; x_wconf 71' lang='lat' dir='ltr'>Jam</span> <span class='ocrx_word' id='word_1_188' title='bbox 713 1499 928 1534; x_wconf 81' lang='lat' dir='ltr'>contractum3</span> <span class='ocrx_word' id='word_1_189' title='bbox 946 1497 999 1528; x_wconf 88' lang='lat' dir='ltr'>sed</span> 
     </span>
     <span class='ocr_line' id='line_1_33' title="bbox 233 1550 996 1581; baseline -0.001 0"><span class='ocrx_word' id='word_1_190' title='bbox 233 1560 403 1581; x_wconf 85' lang='lat' dir='ltr'>consensus</span> <span class='ocrx_word' id='word_1_191' title='bbox 411 1560 484 1581; x_wconf 90' lang='lat' dir='ltr'>cum</span> <span class='ocrx_word' id='word_1_192' title='bbox 496 1551 547 1581; x_wconf 86' lang='lat' dir='ltr'>tali</span> <span class='ocrx_word' id='word_1_193' title='bbox 558 1554 644 1581; x_wconf 87' lang='lat' dir='ltr'>metu</span> <span class='ocrx_word' id='word_1_194' title='bbox 660 1551 731 1581; x_wconf 83' lang='lat' dir='ltr'>facit</span> <span class='ocrx_word' id='word_1_195' title='bbox 745 1550 996 1581; x_wconf 85' lang='lat' dir='ltr'>matrimonium.</span> 
     </span>
     <span class='ocr_line' id='line_1_34' title="bbox 232 1592 999 1643; baseline -0.001 -9"><span class='ocrx_word' id='word_1_196' title='bbox 232 1604 320 1635; x_wconf 89' lang='lat' dir='ltr'>Tunc</span> <span class='ocrx_word' id='word_1_197' title='bbox 339 1606 445 1634; x_wconf 85' lang='lat' dir='ltr'>autem</span> <span class='ocrx_word' id='word_1_198' title='bbox 468 1606 514 1634; x_wconf 89' lang='lat' dir='ltr'>est</span> <span class='ocrx_word' id='word_1_199' title='bbox 532 1607 635 1634; x_wconf 84' lang='lat' dir='ltr'>metus</span> <span class='ocrx_word' id='word_1_200' title='bbox 659 1605 766 1642; x_wconf 84' lang='lat' dir='ltr'>justus</span> <span class='ocrx_word' id='word_1_201' title='bbox 778 1627 786 1641; x_wconf 90' lang='lat'>,</span> <span class='ocrx_word' id='word_1_202' title='bbox 803 1592 999 1643; x_wconf 73' lang='lat' dir='ltr'>quando&#39;afi-</span> 
     </span>
     <span class='ocr_line' id='line_1_35' title="bbox 233 1656 998 1697; baseline -0.003 -10"><span class='ocrx_word' id='word_1_203' title='bbox 233 1657 304 1697; x_wconf 88' lang='lat' dir='ltr'>quis</span> <span class='ocrx_word' id='word_1_204' title='bbox 327 1657 540 1687; x_wconf 85' lang='lat' dir='ltr'>comminatur</span> <span class='ocrx_word' id='word_1_205' title='bbox 560 1657 712 1687; x_wconf 85' lang='lat' dir='ltr'>damnum</span> <span class='ocrx_word' id='word_1_206' title='bbox 728 1657 854 1691; x_wconf 88' lang='lat' dir='ltr'>mortis,</span> <span class='ocrx_word' id='word_1_207' title='bbox 873 1656 998 1686; x_wconf 86' lang='lat' dir='ltr'>mutila-</span> 
     </span>
     <span class='ocr_line' id='line_1_36' title="bbox 233 1708 998 1748; baseline -0.003 -8"><span class='ocrx_word' id='word_1_208' title='bbox 233 1710 338 1748; x_wconf 86' lang='lat' dir='ltr'>tionis,</span> <span class='ocrx_word' id='word_1_209' title='bbox 354 1709 526 1747; x_wconf 79' lang='lat' dir='ltr'>servitutis,</span> <span class='ocrx_word' id='word_1_210' title='bbox 542 1712 572 1739; x_wconf 91' lang='lat' dir='ltr'>et</span> <span class='ocrx_word' id='word_1_211' title='bbox 584 1709 696 1748; x_wconf 89' lang='lat' dir='ltr'>stupri.</span> <span class='ocrx_word' id='word_1_212' title='bbox 713 1708 801 1739; x_wconf 87' lang='lat' dir='ltr'>Tunc</span> <span class='ocrx_word' id='word_1_213' title='bbox 825 1711 933 1739; x_wconf 88' lang='lat' dir='ltr'>autem</span> <span class='ocrx_word' id='word_1_214' title='bbox 948 1718 998 1739; x_wconf 87' lang='lat' dir='ltr'>ca-</span> 
     </span>
     <span class='ocr_line' id='line_1_37' title="bbox 232 1762 999 1801; baseline -0.003 -7"><span class='ocrx_word' id='word_1_215' title='bbox 232 1764 277 1795; x_wconf 90' lang='lat' dir='ltr'>dit</span> <span class='ocrx_word' id='word_1_216' title='bbox 291 1764 323 1794; x_wconf 91' lang='lat' dir='ltr'>in</span> <span class='ocrx_word' id='word_1_217' title='bbox 339 1764 446 1794; x_wconf 88' lang='lat' dir='ltr'>virum</span> <span class='ocrx_word' id='word_1_218' title='bbox 459 1765 653 1793; x_wconf 85' lang='lat' dir='ltr'>constantem</span> <span class='ocrx_word' id='word_1_219' title='bbox 666 1787 674 1800; x_wconf 92' lang='lat'>,</span> <span class='ocrx_word' id='word_1_220' title='bbox 691 1762 818 1801; x_wconf 87' lang='lat' dir='ltr'>quando</span> <span class='ocrx_word' id='word_1_221' title='bbox 832 1762 999 1801; x_wconf 72' lang='lat' dir='ltr'>praesumi—</span> 
     </span>
     <span class='ocr_line' id='line_1_38' title="bbox 231 1815 1001 1857; baseline -0.004 -10"><span class='ocrx_word' id='word_1_222' title='bbox 231 1819 284 1847; x_wconf 84' lang='lat' dir='ltr'>tur</span> <span class='ocrx_word' id='word_1_223' title='bbox 298 1816 512 1857; x_wconf 78' lang='lat' dir='ltr'>probabiliter,</span> <span class='ocrx_word' id='word_1_224' title='bbox 526 1816 610 1855; x_wconf 85' lang='lat' dir='ltr'>quod</span> <span class='ocrx_word' id='word_1_225' title='bbox 625 1816 674 1845; x_wconf 90' lang='lat' dir='ltr'>ille</span> <span class='ocrx_word' id='word_1_226' title='bbox 690 1815 745 1854; x_wconf 89' lang='lat' dir='ltr'>qui</span> <span class='ocrx_word' id='word_1_227' title='bbox 763 1815 917 1852; x_wconf 87' lang='lat' dir='ltr'>minatur,</span> <span class='ocrx_word' id='word_1_228' title='bbox 930 1824 1001 1854; x_wconf 86' lang='lat' dir='ltr'>pos-</span> 
     </span>
     <span class='ocr_line' id='line_1_39' title="bbox 233 1867 1001 1908; baseline -0.004 -9"><span class='ocrx_word' id='word_1_229' title='bbox 233 1870 272 1900; x_wconf 88' lang='lat' dir='ltr'>sit</span> <span class='ocrx_word' id='word_1_230' title='bbox 286 1869 389 1899; x_wconf 85' lang='lat' dir='ltr'>minas</span> <span class='ocrx_word' id='word_1_231' title='bbox 405 1868 552 1908; x_wconf 87' lang='lat' dir='ltr'>implere;</span> <span class='ocrx_word' id='word_1_232' title='bbox 577 1877 642 1898; x_wconf 89' lang='lat' dir='ltr'>non</span> <span class='ocrx_word' id='word_1_233' title='bbox 665 1870 771 1897; x_wconf 87' lang='lat' dir='ltr'>tamen</span> <span class='ocrx_word' id='word_1_234' title='bbox 791 1870 872 1897; x_wconf 87' lang='lat' dir='ltr'>esset</span> <span class='ocrx_word' id='word_1_235' title='bbox 892 1867 1001 1897; x_wconf 87' lang='lat' dir='ltr'>timen-</span> 
     </span>
     <span class='ocr_line' id='line_1_40' title="bbox 233 1919 998 1960; baseline -0.004 -9"><span class='ocrx_word' id='word_1_236' title='bbox 233 1921 328 1958; x_wconf 91' lang='lat' dir='ltr'>dum,</span> <span class='ocrx_word' id='word_1_237' title='bbox 356 1921 381 1950; x_wconf 85' lang='lat' dir='ltr'>si</span> <span class='ocrx_word' id='word_1_238' title='bbox 402 1921 536 1960; x_wconf 74' lang='lat' dir='ltr'>simplex</span> <span class='ocrx_word' id='word_1_239' title='bbox 561 1920 697 1950; x_wconf 89' lang='lat' dir='ltr'>rusticus</span> <span class='ocrx_word' id='word_1_240' title='bbox 720 1919 896 1949; x_wconf 86' lang='lat' dir='ltr'>minaretur</span> <span class='ocrx_word' id='word_1_241' title='bbox 916 1920 998 1949; x_wconf 81' lang='lat' dir='ltr'>duci.</span> 
     </span>
     <span class='ocr_line' id='line_1_41' title="bbox 237 1973 1002 2012; baseline -0.001 -9"><span class='ocrx_word' id='word_1_242' title='bbox 237 1973 271 2003; x_wconf 91' lang='lat' dir='ltr'>In</span> <span class='ocrx_word' id='word_1_243' title='bbox 286 1973 346 2004; x_wconf 89' lang='lat' dir='ltr'>hoc</span> <span class='ocrx_word' id='word_1_244' title='bbox 362 1975 448 2004; x_wconf 87' lang='lat' dir='ltr'>metu</span> <span class='ocrx_word' id='word_1_245' title='bbox 458 1973 566 2003; x_wconf 85' lang='lat' dir='ltr'>dicunt</span> <span class='ocrx_word' id='word_1_246' title='bbox 580 1974 655 2012; x_wconf 87' lang='lat' dir='ltr'>jura</span> <span class='ocrx_word' id='word_1_247' title='bbox 669 1982 858 2003; x_wconf 85' lang='lat' dir='ltr'>consensum</span> <span class='ocrx_word' id='word_1_248' title='bbox 878 1981 942 2002; x_wconf 90' lang='lat' dir='ltr'>non</span> <span class='ocrx_word' id='word_1_249' title='bbox 957 1973 1002 2002; x_wconf 84' lang='lat' dir='ltr'>fa-</span> 
     </span>
     <span class='ocr_line' id='line_1_42' title="bbox 237 2025 1002 2065; baseline -0.001 -9"><span class='ocrx_word' id='word_1_250' title='bbox 237 2035 305 2056; x_wconf 88' lang='lat' dir='ltr'>cere</span> <span class='ocrx_word' id='word_1_251' title='bbox 319 2026 570 2056; x_wconf 87' lang='lat' dir='ltr'>matrimonium.</span> <span class='ocrx_word' id='word_1_252' title='bbox 584 2025 644 2056; x_wconf 89' lang='lat' dir='ltr'>Sed</span> <span class='ocrx_word' id='word_1_253' title='bbox 658 2025 737 2055; x_wconf 84' lang='lat' dir='ltr'>ratio</span> <span class='ocrx_word' id='word_1_254' title='bbox 752 2026 849 2065; x_wconf 85' lang='lat' dir='ltr'>hujus</span> <span class='ocrx_word' id='word_1_255' title='bbox 864 2025 1002 2055; x_wconf 84' lang='lat' dir='ltr'>sumitur</span> 
     </span>
     <span class='ocr_line' id='line_1_43' title="bbox 235 2077 999 2115; baseline 0 -7"><span class='ocrx_word' id='word_1_256' title='bbox 235 2087 254 2108; x_wconf 91' lang='lat' dir='ltr'>a</span> <span class='ocrx_word' id='word_1_257' title='bbox 264 2079 396 2109; x_wconf 88' lang='lat' dir='ltr'>diversis</span> <span class='ocrx_word' id='word_1_258' title='bbox 404 2078 625 2109; x_wconf 85' lang='lat' dir='ltr'>diversimode.</span> <span class='ocrx_word' id='word_1_259' title='bbox 637 2077 770 2115; x_wconf 84' lang='lat' dir='ltr'>Quidam</span> <span class='ocrx_word' id='word_1_260' title='bbox 782 2079 867 2109; x_wconf 91' lang='lat' dir='ltr'>enim</span> <span class='ocrx_word' id='word_1_261' title='bbox 882 2079 999 2115; x_wconf 88' lang='lat' dir='ltr'>dicunt,</span> 
     </span>
     <span class='ocr_line' id='line_1_44' title="bbox 235 2131 1004 2171; baseline -0.001 -9"><span class='ocrx_word' id='word_1_262' title='bbox 235 2131 320 2171; x_wconf 89' lang='lat' dir='ltr'>quod</span> <span class='ocrx_word' id='word_1_263' title='bbox 348 2131 407 2161; x_wconf 89' lang='lat' dir='ltr'>hoc</span> <span class='ocrx_word' id='word_1_264' title='bbox 436 2133 481 2161; x_wconf 90' lang='lat' dir='ltr'>est</span> <span class='ocrx_word' id='word_1_265' title='bbox 509 2140 548 2161; x_wconf 84' lang='lat' dir='ltr'>ex</span> <span class='ocrx_word' id='word_1_266' title='bbox 570 2131 770 2169; x_wconf 83' lang='lat' dir='ltr'>indulgentia</span> <span class='ocrx_word' id='word_1_267' title='bbox 797 2131 877 2170; x_wconf 86' lang='lat' dir='ltr'>juris</span> <span class='ocrx_word' id='word_1_268' title='bbox 894 2142 900 2161; x_wconf 88' lang='lat'>:</span> <span class='ocrx_word' id='word_1_269' title='bbox 928 2132 1004 2170; x_wconf 76' lang='lat' dir='ltr'>J&#39;ura</span> 
     </span>
     <span class='ocr_line' id='line_1_45' title="bbox 234 2183 1004 2223; baseline -0.001 -9"><span class='ocrx_word' id='word_1_270' title='bbox 234 2185 320 2214; x_wconf 89' lang='lat' dir='ltr'>enim</span> <span class='ocrx_word' id='word_1_271' title='bbox 331 2184 501 2223; x_wconf 88' lang='lat' dir='ltr'>indulgent</span> <span class='ocrx_word' id='word_1_272' title='bbox 509 2183 584 2214; x_wconf 87' lang='lat' dir='ltr'>tales</span> <span class='ocrx_word' id='word_1_273' title='bbox 599 2184 758 2223; x_wconf 84' lang='lat' dir='ltr'>separari,</span> <span class='ocrx_word' id='word_1_274' title='bbox 775 2184 825 2213; x_wconf 90' lang='lat' dir='ltr'>vel</span> <span class='ocrx_word' id='word_1_275' title='bbox 837 2184 912 2223; x_wconf 87' lang='lat' dir='ltr'>quia</span> <span class='ocrx_word' id='word_1_276' title='bbox 926 2193 1004 2223; x_wconf 62' lang='lat' dir='ltr'>pree-</span> 
     </span>
     <span class='ocr_line' id='line_1_46' title="bbox 234 2238 1004 2269; baseline 0 -1"><span class='ocrx_word' id='word_1_277' title='bbox 234 2241 366 2269; x_wconf 88' lang='lat' dir='ltr'>sumunt</span> <span class='ocrx_word' id='word_1_278' title='bbox 393 2238 605 2268; x_wconf 79' lang='lat' dir='ltr'>consentiente</span> <span class='ocrx_word' id='word_1_279' title='bbox 637 2246 691 2268; x_wconf 91' lang='lat' dir='ltr'>ore</span> <span class='ocrx_word' id='word_1_280' title='bbox 723 2247 785 2268; x_wconf 92' lang='lat' dir='ltr'>non</span> <span class='ocrx_word' id='word_1_281' title='bbox 812 2238 1004 2268; x_wconf 83' lang='lat' dir='ltr'>consensisse</span> 
     </span>
     <span class='ocr_line' id='line_1_47' title="bbox 235 2291 1005 2331; baseline 0 -11"><span class='ocrx_word' id='word_1_282' title='bbox 235 2291 341 2329; x_wconf 90' lang='lat' dir='ltr'>corde,</span> <span class='ocrx_word' id='word_1_283' title='bbox 358 2293 389 2322; x_wconf 89' lang='lat' dir='ltr'>et</span> <span class='ocrx_word' id='word_1_284' title='bbox 408 2291 484 2331; x_wconf 79' lang='lat' dir='ltr'>quia</span> <span class='ocrx_word' id='word_1_285' title='bbox 498 2291 634 2322; x_wconf 90' lang='lat' dir='ltr'>verbum</span> <span class='ocrx_word' id='word_1_286' title='bbox 656 2291 759 2321; x_wconf 91' lang='lat' dir='ltr'>solum</span> <span class='ocrx_word' id='word_1_287' title='bbox 783 2291 862 2321; x_wconf 76' lang='lat' dir='ltr'>dixit</span> <span class='ocrx_word' id='word_1_288' title='bbox 883 2293 920 2321; x_wconf 92' lang='lat' dir='ltr'>ut</span> <span class='ocrx_word' id='word_1_289' title='bbox 943 2299 1005 2329; x_wconf 70' lang='lat' dir='ltr'>poe-</span> 
     </span>
     <span class='ocr_line' id='line_1_48' title="bbox 235 2343 1005 2383; baseline -0.001 -9"><span class='ocrx_word' id='word_1_290' title='bbox 235 2353 310 2374; x_wconf 87' lang='lat' dir='ltr'>nam</span> <span class='ocrx_word' id='word_1_291' title='bbox 320 2344 489 2375; x_wconf 87' lang='lat' dir='ltr'>redimeret</span> <span class='ocrx_word' id='word_1_292' title='bbox 498 2354 505 2381; x_wconf 93' lang='lat'>;</span> <span class='ocrx_word' id='word_1_293' title='bbox 518 2343 569 2374; x_wconf 88' lang='lat' dir='ltr'>vel</span> <span class='ocrx_word' id='word_1_294' title='bbox 582 2344 677 2374; x_wconf 88' lang='lat' dir='ltr'>etiam</span> <span class='ocrx_word' id='word_1_295' title='bbox 692 2344 812 2374; x_wconf 87' lang='lat' dir='ltr'>ratione</span> <span class='ocrx_word' id='word_1_296' title='bbox 828 2344 910 2381; x_wconf 88' lang='lat' dir='ltr'>finis,</span> <span class='ocrx_word' id='word_1_297' title='bbox 930 2344 1005 2383; x_wconf 87' lang='lat' dir='ltr'>quia</span> 
     </span>
     <span class='ocr_line' id='line_1_49' title="bbox 237 2396 1003 2436; baseline -0.001 -9"><span class='ocrx_word' id='word_1_298' title='bbox 237 2399 342 2427; x_wconf 87' lang='lat' dir='ltr'>coacta</span> <span class='ocrx_word' id='word_1_299' title='bbox 357 2397 559 2427; x_wconf 81' lang='lat' dir='ltr'>matrimonia</span> <span class='ocrx_word' id='word_1_300' title='bbox 581 2397 734 2436; x_wconf 84' lang='lat' dir='ltr'>pessimos</span> <span class='ocrx_word' id='word_1_301' title='bbox 750 2396 855 2427; x_wconf 79' lang='lat' dir='ltr'>exitus</span> <span class='ocrx_word' id='word_1_302' title='bbox 869 2405 1003 2427; x_wconf 87' lang='lat' dir='ltr'>consue—</span> 
     </span>
     <span class='ocr_line' id='line_1_50' title="bbox 238 2449 1003 2489; baseline -0.001 -9"><span class='ocrx_word' id='word_1_303' title='bbox 238 2451 352 2480; x_wconf 88' lang='lat' dir='ltr'>verunt</span> <span class='ocrx_word' id='word_1_304' title='bbox 366 2450 492 2480; x_wconf 83' lang='lat' dir='ltr'>habere.</span> <span class='ocrx_word' id='word_1_305' title='bbox 511 2449 571 2479; x_wconf 91' lang='lat' dir='ltr'>Alii</span> <span class='ocrx_word' id='word_1_306' title='bbox 591 2449 700 2479; x_wconf 82' lang='lat' dir='ltr'>dicunt</span> <span class='ocrx_word' id='word_1_307' title='bbox 714 2449 798 2489; x_wconf 88' lang='lat' dir='ltr'>quod</span> <span class='ocrx_word' id='word_1_308' title='bbox 821 2458 885 2479; x_wconf 92' lang='lat' dir='ltr'>non</span> <span class='ocrx_word' id='word_1_309' title='bbox 898 2458 937 2479; x_wconf 79' lang='lat' dir='ltr'>ex</span> <span class='ocrx_word' id='word_1_310' title='bbox 949 2450 1003 2488; x_wconf 84' lang='lat' dir='ltr'>ju-</span> 
     </span>
     <span class='ocr_line' id='line_1_51' title="bbox 237 2502 1005 2541; baseline -0.001 -9"><span class='ocrx_word' id='word_1_311' title='bbox 237 2502 282 2532; x_wconf 90' lang='lat' dir='ltr'>ris</span> <span class='ocrx_word' id='word_1_312' title='bbox 297 2502 495 2541; x_wconf 81' lang='lat' dir='ltr'>indulgentia</span> <span class='ocrx_word' id='word_1_313' title='bbox 506 2527 514 2540; x_wconf 94' lang='lat'>,</span> <span class='ocrx_word' id='word_1_314' title='bbox 531 2503 583 2533; x_wconf 87' lang='lat' dir='ltr'>sed</span> <span class='ocrx_word' id='word_1_315' title='bbox 600 2503 660 2533; x_wconf 93' lang='lat' dir='ltr'>hoc</span> <span class='ocrx_word' id='word_1_316' title='bbox 673 2503 746 2533; x_wconf 86' lang='lat' dir='ltr'>facit</span> <span class='ocrx_word' id='word_1_317' title='bbox 761 2503 899 2533; x_wconf 84' lang='lat' dir='ltr'>defectus</span> <span class='ocrx_word' id='word_1_318' title='bbox 913 2502 1005 2533; x_wconf 85' lang='lat' dir='ltr'>liberi</span> 
     </span>
     <span class='ocr_line' id='line_1_52' title="bbox 239 2555 1003 2594; baseline 0.001 -10"><span class='ocrx_word' id='word_1_319' title='bbox 239 2556 269 2584; x_wconf 88' lang='lat' dir='ltr'>et</span> <span class='ocrx_word' id='word_1_320' title='bbox 283 2555 408 2593; x_wconf 82' lang='lat' dir='ltr'>perfecti</span> <span class='ocrx_word' id='word_1_321' title='bbox 424 2564 610 2593; x_wconf 86' lang='lat' dir='ltr'>consensus,</span> <span class='ocrx_word' id='word_1_322' title='bbox 628 2556 683 2594; x_wconf 87' lang='lat' dir='ltr'>qui</span> <span class='ocrx_word' id='word_1_323' title='bbox 699 2556 791 2586; x_wconf 86' lang='lat' dir='ltr'>debet</span> <span class='ocrx_word' id='word_1_324' title='bbox 810 2565 876 2586; x_wconf 87' lang='lat' dir='ltr'>esse</span> <span class='ocrx_word' id='word_1_325' title='bbox 889 2556 922 2585; x_wconf 94' lang='lat' dir='ltr'>in</span> <span class='ocrx_word' id='word_1_326' title='bbox 937 2564 1003 2585; x_wconf 91' lang='lat' dir='ltr'>ma-</span> 
     </span>
     <span class='ocr_line' id='line_1_53' title="bbox 240 2607 1006 2649; baseline 0 -12"><span class='ocrx_word' id='word_1_327' title='bbox 240 2607 405 2645; x_wconf 87' lang='lat' dir='ltr'>trimonio,</span> <span class='ocrx_word' id='word_1_328' title='bbox 422 2608 515 2649; x_wconf 87' lang='lat' dir='ltr'>quia,</span> <span class='ocrx_word' id='word_1_329' title='bbox 538 2608 617 2639; x_wconf 91' lang='lat' dir='ltr'>sicut</span> <span class='ocrx_word' id='word_1_330' title='bbox 639 2611 800 2639; x_wconf 86' lang='lat' dir='ltr'>ostensum</span> <span class='ocrx_word' id='word_1_331' title='bbox 821 2610 877 2645; x_wconf 88' lang='lat' dir='ltr'>est,</span> <span class='ocrx_word' id='word_1_332' title='bbox 894 2608 1006 2647; x_wconf 88' lang='lat' dir='ltr'>plenus</span> 
     </span>
    </p>
   </div>
   <div class='ocr_carea' id='block_1_7' title="bbox 1755 218 1809 246">
    <p class='ocr_par' dir='ltr' id='par_1_7' title="bbox 1755 218 1809 246">
     <span class='ocr_line' id='line_1_54' title="bbox 1755 218 1809 246; baseline -0.019 0"><span class='ocrx_word' id='word_1_333' title='bbox 1755 218 1809 246; x_wconf 77' lang='lat'>251</span> 
     </span>
    </p>
   </div>
   <div class='ocr_carea' id='block_1_8' title="bbox 1045 282 1828 2535">
    <p class='ocr_par' dir='ltr' id='par_1_8' title="bbox 1045 282 1814 470">
     <span class='ocr_line' id='line_1_55' title="bbox 1045 282 1814 313; baseline -0.001 -1"><span class='ocrx_word' id='word_1_334' title='bbox 1045 282 1136 312; x_wconf 90' lang='lat' dir='ltr'>debet</span> <span class='ocrx_word' id='word_1_335' title='bbox 1158 283 1203 312; x_wconf 93' lang='lat' dir='ltr'>ibi</span> <span class='ocrx_word' id='word_1_336' title='bbox 1230 291 1298 312; x_wconf 89' lang='lat' dir='ltr'>esse</span> <span class='ocrx_word' id='word_1_337' title='bbox 1324 291 1496 313; x_wconf 88' lang='lat' dir='ltr'>consensus</span> <span class='ocrx_word' id='word_1_338' title='bbox 1520 294 1526 313; x_wconf 71' lang='grc' dir='ltr'><strong><em>ι</em></strong></span> <span class='ocrx_word' id='word_1_339' title='bbox 1551 284 1582 313; x_wconf 93' lang='lat' dir='ltr'>et</span> <span class='ocrx_word' id='word_1_340' title='bbox 1606 283 1665 312; x_wconf 88' lang='lat' dir='ltr'>hoc</span> <span class='ocrx_word' id='word_1_341' title='bbox 1690 282 1814 311; x_wconf 87' lang='lat' dir='ltr'>videtur</span> 
     </span>
     <span class='ocr_line' id='line_1_56' title="bbox 1046 334 1813 374; baseline -0.001 -10"><span class='ocrx_word' id='word_1_342' title='bbox 1046 334 1250 374; x_wconf 87' lang='lat' dir='ltr'>probabilius.</span> <span class='ocrx_word' id='word_1_343' title='bbox 1275 334 1306 365; x_wconf 90' lang='lat' dir='ltr'>Si</span> <span class='ocrx_word' id='word_1_344' title='bbox 1330 337 1436 365; x_wconf 83' lang='lat' dir='ltr'>tamen</span> <span class='ocrx_word' id='word_1_345' title='bbox 1464 337 1534 374; x_wconf 89' lang='lat' dir='ltr'>post</span> <span class='ocrx_word' id='word_1_346' title='bbox 1561 334 1753 365; x_wconf 85' lang='lat' dir='ltr'>coactionem</span> <span class='ocrx_word' id='word_1_347' title='bbox 1780 334 1813 363; x_wconf 89' lang='lat' dir='ltr'>in</span> 
     </span>
     <span class='ocr_line' id='line_1_57' title="bbox 1046 386 1814 426; baseline -0.003 -9"><span class='ocrx_word' id='word_1_348' title='bbox 1046 387 1203 417; x_wconf 83' lang='lat' dir='ltr'>carnalem</span> <span class='ocrx_word' id='word_1_349' title='bbox 1215 387 1360 426; x_wconf 85' lang='lat' dir='ltr'>copulam</span> <span class='ocrx_word' id='word_1_350' title='bbox 1375 389 1541 425; x_wconf 88' lang='lat' dir='ltr'>consensit,</span> <span class='ocrx_word' id='word_1_351' title='bbox 1560 396 1601 417; x_wconf 81' lang='lat' dir='ltr'>ex</span> <span class='ocrx_word' id='word_1_352' title='bbox 1616 389 1691 417; x_wconf 85' lang='lat' dir='ltr'>tunc</span> <span class='ocrx_word' id='word_1_353' title='bbox 1705 386 1814 426; x_wconf 87' lang='lat' dir='ltr'>incipit</span> 
     </span>
     <span class='ocr_line' id='line_1_58' title="bbox 1047 440 1384 470; baseline -0.003 0"><span class='ocrx_word' id='word_1_354' title='bbox 1047 450 1112 470; x_wconf 84' lang='lat' dir='ltr'>esse</span> <span class='ocrx_word' id='word_1_355' title='bbox 1127 440 1384 470; x_wconf 88' lang='lat' dir='ltr'>matrimonium.</span> 
     </span>
    </p>

    <p class='ocr_par' dir='ltr' id='par_1_9' title="bbox 1047 495 1815 850">
     <span class='ocr_line' id='line_1_59' title="bbox 1091 495 1813 534; baseline 0 -9"><span class='ocrx_word' id='word_1_356' title='bbox 1091 499 1115 525; x_wconf 87' lang='lat'>1.</span> <span class='ocrx_word' id='word_1_357' title='bbox 1137 495 1185 525; x_wconf 85' lang='lat' dir='ltr'>Ad</span> <span class='ocrx_word' id='word_1_358' title='bbox 1208 495 1284 525; x_wconf 89' lang='lat' dir='ltr'>illud</span> <span class='ocrx_word' id='word_1_359' title='bbox 1311 504 1390 533; x_wconf 77' lang='lat' dir='ltr'>ergo</span> <span class='ocrx_word' id='word_1_360' title='bbox 1415 496 1497 533; x_wconf 85' lang='lat' dir='ltr'>quod</span> <span class='ocrx_word' id='word_1_361' title='bbox 1524 496 1626 534; x_wconf 92' lang='lat' dir='ltr'>primo</span> <span class='ocrx_word' id='word_1_362' title='bbox 1649 495 1813 534; x_wconf 83' lang='lat' dir='ltr'>objicitur,</span> 
     </span>
     <span class='ocr_line' id='line_1_60' title="bbox 1047 547 1814 588; baseline -0.001 -10"><span class='ocrx_word' id='word_1_363' title='bbox 1047 548 1129 588; x_wconf 84' lang='lat' dir='ltr'>quod</span> <span class='ocrx_word' id='word_1_364' title='bbox 1139 550 1245 578; x_wconf 85' lang='lat' dir='ltr'>coacta</span> <span class='ocrx_word' id='word_1_365' title='bbox 1255 548 1403 578; x_wconf 86' lang='lat' dir='ltr'>voluntas</span> <span class='ocrx_word' id='word_1_366' title='bbox 1414 547 1563 578; x_wconf 87' lang='lat' dir='ltr'>voluntas</span> <span class='ocrx_word' id='word_1_367' title='bbox 1573 551 1630 585; x_wconf 86' lang='lat' dir='ltr'>est,</span> <span class='ocrx_word' id='word_1_368' title='bbox 1646 548 1814 578; x_wconf 90' lang='lat' dir='ltr'>dicendum</span> 
     </span>
     <span class='ocr_line' id='line_1_61' title="bbox 1047 600 1814 640; baseline -0.003 -9"><span class='ocrx_word' id='word_1_369' title='bbox 1047 601 1130 640; x_wconf 82' lang='lat' dir='ltr'>quod</span> <span class='ocrx_word' id='word_1_370' title='bbox 1146 610 1258 631; x_wconf 86' lang='lat' dir='ltr'>verum</span> <span class='ocrx_word' id='word_1_371' title='bbox 1274 603 1336 637; x_wconf 87' lang='lat' dir='ltr'>est;</span> <span class='ocrx_word' id='word_1_372' title='bbox 1358 601 1411 630; x_wconf 89' lang='lat' dir='ltr'>sed</span> <span class='ocrx_word' id='word_1_373' title='bbox 1426 609 1592 639; x_wconf 86' lang='lat' dir='ltr'>nunquam</span> <span class='ocrx_word' id='word_1_374' title='bbox 1608 601 1724 630; x_wconf 83' lang='lat' dir='ltr'>sufficit</span> <span class='ocrx_word' id='word_1_375' title='bbox 1743 600 1814 630; x_wconf 89' lang='lat' dir='ltr'>talis</span> 
     </span>
     <span class='ocr_line' id='line_1_62' title="bbox 1052 652 1814 689; baseline -0.003 -5"><span class='ocrx_word' id='word_1_376' title='bbox 1052 654 1198 684; x_wconf 90' lang='lat' dir='ltr'>voluntas</span> <span class='ocrx_word' id='word_1_377' title='bbox 1211 653 1249 683; x_wconf 83' lang='lat' dir='ltr'>ad</span> <span class='ocrx_word' id='word_1_378' title='bbox 1263 653 1438 683; x_wconf 76' lang='lat' dir='ltr'>faciendum</span> <span class='ocrx_word' id='word_1_379' title='bbox 1450 653 1582 689; x_wconf 85' lang='lat' dir='ltr'>bonum,</span> <span class='ocrx_word' id='word_1_380' title='bbox 1594 662 1651 682; x_wconf 88' lang='lat' dir='ltr'>nec</span> <span class='ocrx_word' id='word_1_381' title='bbox 1665 653 1761 683; x_wconf 84' lang='lat' dir='ltr'>etiam</span> <span class='ocrx_word' id='word_1_382' title='bbox 1776 652 1814 682; x_wconf 86' lang='lat' dir='ltr'>ad</span> 
     </span>
     <span class='ocr_line' id='line_1_63' title="bbox 1050 705 1815 744; baseline -0.004 -7"><span class='ocrx_word' id='word_1_383' title='bbox 1050 706 1301 737; x_wconf 86' lang='lat' dir='ltr'>contrahendum</span> <span class='ocrx_word' id='word_1_384' title='bbox 1320 705 1574 742; x_wconf 88' lang='lat' dir='ltr'>matrimonium,</span> <span class='ocrx_word' id='word_1_385' title='bbox 1592 714 1648 744; x_wconf 84' lang='lat' dir='ltr'>pro</span> <span class='ocrx_word' id='word_1_386' title='bbox 1674 714 1710 735; x_wconf 87' lang='lat' dir='ltr'>eo</span> <span class='ocrx_word' id='word_1_387' title='bbox 1732 705 1815 744; x_wconf 86' lang='lat' dir='ltr'>quod</span> 
     </span>
     <span class='ocr_line' id='line_1_64' title="bbox 1049 757 1814 789; baseline -0.004 0"><span class='ocrx_word' id='word_1_388' title='bbox 1049 759 1199 789; x_wconf 90' lang='lat' dir='ltr'>Dominus</span> <span class='ocrx_word' id='word_1_389' title='bbox 1215 758 1314 788; x_wconf 86' lang='lat' dir='ltr'>voluit</span> <span class='ocrx_word' id='word_1_390' title='bbox 1337 758 1396 787; x_wconf 80' lang='lat' dir='ltr'>hoc</span> <span class='ocrx_word' id='word_1_391' title='bbox 1419 759 1652 787; x_wconf 85' lang='lat' dir='ltr'>sacramentum</span> <span class='ocrx_word' id='word_1_392' title='bbox 1673 757 1814 787; x_wconf 86' lang='lat' dir='ltr'>contrahi</span> 
     </span>
     <span class='ocr_line' id='line_1_65' title="bbox 1049 810 1721 850; baseline -0.003 -9"><span class='ocrx_word' id='word_1_393' title='bbox 1049 820 1104 850; x_wconf 89' lang='lat' dir='ltr'>per</span> <span class='ocrx_word' id='word_1_394' title='bbox 1120 819 1308 841; x_wconf 87' lang='lat' dir='ltr'>consensum</span> <span class='ocrx_word' id='word_1_395' title='bbox 1323 810 1471 847; x_wconf 85' lang='lat' dir='ltr'>liberum,</span> <span class='ocrx_word' id='word_1_396' title='bbox 1488 819 1553 840; x_wconf 91' lang='lat' dir='ltr'>non</span> <span class='ocrx_word' id='word_1_397' title='bbox 1567 811 1721 840; x_wconf 87' lang='lat' dir='ltr'>coactum.</span> 
     </span>
    </p>

    <p class='ocr_par' dir='ltr' id='par_1_10' title="bbox 1050 862 1820 1264">
     <span class='ocr_line' id='line_1_66' title="bbox 1090 862 1818 903; baseline -0.001 -10"><span class='ocrx_word' id='word_1_398' title='bbox 1090 867 1118 894; x_wconf 74' lang='lat'>2.</span> <span class='ocrx_word' id='word_1_399' title='bbox 1138 864 1184 894; x_wconf 92' lang='lat' dir='ltr'>Ad</span> <span class='ocrx_word' id='word_1_400' title='bbox 1199 863 1276 893; x_wconf 88' lang='lat' dir='ltr'>illud</span> <span class='ocrx_word' id='word_1_401' title='bbox 1291 863 1375 903; x_wconf 86' lang='lat' dir='ltr'>quod</span> <span class='ocrx_word' id='word_1_402' title='bbox 1391 863 1550 902; x_wconf 80' lang='lat' dir='ltr'>objicitur,</span> <span class='ocrx_word' id='word_1_403' title='bbox 1567 862 1652 902; x_wconf 90' lang='lat' dir='ltr'>quod</span> <span class='ocrx_word' id='word_1_404' title='bbox 1666 862 1721 901; x_wconf 89' lang='lat' dir='ltr'>qui</span> <span class='ocrx_word' id='word_1_405' title='bbox 1734 871 1818 892; x_wconf 87' lang='lat' dir='ltr'>coac-</span> 
     </span>
     <span class='ocr_line' id='line_1_67' title="bbox 1050 915 1819 955; baseline -0.003 -9"><span class='ocrx_word' id='word_1_406' title='bbox 1050 920 1100 947; x_wconf 89' lang='lat' dir='ltr'>tus</span> <span class='ocrx_word' id='word_1_407' title='bbox 1115 917 1272 946; x_wconf 87' lang='lat' dir='ltr'>consensit</span> <span class='ocrx_word' id='word_1_408' title='bbox 1287 917 1320 946; x_wconf 92' lang='lat' dir='ltr'>in</span> <span class='ocrx_word' id='word_1_409' title='bbox 1335 917 1541 955; x_wconf 81' lang='lat' dir='ltr'>baptismum,</span> <span class='ocrx_word' id='word_1_410' title='bbox 1558 915 1744 954; x_wconf 83' lang='lat' dir='ltr'>baptizatur,</span> <span class='ocrx_word' id='word_1_411' title='bbox 1756 923 1819 944; x_wconf 90' lang='lat' dir='ltr'>res—</span> 
     </span>
     <span class='ocr_line' id='line_1_68' title="bbox 1052 967 1818 1008; baseline -0.003 -9"><span class='ocrx_word' id='word_1_412' title='bbox 1052 970 1208 1008; x_wconf 87' lang='lat' dir='ltr'>pondetur</span> <span class='ocrx_word' id='word_1_413' title='bbox 1226 969 1310 1008; x_wconf 87' lang='lat' dir='ltr'>quod</span> <span class='ocrx_word' id='word_1_414' title='bbox 1325 969 1501 1008; x_wconf 86' lang='lat' dir='ltr'>baptismus</span> <span class='ocrx_word' id='word_1_415' title='bbox 1516 970 1562 998; x_wconf 90' lang='lat' dir='ltr'>est</span> <span class='ocrx_word' id='word_1_416' title='bbox 1578 977 1657 1007; x_wconf 88' lang='lat' dir='ltr'>opus</span> <span class='ocrx_word' id='word_1_417' title='bbox 1672 967 1737 1004; x_wconf 87' lang='lat' dir='ltr'>Dei,</span> <span class='ocrx_word' id='word_1_418' title='bbox 1755 976 1818 997; x_wconf 88' lang='lat' dir='ltr'>non</span> 
     </span>
     <span class='ocr_line' id='line_1_69' title="bbox 1051 1020 1817 1058; baseline -0.004 -6"><span class='ocrx_word' id='word_1_419' title='bbox 1051 1022 1230 1058; x_wconf 88' lang='lat' dir='ltr'>hominum,</span> <span class='ocrx_word' id='word_1_420' title='bbox 1242 1021 1296 1051; x_wconf 87' lang='lat' dir='ltr'>sed</span> <span class='ocrx_word' id='word_1_421' title='bbox 1309 1021 1548 1051; x_wconf 84' lang='lat' dir='ltr'>matrimonium</span> <span class='ocrx_word' id='word_1_422' title='bbox 1563 1023 1609 1050; x_wconf 87' lang='lat' dir='ltr'>est</span> <span class='ocrx_word' id='word_1_423' title='bbox 1629 1020 1666 1050; x_wconf 86' lang='lat' dir='ltr'>ad</span> <span class='ocrx_word' id='word_1_424' title='bbox 1687 1029 1817 1050; x_wconf 85' lang='lat' dir='ltr'>consen-</span> 
     </span>
     <span class='ocr_line' id='line_1_70' title="bbox 1051 1073 1820 1113; baseline -0.004 -8"><span class='ocrx_word' id='word_1_425' title='bbox 1051 1085 1122 1105; x_wconf 89' lang='lat' dir='ltr'>sum</span> <span class='ocrx_word' id='word_1_426' title='bbox 1138 1075 1316 1105; x_wconf 88' lang='lat' dir='ltr'>hominum.</span> <span class='ocrx_word' id='word_1_427' title='bbox 1334 1074 1432 1104; x_wconf 85' lang='lat' dir='ltr'>Aliter</span> <span class='ocrx_word' id='word_1_428' title='bbox 1447 1076 1548 1113; x_wconf 88' lang='lat' dir='ltr'>potest</span> <span class='ocrx_word' id='word_1_429' title='bbox 1563 1073 1623 1103; x_wconf 89' lang='lat' dir='ltr'>dici</span> <span class='ocrx_word' id='word_1_430' title='bbox 1635 1097 1642 1110; x_wconf 93' lang='lat'>,</span> <span class='ocrx_word' id='word_1_431' title='bbox 1659 1073 1744 1112; x_wconf 87' lang='lat' dir='ltr'>quod</span> <span class='ocrx_word' id='word_1_432' title='bbox 1757 1081 1820 1102; x_wconf 89' lang='lat' dir='ltr'>non</span> 
     </span>
     <span class='ocr_line' id='line_1_71' title="bbox 1051 1125 1819 1167; baseline -0.005 -9"><span class='ocrx_word' id='word_1_433' title='bbox 1051 1130 1096 1158; x_wconf 90' lang='lat' dir='ltr'>est</span> <span class='ocrx_word' id='word_1_434' title='bbox 1110 1128 1223 1165; x_wconf 85' lang='lat' dir='ltr'>simile,</span> <span class='ocrx_word' id='word_1_435' title='bbox 1238 1128 1314 1167; x_wconf 85' lang='lat' dir='ltr'>quia</span> <span class='ocrx_word' id='word_1_436' title='bbox 1328 1136 1392 1157; x_wconf 92' lang='lat' dir='ltr'>non</span> <span class='ocrx_word' id='word_1_437' title='bbox 1407 1129 1493 1156; x_wconf 88' lang='lat' dir='ltr'>tanta</span> <span class='ocrx_word' id='word_1_438' title='bbox 1510 1126 1639 1156; x_wconf 84' lang='lat' dir='ltr'>libertas</span> <span class='ocrx_word' id='word_1_439' title='bbox 1653 1126 1696 1156; x_wconf 90' lang='lat' dir='ltr'>ibi</span> <span class='ocrx_word' id='word_1_440' title='bbox 1712 1125 1819 1164; x_wconf 88' lang='lat' dir='ltr'>requi-</span> 
     </span>
     <span class='ocr_line' id='line_1_72' title="bbox 1052 1178 1819 1220; baseline -0.004 -9"><span class='ocrx_word' id='word_1_441' title='bbox 1052 1181 1144 1219; x_wconf 89' lang='lat' dir='ltr'>ritur,</span> <span class='ocrx_word' id='word_1_442' title='bbox 1169 1183 1288 1220; x_wconf 84' lang='lat' dir='ltr'>quanta</span> <span class='ocrx_word' id='word_1_443' title='bbox 1306 1181 1338 1210; x_wconf 94' lang='lat' dir='ltr'>in</span> <span class='ocrx_word' id='word_1_444' title='bbox 1362 1179 1565 1210; x_wconf 87' lang='lat' dir='ltr'>matrimonio</span> <span class='ocrx_word' id='word_1_445' title='bbox 1582 1188 1592 1209; x_wconf 92' lang='lat'><em>:</em></span> <span class='ocrx_word' id='word_1_446' title='bbox 1618 1181 1719 1209; x_wconf 86' lang='lat' dir='ltr'>totum</span> <span class='ocrx_word' id='word_1_447' title='bbox 1734 1178 1819 1209; x_wconf 90' lang='lat' dir='ltr'>enim</span> 
     </span>
     <span class='ocr_line' id='line_1_73' title="bbox 1052 1233 1698 1264; baseline -0.005 0"><span class='ocrx_word' id='word_1_448' title='bbox 1052 1243 1118 1264; x_wconf 82' lang='lat' dir='ltr'>esse</span> <span class='ocrx_word' id='word_1_449' title='bbox 1132 1233 1324 1264; x_wconf 81' lang='lat' dir='ltr'>matrimonii</span> <span class='ocrx_word' id='word_1_450' title='bbox 1339 1242 1357 1263; x_wconf 87' lang='lat' dir='ltr'>a</span> <span class='ocrx_word' id='word_1_451' title='bbox 1372 1242 1528 1263; x_wconf 88' lang='lat' dir='ltr'>consensu</span> <span class='ocrx_word' id='word_1_452' title='bbox 1542 1234 1698 1262; x_wconf 84' lang='lat' dir='ltr'>causatur.</span> 
     </span>
    </p>

    <p class='ocr_par' dir='ltr' id='par_1_11' title="bbox 1053 1285 1822 1532">
     <span class='ocr_line' id='line_1_74' title="bbox 1094 1285 1822 1325; baseline -0.003 -9"><span class='ocrx_word' id='word_1_453' title='bbox 1094 1289 1121 1316; x_wconf 90' lang='grc'>3.</span> <span class='ocrx_word' id='word_1_454' title='bbox 1135 1286 1182 1316; x_wconf 88' lang='lat' dir='ltr'>Ad</span> <span class='ocrx_word' id='word_1_455' title='bbox 1196 1285 1273 1316; x_wconf 90' lang='lat' dir='ltr'>illud</span> <span class='ocrx_word' id='word_1_456' title='bbox 1284 1286 1369 1325; x_wconf 90' lang='lat' dir='ltr'>quod</span> <span class='ocrx_word' id='word_1_457' title='bbox 1380 1285 1538 1325; x_wconf 83' lang='lat' dir='ltr'>objicitur,</span> <span class='ocrx_word' id='word_1_458' title='bbox 1550 1285 1635 1324; x_wconf 87' lang='lat' dir='ltr'>quod</span> <span class='ocrx_word' id='word_1_459' title='bbox 1651 1293 1822 1314; x_wconf 88' lang='lat' dir='ltr'>consensus</span> 
     </span>
     <span class='ocr_line' id='line_1_75' title="bbox 1053 1337 1821 1378; baseline -0.004 -8"><span class='ocrx_word' id='word_1_460' title='bbox 1053 1340 1212 1370; x_wconf 84' lang='lat' dir='ltr'>inducitur</span> <span class='ocrx_word' id='word_1_461' title='bbox 1236 1348 1292 1378; x_wconf 91' lang='lat' dir='ltr'>per</span> <span class='ocrx_word' id='word_1_462' title='bbox 1320 1339 1488 1369; x_wconf 83' lang='lat' dir='ltr'>blanditias</span> <span class='ocrx_word' id='word_1_463' title='bbox 1498 1363 1505 1376; x_wconf 85' lang='lat'>,</span> <span class='ocrx_word' id='word_1_464' title='bbox 1536 1338 1704 1368; x_wconf 86' lang='lat' dir='ltr'>dicendum</span> <span class='ocrx_word' id='word_1_465' title='bbox 1736 1337 1821 1376; x_wconf 87' lang='lat' dir='ltr'>quod</span> 
     </span>
     <span class='ocr_line' id='line_1_76' title="bbox 1055 1391 1819 1422; baseline -0.004 0"><span class='ocrx_word' id='word_1_466' title='bbox 1055 1392 1213 1422; x_wconf 85' lang='lat' dir='ltr'>blanditiae</span> <span class='ocrx_word' id='word_1_467' title='bbox 1229 1400 1292 1421; x_wconf 90' lang='lat' dir='ltr'>non</span> <span class='ocrx_word' id='word_1_468' title='bbox 1307 1391 1350 1421; x_wconf 84' lang='lat' dir='ltr'>ita</span> <span class='ocrx_word' id='word_1_469' title='bbox 1364 1391 1535 1421; x_wconf 85' lang='lat' dir='ltr'>detrahunt</span> <span class='ocrx_word' id='word_1_470' title='bbox 1550 1391 1588 1421; x_wconf 93' lang='lat' dir='ltr'>de</span> <span class='ocrx_word' id='word_1_471' title='bbox 1607 1391 1730 1420; x_wconf 86' lang='lat' dir='ltr'>ratione</span> <span class='ocrx_word' id='word_1_472' title='bbox 1745 1399 1819 1420; x_wconf 92' lang='lat' dir='ltr'>con-</span> 
     </span>
     <span class='ocr_line' id='line_1_77' title="bbox 1054 1442 1821 1483; baseline -0.004 -8"><span class='ocrx_word' id='word_1_473' title='bbox 1054 1454 1175 1481; x_wconf 78' lang='lat' dir='ltr'>sensus,</span> <span class='ocrx_word' id='word_1_474' title='bbox 1190 1445 1270 1474; x_wconf 88' lang='lat' dir='ltr'>sicut</span> <span class='ocrx_word' id='word_1_475' title='bbox 1285 1444 1393 1481; x_wconf 79' lang='lat' dir='ltr'>minae,</span> <span class='ocrx_word' id='word_1_476' title='bbox 1410 1444 1484 1483; x_wconf 86' lang='lat' dir='ltr'>quia</span> <span class='ocrx_word' id='word_1_477' title='bbox 1500 1442 1660 1474; x_wconf 80' lang='lat' dir='ltr'>blanditiae</span> <span class='ocrx_word' id='word_1_478' title='bbox 1675 1442 1714 1473; x_wconf 87' lang='lat' dir='ltr'>ad</span> <span class='ocrx_word' id='word_1_479' title='bbox 1734 1451 1821 1472; x_wconf 88' lang='lat' dir='ltr'>amo-</span> 
     </span>
     <span class='ocr_line' id='line_1_78' title="bbox 1054 1497 1706 1532; baseline -0.005 -4"><span class='ocrx_word' id='word_1_480' title='bbox 1054 1507 1122 1528; x_wconf 89' lang='lat' dir='ltr'>rem</span> <span class='ocrx_word' id='word_1_481' title='bbox 1137 1497 1286 1532; x_wconf 74' lang='lat' dir='ltr'>excitant,</span> <span class='ocrx_word' id='word_1_482' title='bbox 1304 1497 1357 1527; x_wconf 84' lang='lat' dir='ltr'>sed</span> <span class='ocrx_word' id='word_1_483' title='bbox 1375 1497 1470 1526; x_wconf 82' lang='lat' dir='ltr'>minae</span> <span class='ocrx_word' id='word_1_484' title='bbox 1486 1497 1525 1526; x_wconf 86' lang='lat' dir='ltr'>ad</span> <span class='ocrx_word' id='word_1_485' title='bbox 1540 1499 1706 1526; x_wconf 87' lang='lat' dir='ltr'>terrorem.</span> 
     </span>
    </p>

    <p class='ocr_par' dir='ltr' id='par_1_12' title="bbox 1054 1549 1828 2535">
     <span class='ocr_line' id='line_1_79' title="bbox 1095 1549 1820 1590; baseline -0.003 -10"><span class='ocrx_word' id='word_1_486' title='bbox 1095 1554 1123 1580; x_wconf 76' lang='lat'>4.</span> <span class='ocrx_word' id='word_1_487' title='bbox 1140 1551 1187 1581; x_wconf 80' lang='lat' dir='ltr'>Ad</span> <span class='ocrx_word' id='word_1_488' title='bbox 1198 1550 1276 1581; x_wconf 87' lang='lat' dir='ltr'>illud</span> <span class='ocrx_word' id='word_1_489' title='bbox 1284 1550 1368 1590; x_wconf 88' lang='lat' dir='ltr'>quod</span> <span class='ocrx_word' id='word_1_490' title='bbox 1377 1550 1527 1589; x_wconf 87' lang='lat' dir='ltr'>objicitur</span> <span class='ocrx_word' id='word_1_491' title='bbox 1543 1549 1580 1579; x_wconf 87' lang='lat' dir='ltr'>de</span> <span class='ocrx_word' id='word_1_492' title='bbox 1591 1558 1639 1586; x_wconf 86' lang='lat' dir='ltr'>eo,</span> <span class='ocrx_word' id='word_1_493' title='bbox 1652 1549 1706 1588; x_wconf 89' lang='lat' dir='ltr'>qui</span> <span class='ocrx_word' id='word_1_494' title='bbox 1721 1550 1820 1587; x_wconf 82' lang='lat' dir='ltr'>negat</span> 
     </span>
     <span class='ocr_line' id='line_1_80' title="bbox 1054 1602 1824 1642; baseline -0.004 -7"><span class='ocrx_word' id='word_1_495' title='bbox 1054 1605 1214 1636; x_wconf 79' lang='lat' dir='ltr'>Christum</span> <span class='ocrx_word' id='word_1_496' title='bbox 1222 1605 1347 1641; x_wconf 79' lang='lat' dir='ltr'>timore,</span> <span class='ocrx_word' id='word_1_497' title='bbox 1359 1604 1527 1634; x_wconf 86' lang='lat' dir='ltr'>dicendum</span> <span class='ocrx_word' id='word_1_498' title='bbox 1541 1603 1626 1642; x_wconf 91' lang='lat' dir='ltr'>quod</span> <span class='ocrx_word' id='word_1_499' title='bbox 1641 1602 1762 1633; x_wconf 86' lang='lat' dir='ltr'>facilius</span> <span class='ocrx_word' id='word_1_500' title='bbox 1778 1604 1824 1632; x_wconf 88' lang='lat' dir='ltr'>est</span> 
     </span>
     <span class='ocr_line' id='line_1_81' title="bbox 1054 1655 1822 1698; baseline -0.005 -9"><span class='ocrx_word' id='word_1_501' title='bbox 1054 1667 1192 1698; x_wconf 82' lang='lat' dir='ltr'>peccare,</span> <span class='ocrx_word' id='word_1_502' title='bbox 1210 1667 1307 1697; x_wconf 89' lang='lat' dir='ltr'>quam</span> <span class='ocrx_word' id='word_1_503' title='bbox 1323 1657 1402 1687; x_wconf 89' lang='lat' dir='ltr'>bene</span> <span class='ocrx_word' id='word_1_504' title='bbox 1417 1657 1516 1687; x_wconf 83' lang='lat' dir='ltr'>facere</span> <span class='ocrx_word' id='word_1_505' title='bbox 1530 1665 1537 1686; x_wconf 92' lang='lat'>:</span> <span class='ocrx_word' id='word_1_506' title='bbox 1552 1656 1636 1686; x_wconf 87' lang='lat' dir='ltr'>unde</span> <span class='ocrx_word' id='word_1_507' title='bbox 1651 1655 1742 1695; x_wconf 90' lang='lat' dir='ltr'>plura</span> <span class='ocrx_word' id='word_1_508' title='bbox 1754 1656 1822 1686; x_wconf 79' lang='lat' dir='ltr'>exi-</span> 
     </span>
     <span class='ocr_line' id='line_1_82' title="bbox 1056 1708 1823 1749; baseline -0.005 -8"><span class='ocrx_word' id='word_1_509' title='bbox 1056 1713 1178 1749; x_wconf 81' lang='lat' dir='ltr'>guntur</span> <span class='ocrx_word' id='word_1_510' title='bbox 1201 1710 1240 1740; x_wconf 90' lang='lat' dir='ltr'>ad</span> <span class='ocrx_word' id='word_1_511' title='bbox 1255 1709 1503 1740; x_wconf 89' lang='lat' dir='ltr'>construendum</span> <span class='ocrx_word' id='word_1_512' title='bbox 1518 1710 1639 1740; x_wconf 91' lang='lat' dir='ltr'>bonum</span> <span class='ocrx_word' id='word_1_513' title='bbox 1648 1731 1654 1746; x_wconf 87' lang='lat'>,</span> <span class='ocrx_word' id='word_1_514' title='bbox 1674 1717 1772 1748; x_wconf 90' lang='lat' dir='ltr'>quam</span> <span class='ocrx_word' id='word_1_515' title='bbox 1786 1708 1823 1738; x_wconf 89' lang='lat' dir='ltr'>ad</span> 
     </span>
     <span class='ocr_line' id='line_1_83' title="bbox 1054 1761 1824 1799; baseline -0.004 -6"><span class='ocrx_word' id='word_1_516' title='bbox 1054 1763 1233 1793; x_wconf 83' lang='lat' dir='ltr'>faciendum</span> <span class='ocrx_word' id='word_1_517' title='bbox 1254 1762 1387 1792; x_wconf 89' lang='lat' dir='ltr'>malum.</span> <span class='ocrx_word' id='word_1_518' title='bbox 1415 1761 1572 1792; x_wconf 75' lang='lat' dir='ltr'>Praeterea</span> <span class='ocrx_word' id='word_1_519' title='bbox 1584 1785 1592 1799; x_wconf 90' lang='lat'>,</span> <span class='ocrx_word' id='word_1_520' title='bbox 1608 1761 1717 1791; x_wconf 90' lang='lat' dir='ltr'>nullus</span> <span class='ocrx_word' id='word_1_521' title='bbox 1731 1761 1824 1791; x_wconf 89' lang='lat' dir='ltr'>timor</span> 
     </span>
     <span class='ocr_line' id='line_1_84' title="bbox 1056 1813 1825 1855; baseline -0.004 -9"><span class='ocrx_word' id='word_1_522' title='bbox 1056 1817 1200 1855; x_wconf 81' lang='lat' dir='ltr'>respectu</span> <span class='ocrx_word' id='word_1_523' title='bbox 1215 1815 1332 1854; x_wconf 86' lang='lat' dir='ltr'>peccati</span> <span class='ocrx_word' id='word_1_524' title='bbox 1354 1814 1553 1854; x_wconf 84' lang='lat' dir='ltr'>perpetrandi</span> <span class='ocrx_word' id='word_1_525' title='bbox 1569 1815 1684 1853; x_wconf 88' lang='lat' dir='ltr'>potest,</span> <span class='ocrx_word' id='word_1_526' title='bbox 1701 1822 1758 1843; x_wconf 91' lang='lat' dir='ltr'>nec</span> <span class='ocrx_word' id='word_1_527' title='bbox 1771 1813 1825 1843; x_wconf 88' lang='lat' dir='ltr'>de-</span> 
     </span>
     <span class='ocr_line' id='line_1_85' title="bbox 1056 1867 1823 1906; baseline -0.005 -7"><span class='ocrx_word' id='word_1_528' title='bbox 1056 1869 1118 1906; x_wconf 90' lang='lat' dir='ltr'>bet,</span> <span class='ocrx_word' id='word_1_529' title='bbox 1134 1869 1244 1898; x_wconf 87' lang='lat' dir='ltr'>cadere</span> <span class='ocrx_word' id='word_1_530' title='bbox 1258 1868 1486 1898; x_wconf 85' lang='lat' dir='ltr'>rationabiliter</span> <span class='ocrx_word' id='word_1_531' title='bbox 1508 1868 1541 1897; x_wconf 92' lang='lat' dir='ltr'>in</span> <span class='ocrx_word' id='word_1_532' title='bbox 1555 1867 1663 1897; x_wconf 91' lang='lat' dir='ltr'>virum</span> <span class='ocrx_word' id='word_1_533' title='bbox 1677 1868 1823 1896; x_wconf 87' lang='lat' dir='ltr'>constan-</span> 
     </span>
     <span class='ocr_line' id='line_1_86' title="bbox 1056 1921 1825 1960; baseline -0.005 -8"><span class='ocrx_word' id='word_1_534' title='bbox 1056 1924 1136 1959; x_wconf 77' lang='lat' dir='ltr'>tem3</span> <span class='ocrx_word' id='word_1_535' title='bbox 1152 1925 1183 1952; x_wconf 80' lang='lat' dir='ltr'>at</span> <span class='ocrx_word' id='word_1_536' title='bbox 1200 1931 1276 1952; x_wconf 87' lang='lat' dir='ltr'>vero</span> <span class='ocrx_word' id='word_1_537' title='bbox 1294 1922 1333 1960; x_wconf 66' lang='grc' dir='ltr'>(α)</span> <span class='ocrx_word' id='word_1_538' title='bbox 1350 1921 1419 1951; x_wconf 85' lang='lat' dir='ltr'>talis</span> <span class='ocrx_word' id='word_1_539' title='bbox 1440 1921 1535 1951; x_wconf 87' lang='lat' dir='ltr'>timor</span> <span class='ocrx_word' id='word_1_540' title='bbox 1557 1922 1603 1950; x_wconf 91' lang='lat' dir='ltr'>est</span> <span class='ocrx_word' id='word_1_541' title='bbox 1620 1921 1743 1950; x_wconf 84' lang='lat' dir='ltr'>tantum</span> <span class='ocrx_word' id='word_1_542' title='bbox 1758 1928 1825 1949; x_wconf 93' lang='lat' dir='ltr'>res-</span> 
     </span>
     <span class='ocr_line' id='line_1_87' title="bbox 1057 1973 1823 2014; baseline -0.007 -9"><span class='ocrx_word' id='word_1_543' title='bbox 1057 1977 1148 2014; x_wconf 89' lang='lat' dir='ltr'>pectu</span> <span class='ocrx_word' id='word_1_544' title='bbox 1162 1975 1298 2014; x_wconf 86' lang='lat' dir='ltr'>alicujus</span> <span class='ocrx_word' id='word_1_545' title='bbox 1309 1974 1355 2004; x_wconf 83' lang='lat' dir='ltr'>rei</span> <span class='ocrx_word' id='word_1_546' title='bbox 1364 1973 1524 2010; x_wconf 82' lang='lat' dir='ltr'>faciendae,</span> <span class='ocrx_word' id='word_1_547' title='bbox 1539 1981 1612 2012; x_wconf 85' lang='lat' dir='ltr'>quae</span> <span class='ocrx_word' id='word_1_548' title='bbox 1622 1981 1686 2002; x_wconf 91' lang='lat' dir='ltr'>non</span> <span class='ocrx_word' id='word_1_549' title='bbox 1698 1973 1743 2001; x_wconf 90' lang='lat' dir='ltr'>est</span> <span class='ocrx_word' id='word_1_550' title='bbox 1754 1980 1823 2001; x_wconf 79' lang='lat' dir='ltr'>nos-</span> 
     </span>
     <span class='ocr_line' id='line_1_88' title="bbox 1056 2026 1824 2063; baseline -0.004 -6"><span class='ocrx_word' id='word_1_551' title='bbox 1056 2029 1114 2058; x_wconf 83' lang='lat' dir='ltr'>trae</span> <span class='ocrx_word' id='word_1_552' title='bbox 1133 2027 1225 2057; x_wconf 79' lang='lat' dir='ltr'>saluti</span> <span class='ocrx_word' id='word_1_553' title='bbox 1246 2027 1419 2063; x_wconf 81' lang='lat' dir='ltr'>contraria;</span> <span class='ocrx_word' id='word_1_554' title='bbox 1447 2026 1528 2056; x_wconf 90' lang='lat' dir='ltr'>sicut</span> <span class='ocrx_word' id='word_1_555' title='bbox 1543 2026 1593 2055; x_wconf 88' lang='lat' dir='ltr'>vir</span> <span class='ocrx_word' id='word_1_556' title='bbox 1614 2027 1760 2055; x_wconf 80' lang='lat' dir='ltr'>constans</span> <span class='ocrx_word' id='word_1_557' title='bbox 1775 2033 1824 2054; x_wconf 90' lang='lat' dir='ltr'>ra-</span> 
     </span>
     <span class='ocr_line' id='line_1_89' title="bbox 1057 2078 1824 2120; baseline -0.005 -9"><span class='ocrx_word' id='word_1_558' title='bbox 1057 2081 1249 2111; x_wconf 88' lang='lat' dir='ltr'>tionabiliter</span> <span class='ocrx_word' id='word_1_559' title='bbox 1268 2080 1356 2120; x_wconf 90' lang='lat' dir='ltr'>prius</span> <span class='ocrx_word' id='word_1_560' title='bbox 1377 2080 1505 2110; x_wconf 88' lang='lat' dir='ltr'>deberet</span> <span class='ocrx_word' id='word_1_561' title='bbox 1526 2079 1708 2118; x_wconf 89' lang='lat' dir='ltr'>permittere</span> <span class='ocrx_word' id='word_1_562' title='bbox 1727 2087 1760 2108; x_wconf 85' lang='lat' dir='ltr'>se</span> <span class='ocrx_word' id='word_1_563' title='bbox 1775 2078 1824 2108; x_wconf 91' lang='lat' dir='ltr'>in-</span> 
     </span>
     <span class='ocr_line' id='line_1_90' title="bbox 1057 2132 1826 2174; baseline -0.007 -9"><span class='ocrx_word' id='word_1_564' title='bbox 1057 2135 1167 2172; x_wconf 85' lang='lat' dir='ltr'>terfici,</span> <span class='ocrx_word' id='word_1_565' title='bbox 1192 2144 1289 2174; x_wconf 87' lang='lat' dir='ltr'>quam</span> <span class='ocrx_word' id='word_1_566' title='bbox 1319 2134 1415 2164; x_wconf 86' lang='lat' dir='ltr'>Deum</span> <span class='ocrx_word' id='word_1_567' title='bbox 1446 2142 1584 2172; x_wconf 79' lang='lat' dir='ltr'>negare3</span> <span class='ocrx_word' id='word_1_568' title='bbox 1612 2132 1665 2162; x_wconf 89' lang='lat' dir='ltr'>sed</span> <span class='ocrx_word' id='word_1_569' title='bbox 1687 2140 1751 2161; x_wconf 92' lang='lat' dir='ltr'>non</span> <span class='ocrx_word' id='word_1_570' title='bbox 1778 2140 1826 2160; x_wconf 90' lang='lat' dir='ltr'>ra-</span> 
     </span>
     <span class='ocr_line' id='line_1_91' title="bbox 1057 2184 1827 2225; baseline -0.005 -8"><span class='ocrx_word' id='word_1_571' title='bbox 1057 2187 1249 2217; x_wconf 87' lang='lat' dir='ltr'>tionabiliter</span> <span class='ocrx_word' id='word_1_572' title='bbox 1268 2189 1392 2225; x_wconf 81' lang='lat' dir='ltr'>ageret,</span> <span class='ocrx_word' id='word_1_573' title='bbox 1409 2188 1433 2216; x_wconf 92' lang='lat' dir='ltr'>si</span> <span class='ocrx_word' id='word_1_574' title='bbox 1457 2186 1627 2217; x_wconf 88' lang='lat' dir='ltr'>dimitteret</span> <span class='ocrx_word' id='word_1_575' title='bbox 1646 2194 1678 2215; x_wconf 88' lang='lat' dir='ltr'>se</span> <span class='ocrx_word' id='word_1_576' title='bbox 1694 2184 1827 2214; x_wconf 79' lang='lat' dir='ltr'>interfici</span> 
     </span>
     <span class='ocr_line' id='line_1_92' title="bbox 1058 2237 1828 2280; baseline -0.005 -10"><span class='ocrx_word' id='word_1_577' title='bbox 1058 2241 1172 2280; x_wconf 82' lang='lat' dir='ltr'>potius,</span> <span class='ocrx_word' id='word_1_578' title='bbox 1183 2249 1278 2279; x_wconf 86' lang='lat' dir='ltr'>quam</span> <span class='ocrx_word' id='word_1_579' title='bbox 1292 2240 1327 2278; x_wconf 84' lang='lat' dir='ltr'>(b)</span> <span class='ocrx_word' id='word_1_580' title='bbox 1339 2240 1371 2269; x_wconf 93' lang='lat' dir='ltr'>in</span> <span class='ocrx_word' id='word_1_581' title='bbox 1381 2239 1500 2279; x_wconf 84' lang='lat' dir='ltr'>aliquid</span> <span class='ocrx_word' id='word_1_582' title='bbox 1516 2238 1697 2269; x_wconf 76' lang='lat' dir='ltr'>indifferens</span> <span class='ocrx_word' id='word_1_583' title='bbox 1711 2237 1744 2276; x_wconf 80' lang='lat' dir='ltr'>(c)</span> <span class='ocrx_word' id='word_1_584' title='bbox 1758 2246 1828 2267; x_wconf 88' lang='lat' dir='ltr'>con-</span> 
     </span>
     <span class='ocr_line' id='line_1_93' title="bbox 1058 2290 1826 2327; baseline -0.005 -4"><span class='ocrx_word' id='word_1_585' title='bbox 1058 2294 1197 2324; x_wconf 88' lang='lat' dir='ltr'>sentiret.</span> <span class='ocrx_word' id='word_1_586' title='bbox 1210 2293 1446 2323; x_wconf 87' lang='lat' dir='ltr'>Matrimonium</span> <span class='ocrx_word' id='word_1_587' title='bbox 1461 2294 1566 2322; x_wconf 81' lang='lat' dir='ltr'>antem</span> <span class='ocrx_word' id='word_1_588' title='bbox 1578 2300 1642 2321; x_wconf 91' lang='lat' dir='ltr'>non</span> <span class='ocrx_word' id='word_1_589' title='bbox 1657 2293 1703 2320; x_wconf 88' lang='lat' dir='ltr'>est</span> <span class='ocrx_word' id='word_1_590' title='bbox 1713 2290 1750 2320; x_wconf 91' lang='lat' dir='ltr'>de</span> <span class='ocrx_word' id='word_1_591' title='bbox 1764 2290 1826 2327; x_wconf 91' lang='lat' dir='ltr'>his,</span> 
     </span>
     <span class='ocr_line' id='line_1_94' title="bbox 1058 2342 1827 2385; baseline -0.005 -9"><span class='ocrx_word' id='word_1_592' title='bbox 1058 2355 1129 2385; x_wconf 79' lang='lat' dir='ltr'>quae</span> <span class='ocrx_word' id='word_1_593' title='bbox 1144 2348 1217 2375; x_wconf 88' lang='lat' dir='ltr'>sunt</span> <span class='ocrx_word' id='word_1_594' title='bbox 1236 2345 1328 2376; x_wconf 86' lang='lat' dir='ltr'>saluti</span> <span class='ocrx_word' id='word_1_595' title='bbox 1350 2345 1525 2382; x_wconf 87' lang='lat' dir='ltr'>contraria,</span> <span class='ocrx_word' id='word_1_596' title='bbox 1544 2344 1594 2374; x_wconf 89' lang='lat' dir='ltr'>vel</span> <span class='ocrx_word' id='word_1_597' title='bbox 1609 2345 1717 2374; x_wconf 89' lang='lat' dir='ltr'>contra</span> <span class='ocrx_word' id='word_1_598' title='bbox 1741 2342 1827 2372; x_wconf 83' lang='lat' dir='ltr'>salu-</span> 
     </span>
     <span class='ocr_line' id='line_1_95' title="bbox 1059 2394 1828 2438; baseline -0.007 -9"><span class='ocrx_word' id='word_1_599' title='bbox 1059 2402 1121 2429; x_wconf 86' lang='lat' dir='ltr'>tem</span> <span class='ocrx_word' id='word_1_600' title='bbox 1139 2408 1146 2428; x_wconf 89' lang='lat'>:</span> <span class='ocrx_word' id='word_1_601' title='bbox 1167 2400 1197 2428; x_wconf 90' lang='lat' dir='ltr'>et</span> <span class='ocrx_word' id='word_1_602' title='bbox 1212 2398 1255 2428; x_wconf 87' lang='lat' dir='ltr'>sic</span> <span class='ocrx_word' id='word_1_603' title='bbox 1278 2400 1362 2438; x_wconf 89' lang='lat' dir='ltr'>patet</span> <span class='ocrx_word' id='word_1_604' title='bbox 1381 2407 1443 2438; x_wconf 85' lang='lat' dir='ltr'>quo</span> <span class='ocrx_word' id='word_1_605' title='bbox 1466 2397 1559 2427; x_wconf 90' lang='lat' dir='ltr'>modo</span> <span class='ocrx_word' id='word_1_606' title='bbox 1578 2396 1768 2435; x_wconf 82' lang='lat' dir='ltr'>intelligitur</span> <span class='ocrx_word' id='word_1_607' title='bbox 1791 2394 1828 2424; x_wconf 91' lang='lat' dir='ltr'>de</span> 
     </span>
     <span class='ocr_line' id='line_1_96' title="bbox 1059 2447 1827 2490; baseline -0.007 -9"><span class='ocrx_word' id='word_1_608' title='bbox 1059 2453 1157 2487; x_wconf 88' lang='lat' dir='ltr'>metu,</span> <span class='ocrx_word' id='word_1_609' title='bbox 1174 2451 1228 2490; x_wconf 89' lang='lat' dir='ltr'>qui</span> <span class='ocrx_word' id='word_1_610' title='bbox 1250 2453 1351 2490; x_wconf 86' lang='lat' dir='ltr'>potest</span> <span class='ocrx_word' id='word_1_611' title='bbox 1374 2451 1483 2481; x_wconf 86' lang='lat' dir='ltr'>cadere</span> <span class='ocrx_word' id='word_1_612' title='bbox 1508 2450 1539 2480; x_wconf 93' lang='lat' dir='ltr'>in</span> <span class='ocrx_word' id='word_1_613' title='bbox 1562 2450 1757 2480; x_wconf 81' lang='lat' dir='ltr'>constantem</span> <span class='ocrx_word' id='word_1_614' title='bbox 1780 2447 1827 2478; x_wconf 85' lang='lat' dir='ltr'>vl-</span> 
     </span>
     <span class='ocr_line' id='line_1_97' title="bbox 1060 2513 1144 2535; baseline 0.012 -1"><span class='ocrx_word' id='word_1_615' title='bbox 1060 2513 1144 2535; x_wconf 88' lang='lat' dir='ltr'>rum.</span> 
     </span>
    </p>
   </div>
   <div class='ocr_carea' id='block_1_9' title="bbox 1063 2565 1827 2631">
    <p class='ocr_par' dir='ltr' id='par_1_13' title="bbox 1063 2565 1827 2631">
     <span class='ocr_line' id='line_1_98' title="bbox 1091 2565 1827 2595; baseline -0.004 -6"><span class='ocrx_word' id='word_1_616' title='bbox 1091 2566 1126 2595; x_wconf 80' lang='lat' dir='ltr'>(a)</span> <span class='ocrx_word' id='word_1_617' title='bbox 1151 2566 1211 2589; x_wconf 79' lang='lat' dir='ltr'>coet.</span> <span class='ocrx_word' id='word_1_618' title='bbox 1234 2566 1293 2589; x_wconf 71' lang='lat' dir='ltr'>edit.</span> <span class='ocrx_word' id='word_1_619' title='bbox 1316 2567 1387 2589; x_wconf 80' lang='lat' dir='ltr'>Nam.</span> <span class='ocrx_word' id='word_1_620' title='bbox 1412 2579 1440 2582; x_wconf 87' lang='lat'>—-</span> <span class='ocrx_word' id='word_1_621' title='bbox 1464 2565 1494 2594; x_wconf 82' lang='lat' dir='ltr'>(h)</span> <span class='ocrx_word' id='word_1_622' title='bbox 1511 2565 1615 2589; x_wconf 75' lang='lat' dir='ltr'>interfici</span> <span class='ocrx_word' id='word_1_623' title='bbox 1635 2566 1780 2594; x_wconf 79' lang='lat' dir='ltr'>antequam.</span> <span class='ocrx_word' id='word_1_624' title='bbox 1798 2575 1827 2581; x_wconf 87' lang='lat'>-·</span> 
     </span>
     <span class='ocr_line' id='line_1_99' title="bbox 1063 2600 1239 2631; baseline 0 -7"><span class='ocrx_word' id='word_1_625' title='bbox 1063 2601 1091 2631; x_wconf 85' lang='lat' dir='ltr'>(c)</span> <span class='ocrx_word' id='word_1_626' title='bbox 1110 2600 1239 2624; x_wconf 80' lang='lat' dir='ltr'>differens.</span> 
     </span>
    </p>
   </div>
  </div>
 </body>
</html>
