1991 3006
681 209 864 240 DISTINCT.
889 208 994 239 XVIII.
1019 208 1119 239 PARS
1143 209 1179 239 II.
1689 211 1726 239 19

143 288 318 311 conversus
332 277 506 322 poeniteat,
526 282 561 309 nt
576 276 621 309 sic
636 276 770 320 spiritus
785 275 852 319 ejus
867 276 976 308 salvus
993 276 1036 308 sz't
1048 280 1068 307 ¹.
1088 275 1182 314 Quod
1198 276 1223 307 si
1239 276 1463 319 poenitentiam
1477 274 1634 320 profitens
1647 274 1725 307 resi-

142 335 261 378 puerit,
279 338 405 377 negatae
419 333 645 367 communioni
660 333 857 372 admittitur,
874 336 905 365 et
920 333 1069 366 Ecclesiae
1085 332 1324 365 reconciliatur.
1342 334 1416 366 Haec
1431 337 1478 366 est
1492 336 1601 366 autem
1617 331 1726 365 Eccle-

141 391 196 424 siae
217 391 522 432 anathematizatio;
544 391 627 424 hanc
650 402 780 435 poenam
804 390 868 422 illis
883 416 890 431 ,
908 390 965 434 qui
980 390 1078 432 digne
1103 390 1346 433 percelluntur,
1364 391 1504 433 infligit,
1521 390 1600 434 quia
1621 389 1726 432 gratia

141 449 199 481 Dei
215 453 246 481 et
260 448 416 492 protectio
432 448 498 481 illis
513 448 656 492 amplius
670 447 895 489 subtrahitur,
913 459 949 480 ac
963 447 1024 480 sibi
1040 447 1117 490 ipsis
1133 447 1367 491 relinquuntur
1384 460 1389 480 z
1410 453 1446 480 ut
1460 448 1500 480 sit
1520 448 1565 480 eis
1583 447 1725 479 liberum

142 516 236 538 ruere
250 505 285 537 in
300 505 469 538 interitum
486 506 605 549 peccati
623 531 631 547 ,
648 505 682 537 in
705 515 786 548 quos
811 504 907 537 etiam
930 504 1034 548 major
1054 504 1184 537 diabolo
1200 505 1352 537 saeviendi
1367 505 1463 537 datur
1480 508 1630 549 potestas.
1648 503 1728 536 Ora-

143 564 245 595 tiones
265 574 397 607 quoque
424 563 573 596 Ecclesiae
596 566 626 595 et
655 562 918 595 benedictionum
931 588 939 601 ‚
965 573 1000 595 ac
1026 563 1217 594 meritorum
1247 562 1403 605 suffragia
1416 588 1423 601 ,
1449 562 1493 595 eis
1517 572 1727 606 nequaquam

142 620 315 663 suffragari
331 624 499 664 putantur.

187 677 375 710 Secundum
390 677 448 710 hos
463 677 588 720 ligandi
601 682 631 710 et
646 677 793 711 solvendi
810 677 921 710 modos
935 702 943 718 ,
960 677 1125 721 quomodo
1139 687 1255 709 verum
1269 681 1316 709 est
1331 676 1419 720 quod
1434 676 1553 709 dieitur
1566 681 1576 696 ²
1594 688 1601 708 ε
1621 675 1731 716 Quod·
1744 692 1853 716 Quomodo

143 746 279 779 cumque
299 735 459 768 solveritis
481 746 576 780 super
601 742 744 775 terram,
772 735 833 767 erit
858 735 999 769 solutum
1024 741 1054 767 et
1078 735 1114 767 in
1136 735 1237 774 coells,
1257 741 1286 767 et
1312 734 1536 779 quodcumque
1549 734 1730 778 liqaveritis
1745 729 1850 774 dffissmssgs

142 803 237 836 super
252 799 386 832 terram,
405 793 466 825 erit
481 793 621 837 liqatzmz
638 793 718 825 etin
735 793 835 833 coelis,
851 795 931 825 eto?
947 791 1136 836 Aliquando
1152 792 1240 824 enim
1256 792 1432 825 ostendunt
1446 792 1569 824 solutos
1584 791 1635 823 vel
1650 791 1732 834 liga-
1745 786 1852 806 ”¹⁰d⁰⁵³¹¹'

1746 816 1843 843 {elligen-

143 853 208 891 tos,
226 850 284 894 qui
299 851 344 882 ita
359 861 424 883 non
445 854 522 883 sunt
536 851 622 894 apud
637 850 742 882 Deum
753 876 761 891 ‚
778 853 810 882 et
823 861 918 894 poena
939 849 1163 881 satisfactionis
1178 875 1185 890 ,
1203 849 1255 881 vel
1271 848 1617 881 excommunicationis
1632 849 1732 881 inter·
1756 848 1843 899 ‘ffiffiissfi

145 907 224 939 dum
240 907 392 950 indignos
405 907 509 950 ligant
525 907 577 940 vel
592 907 740 948 solvunt,
759 910 789 939 et
803 907 957 949 indignos
982 906 1191 938 sacramentis
1212 906 1390 939 admittunt
1404 932 1411 947 ,
1428 910 1460 938 et
1473 906 1590 948 dignos
1604 905 1732 938 admitti
1747 910 1837 966 (3¹:133

145 968 265 997 arcent.
290 964 354 997 Sed
378 964 628 1007 intelligendum
654 969 702 996 est
724 964 784 996 hoc
809 965 843 996 in
865 964 952 1005 illis,
969 975 1111 1008 quorum
1132 963 1247 996 merita
1266 963 1349 996 solvi
1368 963 1419 996 vel
1442 963 1538 1006 ligari
1553 963 1729 1007 postulant.
1757 974 1842 1010 stiven-

144 1021 236 1053 Tunc
251 1022 337 1054 enim
354 1022 513 1054 sententia
527 1021 700 1054 sacerdotis
720 1021 843 1065 judicio
863 1021 921 1054 Dei
943 1025 974 1054 et
995 1021 1094 1054 totius
1115 1021 1253 1053 coelestis
1277 1021 1375 1053 euriae
1401 1021 1599 1064 approbatur
1613 1024 1644 1053 et
1658 1031 1734 1053 con·
1755 1009 1841 1032 ΨΜ

145 1078 315 1120 firmatur,
334 1090 408 1111 cuin
429 1079 475 1111 ita
497 1089 536 1111 ex
561 1079 753 1111 discretione
775 1079 940 1123 procedit,
958 1083 995 1110 ut
1023 1089 1154 1111 reorum
1170 1078 1285 1110 merita
1300 1089 1365 1110 non
1381 1077 1613 1110 contradicant.
1632 1077 1736 1117 Quos·

143 1147 285 1180 cumque
309 1147 386 1179 ergo
413 1137 544 1169 solvunt
564 1137 615 1169 vel
639 1136 763 1179 ligant,
781 1136 971 1168 adhibentes
995 1136 1118 1168 clavem
1143 1135 1346 1168 discretionis
1361 1146 1493 1167 reorum
1510 1135 1654 1175 meritis,
1672 1135 1736 1168 sol-

146 1197 269 1226 vuntur
283 1193 334 1226 vel
351 1194 497 1235 ligantur
511 1193 544 1225 in
560 1193 650 1226 coelis
663 1219 670 1233 ,
687 1193 718 1225 id
736 1197 803 1234 est,
820 1193 907 1237 apud
932 1193 1036 1226 Deum
1053 1206 1060 1234 3
1077 1193 1157 1237 quia
1179 1193 1293 1226 divino
1316 1192 1441 1236 judicio
1469 1193 1642 1225 sacerdotis
1664 1204 1736 1226 sen-

146 1251 244 1283 tentia
258 1251 302 1283 sic
316 1262 485 1295 progressa
499 1251 698 1294 approbatur
721 1256 750 1283 et
766 1250 991 1283 confirmatur.
1010 1251 1098 1290 Quos
1122 1262 1199 1292 ergo
1227 1250 1407 1283 seeundum
1439 1250 1554 1283 merita
1576 1250 1736 1283 sententia

145 1308 293 1341 Ecclesiae
304 1308 450 1352 percellit
463 1333 470 1349 ,
483 1308 592 1349 laedit;
609 1313 640 1340 et
655 1308 704 1339 illi
722 1308 800 1340 foris
815 1312 891 1340 sunt
905 1308 993 1351 apud
1005 1308 1121 1340 Deum.
1136 1307 1200 1346 Qui
1216 1312 1325 1340 autem
1340 1319 1407 1340 non
1423 1308 1563 1350 meruit,
1576 1308 1736 1340 sententia

146 1365 294 1398 Ecclesiae
310 1377 375 1398 non
389 1365 535 1406 laeditur,
553 1365 614 1397 nisi
629 1369 826 1397 contemnat.
847 1365 938 1398 Unde
953 1364 1108 1408 Origenes
1123 1366 1132 1381 ³
1149 1377 1155 1396 :
1173 1378 1189 1395 a
1204 1364 1292 1397 Exiit
1307 1365 1380 1408 quis
1395 1376 1414 1397 a
1426 1365 1574 1406 veritate,
1591 1376 1610 1397 a
1624 1364 1700 1406 tide,
1717 1376 1736 1397 a

144 1423 317 1463 charitate,
340 1427 369 1456 et
395 1434 451 1466 per
476 1423 536 1455 hoc
561 1422 639 1454 exiit
660 1422 698 1454 de
718 1423 831 1454 castris
860 1422 1008 1455 Ecclesiae
1023 1448 1031 1464 ,
1058 1422 1184 1454 etiamsi
1200 1422 1340 1465 episcopi
1356 1433 1432 1454 voce
1457 1433 1524 1454 non
1539 1422 1711 1465 abjiciatur
1723 1435 1731 1463 ;

144 1480 226 1512 sient
239 1484 351 1512 contra
366 1480 485 1524 aliquis
499 1491 564 1512 non
581 1483 666 1512 recto
677 1479 802 1523 judicio
821 1480 907 1511 foras
921 1479 1063 1511 mittitur
1078 1493 1085 1519 ;
1103 1479 1157 1511 scd
1173 1479 1199 1511 si
1218 1490 1284 1511 non
1300 1479 1365 1521 egit
1378 1483 1414 1511 ut
1437 1483 1616 1511 mereretur
1631 1479 1732 1520 exire,

145 1536 229 1569 nihil
243 1537 382 1569 laeditur.
400 1537 568 1569 Interdum
584 1537 671 1569 enim
694 1537 752 1580 qui
773 1537 862 1569 foras
885 1536 1040 1577 mittitur,
1058 1537 1147 1569 intus
1161 1540 1206 1568 cst
1221 1549 1228 1577 ;
1246 1540 1276 1568 et
1291 1536 1349 1580 qui
1363 1536 1442 1569 foris
1456 1540 1523 1578 est,
1540 1536 1629 1569 intus
1645 1537 1734 1569 vide-

146 1597 200 1626 tur
225 1594 368 1626 retineri.
386 1606 401 1624 »
421 1594 498 1626 Ecce
523 1594 629 1638 qualis
653 1598 684 1626 et
709 1598 854 1637 quantus
876 1598 923 1626 est
944 1605 1022 1626 usus
1043 1593 1293 1637 apostolicarum
1309 1593 1464 1626 clavium.
1481 1593 1554 1626 Jam
1570 1598 1734 1626 ostensum

146 1654 193 1683 est
207 1662 246 1683 ex
259 1655 348 1694 parte
362 1677 369 1691 ‚
387 1651 527 1694 qualiter
542 1651 720 1683 sacerdotes
736 1651 905 1683 dimittant
920 1655 1047 1695 peccata
1064 1677 1071 1691 ‚
1090 1651 1140 1683 vel
1156 1651 1333 1691 retineant,
1352 1656 1382 1683 et
1399 1656 1506 1683 tamen
1522 1651 1659 1684 retinuit
1673 1651 1734 1684 sibi

147 1707 235 1740 Deus
258 1708 435 1752 quamdam
451 1708 651 1751 singularem
667 1712 855 1752 potestatem
876 1708 1061 1740 dimittendi
1079 1708 1128 1740 vel
1143 1707 1326 1749 retinendi3
1344 1708 1422 1752 quia
1437 1708 1504 1752 ipse
1519 1708 1608 1741 solus
1632 1720 1689 1752 per
1702 1719 1735 1742 se

147 1764 293 1798 debitum
310 1769 439 1799 aeternae
455 1766 567 1798 mortis
582 1766 679 1799 solvit
694 1792 701 1806 ‚
722 1770 753 1798 et
766 1766 909 1798 animam
927 1765 1065 1798 interius
1087 1769 1217 1809 purgat.

190 1823 251 1855 Hic
266 1824 425 1867 quaeritur
439 1834 511 1868 quae
525 1823 566 1856 sit
582 1824 639 1856 illa
655 1824 802 1865 macula,
820 1828 851 1856 et
865 1834 940 1868 quae
955 1823 1019 1855 sint
1035 1823 1098 1856 illae
1114 1823 1255 1856 tenebrae
1271 1824 1441 1856 interiores
1454 1850 1461 1864 ,
1479 1836 1497 1856 a
1512 1824 1634 1868 quibus
1648 1823 1735 1856 Deus
1749 1847 1800 1871 Quae
1813 1850 1855 1869 Sim

147 1880 284 1913 interius
306 1881 450 1913 animam
473 1885 614 1925 purgat,
639 1893 714 1913 cum
739 1892 849 1913 veram
872 1881 1096 1924 poenitentiam
1118 1880 1275 1912 immittit.
1302 1881 1348 1913 De
1370 1881 1513 1914 tenebris
1534 1885 1565 1914 et
1586 1880 1735 1913 interiori
1763 1879 1848 1901 ΨΜ)-

1750 1915 1784 1929 res
1795 1913 1853 1932 tene.

148 1938 287 1980 caligine
303 1938 379 1970 satis
394 1937 487 1970 facile
510 1942 557 1970 est
571 1942 602 1970 et
621 1938 802 1981 intelligere
814 1964 822 1979 ,
839 1942 870 1970 et
893 1938 1097 1981 respondere.
1115 1937 1197 1970 Cum
1223 1937 1309 1969 enim
1330 1938 1403 1981 quis
1429 1938 1609 1970 mortaliter
1631 1938 1736 1970 delin-
1750 1939 1806 1965 bfffl·
1835 1945 1855 1963 et

148 1994 238 2038 quit,
255 1999 286 2027 et
299 1995 403 2038 gratia
419 1995 549 2028 virtutis
573 1995 740 2039 privatur,
757 1996 784 2027 si
808 2007 874 2039 qua
899 1995 1059 2039 praecessit
1072 2020 1080 2036 ‚
1096 1998 1127 2027 et
1151 1995 1354 2027 naturalium
1379 1994 1542 2027 bonorum
1566 1995 1735 2028 elisionem
1751 1974 1844 2025 ᾸιὲῑοευῗξῘ

149 2052 282 2095 patitur.
308 2052 402 2085 Unde
426 2057 457 2085 et
481 2053 665 2085 intellectus
689 2053 903 2093 obtunditur,
921 2057 952 2085 et
975 2056 1061 2085 totus
1081 2052 1180 2084 homo
1206 2051 1341 2084 interior
1365 2052 1599 2085 obtenebratur
1617 2065 1623 2084 :
1641 2057 1672 2085 et
1692 2053 1737 2085 ita

148 2109 243 2153 quasi
257 2110 395 2153 caligine
410 2110 555 2154 quadam
571 2122 661 2143 mens
677 2110 883 2151 obvolvitur,
899 2121 973 2154 quae
997 2110 1101 2152 caligo
1118 2109 1237 2152 peccati
1261 2120 1358 2153 poena
1372 2114 1429 2142 est.
1446 2109 1540 2142 Hanc
1557 2121 1634 2143 vero
1650 2110 1736 2143 Deus

148 2166 261 2209 pellit,
278 2178 353 2200 cum
369 2168 593 2211 paenitentiam
610 2167 758 2200 immittit
772 2194 779 2208 ‚
796 2179 852 2211 per
872 2179 970 2211 quam
993 2166 1118 2211 perdita
1133 2167 1220 2199 bona
1242 2167 1404 2207 restituit,
1422 2171 1453 2200 et
1466 2167 1580 2200 vitiata
1594 2172 1732 2211 reparat.

150 2223 242 2257 Unde
255 2224 419 2269 Propheta
436 2224 445 2239 ⁴
464 2237 470 2256 :
488 2225 652 2259 Nebulam
677 2225 760 2257 sicut
786 2225 926 2257 cinerem
951 2224 1089 2268 sparqz‘t.
1110 2223 1173 2256 Sed
1189 2235 1261 2267 quae
1277 2228 1324 2256 est
1338 2224 1466 2257 macula
1480 2225 1620 2268 peccati,
1638 2237 1657 2258 a
1672 2236 1737 2269 qua

150 2282 293 2314 animam
321 2282 434 2315 lavat‘?
460 2282 538 2314 Ecce
563 2283 650 2314 enim
674 2282 748 2326 quis
770 2282 876 2315 voluit
900 2282 1003 2315 facere
1027 2280 1263 2322 homicidium,
1290 2285 1320 2313 et
1340 2281 1504 2325 patravit,
1521 2293 1587 2327 quo
1612 2286 1737 2326 patrato

150 2339 268 2371 desinit
283 2343 347 2372 tam
362 2339 447 2372 velle
463 2351 561 2383 quam
578 2340 680 2372 facere
695 2352 702 2381 3
719 2340 866 2372 nondum
880 2343 988 2372 tamen
1002 2350 1076 2372 vere
1092 2343 1123 2371 et
1139 2338 1309 2371 humiliter
1323 2339 1497 2383 poenitere,
1516 2350 1575 2372 nec
1589 2340 1736 2372 confiteri

152 2396 313 2440 proponit.
331 2396 411 2435 Quae
427 2407 505 2439 ergo
520 2397 676 2429 remansit
700 2397 734 2429 in
757 2397 867 2429 anima
892 2396 982 2429 illius
1005 2396 1156 2428 macula?
1173 2395 1259 2428 Mala
1273 2396 1426 2429 voluntas
1442 2397 1574 2441 quidem
1591 2397 1654 2430 fuit
1670 2408 1737 2430 ma-

151 2454 224 2486 cula
238 2454 329 2487 illius
342 2453 459 2487 animae
474 2467 481 2495 ;
499 2454 553 2486 sed
568 2454 625 2486 illa
641 2454 780 2487 transiit.
798 2454 927 2487 Macula
949 2453 1045 2486 etiam
1062 2457 1130 2494 est,
1148 2453 1174 2485 si
1198 2453 1353 2496 poenitere
1375 2454 1554 2487 contemnit
1573 2466 1579 2486 :
1602 2454 1657 2487 sed
1678 2454 1737 2486 hoc

152 2515 198 2543 est
212 2515 378 2555 peccatum
394 2511 483 2544 aliud
499 2523 517 2544 a
530 2511 737 2555 praecedenti.
755 2512 836 2550 Quae
861 2522 937 2554 ergo
960 2510 1089 2543 macula
1110 2510 1266 2542 remansit
1280 2536 1288 2552 ‚
1305 2522 1323 2543 a
1337 2522 1402 2555 qua
1414 2512 1482 2555 ipse
1497 2512 1531 2544 in
1546 2511 1735 2556 poenitentia

153 2572 331 2612 purgatur?
350 2569 482 2603 Polluta
498 2573 544 2602 est
559 2569 693 2613 quidem
711 2569 820 2602 anima
834 2595 842 2611 ‚
859 2579 1031 2613 quousque
1056 2568 1230 2612 poeniteat,
1247 2568 1329 2601 sieut
1351 2572 1419 2601 erat
1442 2569 1522 2601 dum
1538 2569 1572 2601 in
1587 2580 1624 2602 ea
1638 2579 1738 2612 prava

188 2669 190 2679 ¹
209 2668 214 2690 Ι
231 2668 299 2693 Cor„
314 2674 337 2697 v,
353 2670 373 2692 33.
390 2681 418 2685 —
429 2668 438 2683 2
450 2668 550 2698 Mntth„
567 2674 618 2693 xvi.
633 2670 668 2691 19.
681 2680 710 2684 -
723 2668 731 2681 ³
744 2668 823 2697 Orig„
837 2674 910 2697 super
927 2667 1014 2695 Levil„
1030 2667 1099 2690 hom.
1117 2672 1170 2695 xw,
1187 2666 1210 2688 in
1226 2667 1334 2689 med.——
1348 2667 1358 2682 δ
1372 2670 1522 2695 Ps.chv1i‚
1540 2668 1574 2690 16.
