1991 3006
211 239 269 269 468

248 306 278 334 2.
298 302 375 332 Item
394 295 549 329 memoria
569 293 802 334 praeteritorum
823 292 979 321 bonorum

208 357 340 396 generat
355 351 604 386 oblectationem,
622 347 777 378 malorum
792 346 955 375 horrorem
971 355 976 374 :

207 418 286 448 ergo
301 409 326 439 si
341 408 375 437 in
390 405 481 436 malis
496 412 559 434 non
576 402 635 432 erit
649 399 827 436 delectatio,
845 407 908 428 non
924 398 975 427 de-

206 463 280 492 bent
301 458 456 491 recordari
477 458 635 487 bonorum
660 454 827 488 sactorum,
852 452 883 480 et
901 450 927 479 si
946 450 977 479 in

204 514 296 545 honis
317 512 424 543 nullus
444 511 569 545 horror,
593 516 657 538 non
684 506 797 536 debent
821 502 978 534 recordari

205 567 374 598 malorum.

245 624 273 651 3.
294 620 371 650 ltem
391 618 444 648 illa
465 616 531 647 sola
550 615 701 653 legentur
722 613 754 642 in
776 610 881 646 libriS,
905 617 978 648 quae

203 676 279 705 sunt
294 673 410 711 scripta
426 681 432 700 ι
450 670 501 700 sed
518 667 602 698 mala
617 668 775 697 bonorum
790 664 891 693 deleta
904 664 979 691 sunt

203 727 241 757 de
259 734 372 756 eorum
392 723 500 753 anima
520 730 574 761 per
597 719 751 759 gratiam·,
775 718 857 747 bona
878 715 978 745 malo-

202 789 275 811 rum
287 779 388 810 deleta
398 778 472 807 sunt
482 776 519 807 de
528 784 639 805 eorum
649 773 754 803 anima
766 780 820 810 prr
830 769 955 808 culpam
967 779 973 797 ι

203 842 283 873 ergo
304 842 368 863 non
389 832 538 869 legentur
560 829 594 858 in
616 826 706 857 libris
731 834 789 855 nec:
811 824 896 861 haec,
921 830 977 852 nec

202 887 265 918 illa.

476 950 700 984 CONCLUSIO.

201 1038 359 1065 Meritorum
386 1035 501 1062 omnium
530 1033 580 1058 erit
610 1030 701 1060 lectio,
737 1029 815 1061 atque
849 1025 976 1052 memoria

236 1083 265 1108 in
298 1079 458 1106 couscientia
486 1078 599 1105 nostra,
636 1075 665 1100 iu
699 1072 741 1098 die
775 1071 976 1097 resurrecttonis

236 1127 340 1152 uostroe.

240 1204 333 1242 Resp.
361 1201 399 1232 ad
424 1210 495 1240 arg.
526 1198 695 1229 Dicendum
720 1195 802 1235 quod
829 1193 974 1224 omnium

200 1257 386 1288 meritorum
402 1254 461 1284 erit
476 1253 518 1283 ibi
534 1252 636 1288 lectio,
654 1252 683 1280 et
698 1248 850 1279 memoria
865 1256 871 1277 :
887 1247 973 1286 quia⁷

199 1310 280 1340 sieut
305 1309 379 1339 dicit
404 1305 571 1346 Apostolus
589 1305 613 1341 ¹,
645 1305 738 1333 erunt
767 1300 975 1339 cogitationes

200 1365 398 1399 accusantes,
423 1363 451 1391 et
475 1357 692 1397 defendentes:
722 1357 752 1385 et
775 1355 817 1384 ita
840 1354 922 1383 bona
946 1355 977 1382 et

200 1417 284 1447 mala
303 1416 344 1446 ibi
366 1414 533 1454 patebunt,
557 1413 587 1441 rt
603 1419 658 1451 prr
672 1416 867 1447 consequens
882 1406 974 1436 affec-

199 1471 300 1501 tiones
324 1472 354 1500 et
377 1466 584 1507 operationes.
611 1463 724 1493 <nimia
747 1463 855 1491 autem
881 1459 974 1490 redu-

199 1526 311 1555 centur
325 1523 364 1553 ad
375 1520 574 1556 memoriam,
590 1517 664 1558 quia
674 1515 833 1546 revocatio
844 1516 973 1543 actuum

199 1581 230 1609 et
238 1576 468 1616 cogitationum
478 1570 725 1612 praecedentium
737 1568 775 1598 ad
787 1567 973 1597 memoriam

199 1631 259 1662 erit
279 1630 317 1660 ad
338 1627 549 1659 ostensionem
566 1623 701 1663 justitiae
724 1621 840 1651 divinae
861 1629 973 1650 secun-

199 1685 276 1715 dum
289 1686 403 1713 statum
415 1680 518 1716 illum,
527 1680 558 1708 et
568 1675 790 1707 misericordiae.
799 1673 973 1703 secundum

200 1740 317 1768 statum
328 1733 537 1775 praeteritum,
548 1731 614 1760 sive
622 1730 831 1759 transactum.
844 1727 975 1765 Propter

199 1790 410 1822 ostensionem
422 1785 555 1826 justitiae
570 1784 687 1814 divinae
707 1782 739 1811 in
758 1780 972 1816 retribuendo,

200 1841 497 1874 rememorabuntur
509 1838 591 1868 bona
602 1839 631 1866 et
644 1835 726 1865 mala
737 1835 768 1864 in
779 1834 895 1873 quibus
908 1842 975 1873 pvr-

199 1896 385 1927 manserunt
405 1892 542 1923 finaliter
567 1902 572 1920 :
597 1890 665 1920 haec
686 1888 772 1918 enim
792 1887 857 1916 sola
877 1886 975 1925 digna

199 1952 274 1980 sunt
295 1946 514 1979 retributione.
533 1943 664 1982 Propter
683 1941 894 1971 ostensionem
915 1940 973 1969 mi-

200 2001 377 2033 sericordiae
404 2000 441 2030 de
470 1997 644 2038 praeterito,
675 1993 975 2024 rememorabuntur

201 2055 284 2086 mala
295 2055 466 2089 bonorum,
483 2061 501 2081 a
513 2050 630 2090 quibus
646 2050 719 2078 sunt
734 2045 975 2076 misericorditer

200 2108 338 2145 liberati,
356 2108 387 2137 et
399 2106 482 2136 bona
498 2103 671 2137 malorum,
688 2108 762 2140 quae
777 2099 809 2128 in
824 2098 868 2127 eis
881 2098 973 2127 mise-

201 2161 364 2192 ricorditer
373 2159 521 2199 operatus
531 2158 577 2187 est.
591 2155 681 2191 neus,
693 2153 747 2193 qui
755 2153 766 2168 ²
776 2151 870 2182 solem
881 2158 975 2181 suum

201 2215 283 2246 oriri
302 2214 382 2252 facit
398 2218 491 2250 super
507 2210 600 2241 bonos
618 2211 646 2239 et
664 2206 762 2238 malos
777 2215 785 2235 :
803 2205 872 2235 idco
893 2204 974 2233 hona

201 2271 233 2299 et
247 2268 330 2298 mala
351 2275 410 2296 sua
428 2264 557 2295 omnino
572 2264 666 2293 erunt
681 2260 738 2290 sibi
760 2260 792 2289 in
810 2257 971 2288 memoria.

242 2326 270 2352 1.
293 2320 341 2351 Ad
366 2319 443 2349 illud
468 2317 552 2357 quod
577 2315 725 2354 objicitur
747 2312 866 2352 primo,
890 2310 972 2349 quod

200 2376 255 2406 illa
268 2374 359 2405 lectio
379 2374 409 2403 et
428 2369 614 2401 memoratio
635 2369 681 2397 est
703 2366 740 2396 all
762 2364 974 2395 ostensionem

196 2429 341 2470 Justitiae‚
356 2425 522 2458 dicendum
536 2422 619 2462 quod
635 2430 747 2452 verum
761 2421 822 2455 ests,
840 2418 892 2447 sed
910 2426 973 2446 non

199 2484 325 2513 tantum
340 2479 379 2510 ad
394 2479 470 2516 hoc,
491 2477 543 2507 sed
563 2476 657 2505 etiam
678 2474 715 2504 ad
731 2471 972 2502 declarationem

199 2532 436 2566 misericordiae.

235 2600 240 2614 ¹
252 2599 330 2625 Itone,
342 2602 369 2626 11,
386 2597 423 2618 15.
435 2607 463 2611 —
474 2594 481 2606 ²
493 2591 595 2619 Mami„
609 2596 631 2617 v,
649 2591 686 2614 45.
696 2602 726 2606 —-
739 2589 746 2602 ³
760 2588 833 2611 Rom..
853 2593 882 2610 11.
898 2589 970 2610 15.—

198 2634 227 2657 ⁸1
244 2634 321 2661 Petu,
334 2638 363 2661 117
379 2632 415 2655 14.
425 2643 455 2646 —
467 2630 476 2645 5
488 2628 529 2657 Cf.
542 2629 568 2651 S.
579 2623 969 2653 Tl101u.,1vSent.‚aist.x1.111‚

199 2677 222 2700 q.
241 2675 284 2698 ιιι,
303 2670 349 2692 art.
370 2670 398 2696 23
417 2664 526 2688 menard
539 2682 546 2693 ,
564 2662 594 2685 Ν
616 2662 694 2689 Sena,
715 2660 771 2682 dist.
789 2664 864 2683 ηιμ,
882 2660 928 2681 ert.
946 2659 968 2682 Τ.

199 2710 222 2734 q.
248 2709 281 2733 11;
302 2702 391 2732 steph.
414 2700 518 2729 Brulet'.,
539 2698 568 2721 lV
596 2698 674 2726 Sem„
695 2695 752 2718 dist.
778 2699 854 2721 xuu,
879 2700 904 2722 q.
927 2699 964 2721 xr,

769 223 1077 257 SENTENTIARUM
1100 221 1171 254 LlB.
1196 222 1246 253 lv.

1076 292 1105 321 2.
1125 290 1171 320 Ad
1186 289 1263 319 illud
1279 289 1362 328 quod
1381 289 1540 329 objicitur,
1556 289 1640 329 quod
1655 290 1810 322 memoria

1035 345 1195 375 malorum
1214 344 1286 374 facit
1306 343 1480 380 tristitiam,
1503 345 1534 373 et
1556 343 1715 373 bonorum
1730 342 1809 373 laeti-

1035 398 1126 435 tiam,
1144 396 1311 427 dici-ndum
1329 396 1413 436 quod
1432 396 1492 426 hoc
1509 405 1620 426 verum
1635 398 1682 426 est
1698 396 1730 425 in
1749 395 1809 434 his,

1035 452 1089 491 qui
1112 453 1241 491 possunt
1261 450 1375 480 tristari
1393 452 1422 479 et
1442 450 1554 480 laetari.
1580 449 1640 480 Sed
1655 449 1729 479 mali
1745 458 1810 480 non

1035 506 1166 544 possunt
1175 504 1273 533 laelari
1285 513 1291 541 3
1302 503 1374 533 boni
1384 512 1461 534 vero
1469 512 1533 533 non
1543 505 1673 542 possunt
1681 503 1808 533 tristari.

1035 557 1095 587 Sed
1113 557 1195 587 istud
1210 566 1274 587 non
1291 556 1420 593 sufficit,
1438 556 1513 595 quia
1526 564 1588 586 non
1606 558 1736 595 possunt
1753 556 1809 586 tri-

1034 611 1125 648 stari3
1148 620 1225 649 orgo
1244 619 1301 640 nec
1320 619 1511 648 cognoscere
1526 609 1610 639 unde
1625 609 1739 639 debent
1754 609 1811 639 tri-

1035 665 1109 695 stari
1120 674 1126 694 :
1139 665 1207 695 ideo
1216 664 1383 694 dicendum
1393 663 1476 703 quod
1487 663 1640 693 memoria
1653 662 1810 693 malorum

1034 718 1203 757 dupliciter
1216 719 1317 757 potest
1331 726 1398 747 esse
1412 728 1418 746 :
1432 718 1485 746 aut
1501 715 1725 746 considerando
1740 724 1807 746 ma-

1036 771 1103 802 lum
1124 774 1292 808 eventum,
1315 773 1345 800 et
1367 770 1411 799 sic
1430 772 1561 808 generat
1576 769 1750 807 tristitiam,
1774 771 1810 799 ut

1033 827 1117 864 patet
1133 825 1163 854 in
1178 834 1226 861 ec,
1243 824 1297 863 qui
1311 823 1501 860 conteritur3
1519 823 1569 852 vel
1585 822 1809 853 considerando

1033 877 1153 908 bonum
1164 879 1326 913 eventum,
1339 876 1455 906 scilicet
1466 875 1550 915 quod
1563 875 1600 905 de
1611 875 1707 905 tantis
1719 875 1810 906 malis

1034 930 1277 961 misericorditer
1298 932 1345 960 est
1367 930 1508 968 ereptus;
1535 931 1565 959 et
1585 928 1654 959 haec
1679 931 1809 967 generat

1033 983 1192 1021 laetitiam,
1215 986 1245 1014 et
1264 983 1334 1014 haec
1353 983 1413 1013 erit
1430 983 1461 1012 in
1482 983 1583 1012 boniS.
1605 981 1756 1013 Similiter
1770 981 1809 1012 de

1033 1038 1187 1068 memoria
1201 1038 1360 1068 bonorum
1376 1036 1592 1075 distinguitur.

1073 1093 1101 1122 3.
1120 1091 1166 1121 Ad
1183 1091 1258 1121 illud
1279 1090 1364 1130 quod
1383 1090 1541 1129 objicitur,
1561 1089 1645 1129 quod
1666 1089 1698 1119 in
1718 1089 1809 1119 malis

1032 1143 1115 1174 hona
1128 1146 1204 1173 sunt
1217 1143 1328 1180 deleta,
1344 1143 1511 1173 dicendum
1523 1142 1609 1181 quod
1619 1142 1719 1172 deleta
1733 1144 1808 1173 sunt

1031 1199 1188 1236 quantum
1202 1197 1239 1226 ad
1257 1196 1420 1226 veritatem
1435 1196 1592 1232 essentiae;
1610 1197 1742 1225 manent
1755 1197 1807 1226 ta—

1032 1259 1105 1280 men
1130 1252 1287 1289 quantum
1311 1249 1350 1279 ad
1373 1251 1481 1279 notam
1503 1251 1534 1279 et
1554 1248 1806 1287 similitudinem,

1032 1302 1113 1333 sicut
1133 1305 1217 1342 patet
1236 1303 1269 1332 in
1292 1311 1328 1332 eo
1350 1302 1404 1341 qui
1425 1302 1531 1332 amisit
1553 1302 1755 1340 charitatem,
1779 1305 1809 1333 et

1032 1356 1215 1386 recordatur
1234 1365 1267 1385 se
1288 1355 1450 1385 habuisse.
1472 1355 1559 1385 Unde
1575 1364 1670 1394 super
1683 1355 1761 1386 illud
1772 1356 1782 1372 ³
1799 1366 1805 1385 :

1034 1410 1270 1448 Coqz'catiouzmz
1300 1409 1537 1445 accusantium,
1565 1408 1638 1438 dicit
1666 1408 1773 1439 Glossa
1799 1420 1805 1438 :

1036 1474 1050 1491 «
1065 1462 1235 1493 Sciendum
1251 1464 1311 1498 est,
1330 1462 1414 1501 quod
1430 1462 1463 1491 in
1476 1461 1528 1491 illa
1539 1461 1589 1491 die
1602 1462 1808 1501 cogitationes

1031 1516 1225 1546 accusabunt
1242 1515 1394 1552 animam,
1411 1515 1460 1544 vel
1473 1514 1650 1552 defendent,
1668 1524 1729 1545 non
1746 1515 1807 1546 illae

1031 1577 1103 1608 quae
1119 1571 1194 1598 tunc
1211 1570 1321 1605 erunt,
1339 1568 1391 1597 scd
1406 1567 1474 1597 istae
1489 1576 1561 1607 quae
1577 1567 1671 1598 modo
1685 1570 1760 1598 sunt
1775 1568 1807 1598 in

1031 1622 1132 1659 nobis,
1149 1631 1287 1661 quarum
1303 1624 1384 1652 notae
1400 1624 1429 1651 et
1445 1621 1611 1659 signacula
1625 1621 1808 1661 relinquun-

1032 1677 1083 1705 tur
1099 1675 1131 1704 in
1148 1675 1241 1705 corde
1256 1677 1363 1705 nostro
1380 1674 1466 1704 velut
1481 1674 1600 1705 viscera
1615 1675 1653 1713 (a)
1663 1698 1672 1712 ,
1687 1684 1759 1714 quae
1774 1676 1806 1706 in

1031 1728 1153 1758 occulto
1170 1737 1255 1758 nunc
1270 1730 1343 1757 sunt
1365 1728 1517 1767 reposita⁷
1536 1727 1568 1757 in
1583 1727 1636 1758 illo
1651 1728 1701 1759 die
1715 1738 1804 1759 reve-

1031 1781 1087 1811 lari
1103 1781 1262 1816 dicuntur,
1279 1783 1309 1810 et
1323 1780 1365 1810 ita
1376 1780 1550 1811 secundum
1566 1781 1804 1813 similitudinem

1031 1836 1206 1864 remanent.
1225 1833 1280 1863 Vel
1301 1836 1365 1864 esto
1385 1834 1470 1873 quod
1490 1834 1662 1864 similitudo
1681 1836 1806 1874 penitus

1031 1887 1184 1923 deleatur,
1201 1886 1285 1926 qnod
1302 1887 1357 1916 vix
1372 1890 1418 1917 est
1433 1886 1595 1926 possibile,
1614 1887 1722 1918 divina
1737 1889 1804 1919 vir-

1030 1943 1095 1970 tute
1110 1942 1185 1970 tune
1201 1942 1366 1979 reparatur
1381 1940 1420 1970 ad
1438 1940 1491 1970 Dei
1508 1940 1656 1979 gloriam,
1673 1943 1721 1971 et*
1735 1942 1806 1973 vin-

1031 1995 1224 2027 dicationem
1241 1995 1396 2026 malorum
1415 1996 1466 2033 (a),
1482 1995 1610 2027 laudem
1626 2004 1695 2028 vero
1712 1996 1805 2029 bono-

1030 2057 1112 2079 rum.

1295 2144 1474 2181 QUAEsTlo
1498 2145 1536 2176 II.

1048 2232 1089 2256 An
1104 2230 1218 2264 quilibet
1236 2231 1306 2264 legat
1323 2232 1413 2256 omnia
1429 2232 1456 2257 iu
1471 2232 1633 2258 consciencia
1645 2232 1754 2259 alterius
1765 2232 1785 2257 ¹⁵.

1073 2314 1183 2345 Utrum
1199 2314 1330 2353 quilibet
1344 2315 1429 2354 legat
1444 2315 1551 2345 omnia
1566 2315 1599 2345 in
1614 2316 1804 2348 conscientia

1029 2367 1175 2403 alterium
1195 2369 1225 2396 et
1241 2367 1325 2406 quod
1340 2368 1394 2405 sie,
1412 2368 1536 2399 videtur
1553 2379 1559 2398 ε
1577 2369 1652 2408 quia
1667 2368 1803 2401 Bernar-

1030 2420 1089 2450 dus
1106 2422 1243 2450 tractans
1260 2420 1338 2451 illud
1350 2423 1360 2439 ⁶
1379 2432 1384 2450 :
1404 2421 1679 2454 illuminabuntur
1695 2423 1731 2463 (b)
1746 2424 1803 2455 ab-

1028 2473 1176 2505 scondita
1191 2474 1398 2512 tenebrarum,
1415 2475 1488 2504 aicit
1503 2483 1510 2504 :
1529 2486 1544 2502 «
1559 2475 1678 2507 Cuncta
1690 2486 1804 2508 arcana

1029 2528 1215 2557 cunctorum
1231 2528 1352 2557 cunctis
1368 2527 1411 2557 ibi
1428 2528 1591 2566 patebunt.
1608 2540 1622 2557 n

1029 2584 1261 2627 Pei1·.(1s.=Tarant.‚
1275 2586 1303 2609 lv
1316 2586 1394 2615 Seni„
1406 2585 1463 2609 dist.
1478 2592 1553 2614 ani,
1564 2594 1590 2615 ιι.
1603 2593 1683 2610 x11.—-
1694 2588 1792 2612 ⁶1001·.

1033 2627 1067 2650 iv,
1086 2630 1107 2644 o.
1797 2614 1803 2623 ’

1060 2661 1090 2689 (ιι)
1104 2661 1145 2683 ΑΙ.
1159 2661 1354 2691 oppositu-(b)
1369 2662 1440 2692 Vulg.
1454 2662 1589 2686 vindictam
1604 2663 1801 2693 malefactorum.

1029 2708 1053 2712 —
1074 2698 1101 2727 (c)
1117 2696 1189 2726 Vulg.
1204 2696 1368 2720 illuminabit.

1820 2325 1923 2346 Fundam.
