1991 3006
832 223 1022 255 DISTINCT.
1045 223 1162 255 XXXII.
1732 221 1789 252 283

207 307 295 351 quod
308 307 438 351 nuptias
452 306 716 347 condemnemus,
726 305 778 338 sed
791 305 879 349 quod
889 316 925 338 eo
937 308 1081 349 tempore
1096 315 1162 349 quo
1178 315 1289 336 carnes
1300 305 1308 321 ¹
1320 304 1406 346 Agni
1419 302 1647 336 manducaturi
1661 313 1787 342 sumuS,

208 376 321 397 vacare
338 376 355 397 a
370 364 555 397 carnalibus
569 364 721 407 operibus
736 363 922 395 debeamus.
941 376 956 393 >)
976 363 1043 395 Hoc
1058 362 1238 406 capitulum
1255 361 1395 393 maxime
1409 361 1448 393 ad
1466 361 1630 393 ministros
1643 359 1790 393 Ecclesiae

208 423 368 467 pertinere
384 422 524 462 videtur,
543 421 663 466 quibus
684 433 749 454 non
770 421 887 453 licebat
911 432 1000 453 sacra
1024 420 1131 453 officia
1146 419 1327 459 celebrare,
1345 422 1441 462 atque
1462 418 1629 461 mysteria,
1647 422 1791 461 tempore

207 480 386 523 conjugalis
401 480 571 522 amplexus
584 505 591 519 ‚
607 490 671 523 quo
687 479 782 511 etiam
800 478 969 522 preesentia
992 478 1132 521 Spiritus
1154 476 1253 509 saneti
1273 487 1338 508 11011
1354 476 1461 508 datur.
1479 475 1571 507 Unde
1587 475 1673 507 idem
1689 475 1734 507 ait
1748 482 1758 497 ²
1775 487 1782 506 ε

209 551 225 567 «
245 536 416 569 Connubia
430 535 576 577 legitima
597 541 706 568 carent
721 536 853 580 quiden]
880 539 1005 579 peccato
1022 561 1028 576 ,
1048 546 1105 567 nee
1129 539 1235 567 tamen
1259 538 1402 576 tempore
1426 533 1504 573 illo,
1520 544 1585 576 quo
1603 532 1790 576 conjugales

209 599 298 626 actus
312 598 472 637 geruntur
484 620 491 634 ‚
509 594 678 637 praesentia
695 594 835 637 Spiritus
850 593 951 626 sancti
967 593 1115 633 dabitur,
1132 592 1257 624 etiamsi
1274 591 1431 635 propheta
1445 602 1512 623 esse
1525 590 1676 623 videatur
1689 615 1697 631 ‚
1715 600 1788 633 quae

208 652 313 685 officio
329 652 547 693 generationis
562 652 764 696 obsequitur.
788 666 801 681 >1

252 710 324 742 Non
338 709 444 742 solum
458 710 492 742 in
508 721 603 753 opere
617 709 738 741 carnali
754 708 955 741 observanda
968 713 1044 740 sunt
1060 712 1206 751 tempora
1218 733 1225 747 ‚
1242 707 1296 739 sed
1321 706 1418 739 etiam
1440 706 1474 737 in
1489 705 1694 737 celebrandis
1710 717 1794 749 nup·
1826 709 1906 734 Quibus

209 767 282 808 tiis,
300 767 478 799 secundum
495 767 578 799 illud
593 767 603 783 ³
622 779 627 799 ε
651 780 666 797 (1
685 766 757 799 Νο11
784 770 908 810 oportet
928 777 946 797 a
969 765 1215 809 Septuagesima
1238 775 1341 808 usque
1367 763 1400 795 in
1423 767 1570 795 octavam
1594 762 1725 795 Pasehae
1739 789 1746 803 ,
1763 767 1794 795 et
1813 744 1918 792 ἷκῗὲρῗιΐοιυ

209 825 313 857 tribus
327 824 538 857 hebdomadis
553 829 626 856 ante
645 824 764 856 festum
786 824 886 856 sancti
905 823 1058 863 Joannis,
1077 827 1107 855 et
1120 822 1160 854 ab
1173 822 1325 854 Adventu
1343 821 1473 853 Domini
1498 831 1602 864 usque
1627 825 1698 864 post
1720 820 1794 864 Epi·
1813 803 1920 854 51311ξῖ11Ίὲ

1823 866 1907 892 nupti-*12

209 883 362 927 phaniam
378 882 539 914 celebrare
554 882 696 926 nuptias.
717 882 809 921 Quod
826 882 852 913 si
868 882 988 914 factum
1006 881 1106 914 fuerit
1119 908 1126 922 ‚
1145 885 1348 924 separentur.
1370 893 1384 909 n
1401 879 1481 911 Item
1497 878 1650 911 Nicolaus
1664 878 1791 922 Papass:

210 953 226 971 «
242 940 306 972 Nec
327 951 462 972 uxorem
487 939 624 980 ducere,
650 951 708 972 nec
730 939 882 983 conjugia
908 939 1011 971 facere
1036 937 1315 983 quadragesimali
1341 941 1484 981 tempore
1508 936 1681 968 convenire
1702 947 1792 980 posse

93 1538 179 1559 Dixisio.

209 998 279 1030 ullo
296 996 389 1030 modo
405 997 557 1029 arbitror.
577 1009 592 1026 >³

342 1148 598 1180 EXPOSITIO
631 1147 828 1179 TEXTUS.

405 1230 542 1255 Sciendum
560 1230 635 1253 etiam
653 1231 702 1260 est,
721 1231 768 1253 ete.

244 1308 346 1348 Supra
358 1309 425 1347 egit
443 1308 593 1347 Magister
612 1309 649 1339 de
669 1310 759 1339 bonis
780 1310 971 1340 matrimonii

202 1362 235 1392 in
250 1362 429 1399 communi·,
449 1362 501 1392 hic
516 1363 691 1401 specialiter
708 1364 790 1402 agit,
814 1365 973 1403 quomodo

204 1416 254 1446 vir
269 1415 431 1454 obligetur
445 1416 549 1452 uxori,
565 1419 595 1446 et
607 1426 623 1446 e
637 1426 800 1455 converso,
818 1420 973 1457 quantum

205 1468 243 1498 ad
259 1468 568 1513 solutionem-debiti.
585 1469 684 1499 Habet
698 1472 802 1500 autem
819 1470 887 1500 11ωο
903 1481 974 1509 pars

204 1521 282 1551 duas
296 1532 302 1551 :
315 1521 348 1551 in
363 1522 465 1560 prima
482 1522 670 1552 determinat
683 1531 755 1561 quae
770 1524 808 1552 sit
822 1524 974 1562 obligatio

204 1574 286 1604 inter
306 1583 441 1604 uxorem
464 1576 494 1604 et
513 1574 619 1605 virum
643 1578 797 1614 quantum
821 1576 858 1606 ad
879 1577 973 1607 fidem

205 1629 281 1666 tori3
308 1628 340 1658 in
365 1628 503 1658 secunda
526 1628 729 1665 determinat,
759 1631 918 1669 quomodo
945 1633 975 1661 et

205 1682 339 1721 qualiter
354 1681 422 1712 liaec
437 1681 513 1711 fides
527 1682 661 1711 fueritin
675 1683 814 1721 patribus
824 1683 973 1722 antiquis,

205 1734 287 1764 infra
299 1737 309 1753 ⁵
334 1745 339 1765 :
370 1735 527 1769 Ouserilur
556 1734 605 1765 hic
633 1734 671 1766 de
691 1736 845 1775 *mzczquzs
871 1737 973 1774 palri-

207 1787 277 1824 bus,
297 1789 355 1817 etc.
380 1787 486 1818 Prima
507 1797 579 1826 pars
594 1787 688 1818 habet
702 1788 781 1818 duas
797 1791 899 1827 partes
916 1800 922 1818 :
943 1789 975 1818 in

206 1840 308 1880 prima
327 1840 516 1870 determinat
539 1841 576 1870 de
593 1841 684 1871 inodo
701 1841 919 1879 obligationis3
944 1842 976 1871 in

207 1894 344 1924 secunda
361 1893 398 1923 de
414 1895 570 1933 tempore,
596 1894 627 1924 in
645 1904 708 1933 quo
728 1895 819 1924 debet
835 1895 975 1925 debitum

206 1946 285 1985 peti,
308 1946 349 1976 ibi
368 1957 374 1976 2
391 1946 431 1978 Et
452 1946 524 1977 licet
547 1946 687 1978 debitum
704 1949 845 1986 poscenti
857 1949 900 1978 sit
915 1948 977 1979 sol-

206 1998 360 2035 venchn,
383 2001 442 2028 etc.
470 1998 575 2028 Prima
598 2008 670 2038 pars
692 1999 786 2029 habet
810 2000 888 2030 duas
913 2011 919 2030 :
944 2001 976 2030 in

206 2052 308 2091 prima
323 2052 459 2082 ostendit
473 2053 557 2091 quod
570 2053 618 2083 vir
632 2055 663 2083 et
676 2062 758 2083 uxor
773 2053 805 2083 in
821 2053 879 2084 hae
893 2054 974 2092 lege,

206 2104 271 2134 sive
289 2105 360 2142 fide,
376 2105 560 2144 judicantur
574 2105 612 2135 ad
627 2106 724 2145 paria⁷
743 2108 773 2136 et
791 2106 875 2145 quod
894 2116 977 2136 unus

205 2157 273 2187 sine
288 2157 450 2188 voluntate
463 2158 591 2188 alterius
603 2159 763 2189 continere
779 2168 842 2189 non
856 2160 973 2196 valeat3

206 2210 239 2240 in
267 2210 404 2240 secunda
427 2211 664 2242 auctoritatibus
689 2213 872 2250 confirmat,
902 2213 943 2243 ibi
968 2222 975 2243 ε

207 2263 295 2300 Quod
309 2271 380 2295 vero
395 2263 464 2294 sine
482 2271 635 2295 consensu
650 2265 779 2302 umoris,
801 2267 859 2295 etc.
881 2265 974 2295 Simi-

204 2315 274 2345 liter
296 2316 433 2346 secunda
456 2325 544 2356 pars,
576 2317 608 2346 in
632 2326 695 2356 qna
721 2317 907 2347 determinat
939 2318 976 2348 de

203 2370 345 2408 tempore
365 2369 399 2398 in
420 2378 483 2408 quo
503 2369 645 2399 debitunt
664 2369 755 2399 debet
780 2370 857 2409 peti,
885 2370 976 2401 habet

204 2422 281 2452 duas
296 2431 303 2452 :
321 2423 352 2452 in
367 2423 469 2462 prima
484 2422 687 2461 determinat7
706 2424 790 2462 quod
811 2433 875 2453 11011
892 2434 974 2454 Sem<

204 2484 259 2514 per
274 2478 320 2505 est
333 2475 474 2506 debitum
490 2476 672 2515 petendum,
687 2477 836 2515 quamvis
851 2486 976 2516 semper

205 2527 245 2557 sit
258 2527 443 2559 solvendum
452 2540 459 2566 ;
484 2529 516 2558 in
531 2529 667 2559 secunda
682 2529 855 2560 incidenter
870 2530 972 2560 deter-

242 2625 341 2654 ’.Ιοαιι.,
358 2627 488 2655 ν1,313.-
504 2626 512 2640 ²
526 2626 640 2656 Hieron„
657 2635 681 2649 ¹71
697 2627 797 2657 Mutat„
812 2633 888 2657 xxin,
906 2635 921 2658 q
947 2634 974 2651 11.

206 2674 235 2678 -
248 2660 258 2676 ⁸
278 2660 398 2689 tlabetur‘,
420 2668 487 2685 caus.
507 2668 599 2691 xuni,
619 2669 644 2692 q.
662 2668 685 2691 v,
703 2670 725 2686 e.
741 2663 795 2686 Non
815 2665 922 2694 oportet,
945 2671 976 2686 ex

207 2696 284 2720 Cone.
303 2696 407 2719 ilerd.—
419 2697 426 2712 i
441 2697 556 2721 Nicolaus
570 2699 587 2728 l,
601 2697 635 2721 ml
647 2698 757 2722 cous-ulta
768 2699 882 2728 Bulqar„
895 2701 920 2722 et
934 2699 977 2723 ha-

1027 1148 1141 1183 minat,
1165 1146 1249 1185 quod
1272 1154 1334 1175 non
1355 1147 1401 1175 est
1422 1154 1546 1184 semper
1570 1145 1696 1184 nuptias
1721 1145 1799 1175 cele-

1028 1203 1118 1232 brare
1133 1202 1358 1240 opportunum,
1378 1199 1420 1228 ibi
1437 1210 1443 1229 ε
1463 1198 1531 1229 Non
1545 1198 1645 1230 solum
1659 1199 1695 1229 in
1709 1206 1800 1238 opere

1028 1255 1168 1289 carnali,
1194 1257 1251 1285 etc.

1357 1326 1424 1347 DUB.
1449 1326 1469 1346 1.

1030 1388 1056 1410 ln
1072 1387 1120 1411 boc
1134 1387 1201 1410 enim
1216 1393 1289 1416 pares
1309 1387 1382 1415 sunt;
1402 1385 1460 1415 quia
1480 1391 1527 1408 nec
1548 1384 1616 1413 viro,
1637 1391 1682 1408 nec
1700 1384 1799 1408 mulieri

1060 1430 1151 1452 corpus
1173 1429 1246 1445 suuni
1270 1422 1329 1445 licet
1351 1421 1392 1444 alii
1414 1421 1529 1449 tradere,
1551 1420 1595 1443 sed
1617 1420 1665 1444 sibi
1692 1419 1802 1443 invicem

1060 1458 1201 1487 debiumes,
1218 1459 1267 1481 etc.

1068 1521 1198 1552 Videtur
1224 1521 1284 1551 hoe
1309 1521 1444 1558 falsum,
1471 1521 1546 1560 quia
1566 1521 1598 1551 in
1620 1521 1679 1551 hoc
1699 1529 1802 1551 sacra-

1030 1577 1136 1606 mento
1158 1574 1304 1613 signatur
1322 1574 1502 1613 conjunctio
1521 1574 1634 1604 Christi
1654 1576 1683 1603 et
1698 1573 1802 1604 Eccle-

1030 1628 1084 1658 siae
1100 1627 1170 1664 Dei,
1188 1629 1219 1657 et
1233 1627 1366 1664 animae,
1383 1627 1465 1657 inter
1480 1635 1560 1666 quos
1572 1626 1661 1656 nulla
1675 1626 1805 1656 omnino

1031 1682 1077 1710 est
1092 1680 1208 1719 paritas
1221 1691 1227 1710 :
1241 1689 1319 1718 ergo
1333 1689 1390 1709 nec
1401 1680 1460 1710 viri
1472 1680 1509 1709 ad
1526 1688 1671 1710 uxorem.
1689 1679 1802 1709 ltem⁶t

1031 1734 1180 1764 Mulieres
1196 1732 1345 1772 subjecte
1362 1734 1399 1772 (a)
1417 1734 1484 1764 sint
1498 1733 1580 1764 viris
1596 1733 1679 1770 sues,-
1693 1734 1724 1762 et
1739 1733 1807 1771 post

1031 1787 1105 1817 dicit
1126 1786 1163 1816 de
1188 1786 1280 1823 viris,
1303 1786 1387 1825 quod
1411 1785 1547 1824 diligant
1566 1794 1618 1815 eas
1638 1785 1717 1815 sicut
1736 1793 1802 1815 cor-

1032 1849 1107 1879 pora
1122 1849 1179 1869 sua
1192 1848 1199 1869 :
1214 1848 1303 1877 ergo,
1317 1848 1390 1868 eum
1403 1847 1517 1877 eorpus
1530 1838 1570 1868 sit
1580 1847 1652 1878 pars
1665 1838 1805 1875 inferior,

1033 1894 1134 1931 patet,
1153 1894 1211 1922 etc.

1072 1945 1163 1984 Resp.
1187 1944 1358 1974 Dicendum
1382 1944 1466 1983 quod
1486 1944 1518 1973 in
1541 1944 1743 1974 matrimonio
1762 1945 1808 1974 est

1031 1998 1229 2029 considerare
1249 2006 1385 2027 sexuum
1405 1997 1653 2034 distinctionem,
1677 1999 1707 2026 et
1730 2005 1806 2027 con-

1031 2055 1165 2084 formem
1176 2053 1243 2091 conj
1249 2052 1443 2089 unctionem,
1453 2055 1482 2082 et
1494 2054 1651 2091 postremo
1660 2053 1806 2082 mutuam

1032 2107 1270 2145 obligationem.
1298 2105 1427 2135 Ratione
1448 2105 1586 2135 duorum
1609 2105 1804 2144 primorum,

1033 2161 1138 2199 signat
1153 2161 1253 2189 Deum
1268 2160 1298 2189 et
1314 2158 1493 2196 Ecclesiam,
1511 2158 1586 2198 quia
1601 2159 1681 2188 sicut
1693 2158 1808 2188 mulier

1032 2215 1104 2251 eget
1118 2212 1203 2249 viro,
1225 2212 1269 2241 sio
1288 2211 1421 2241 Ecclesia
1436 2211 1566 2241 Christo.
1586 2211 1716 2241 Ratione
1731 2220 1807 2242 con-

1028 2265 1203 2306 junctionis
1230 2264 1467 2304 inseparabiliS,
1498 2265 1529 2294 et
1555 2264 1805 2301 conformitatis,

1032 2320 1138 2358 signat
1153 2318 1240 2348 illam
1256 2317 1522 2357 conjunctionem.
1540 2317 1668 2347 Ratione
1682 2317 1807 2356 obliga-

1032 2373 1127 2402 tionis
1140 2381 1202 2401 non
1215 2374 1261 2401 est
1274 2371 1475 2410 significatio,
1494 2371 1569 2410 quia
1582 2370 1661 2400 Deus
1676 2370 1808 2400 omnino

1032 2425 1110 2455 liber
1124 2427 1184 2460 est,
1206 2427 1236 2455 et
1250 2424 1331 2454 nulli
1351 2424 1482 2454 omnino
1498 2423 1673 2462 obligatum
1701 2426 1807 2453 tamen

1032 2478 1124 2508 debet
1139 2486 1206 2507 esse
1229 2477 1310 2507 inter
1328 2477 1435 2507 virum
1449 2478 1479 2506 et
1497 2476 1661 2506 mulierem
1682 2475 1808 2513 obliga-

1032 2531 1088 2568 tio,
1112 2531 1188 2570 quia
1211 2530 1302 2560 aliter
1325 2539 1389 2560 non
1411 2529 1618 2560 interveniret
1644 2528 1808 2567 insepara-

1032 2615 1105 2639 hetur
1120 2622 1186 2638 enus.
1204 2620 1297 2642 xxxin,
1312 2621 1335 2643 «1.
1355 2620 1388 2637 iv.
1400 2626 1429 2630 —
1442 2614 1451 2629 ⁵
1468 2613 1528 2636 Dist.
1546 2617 1674 2636 χχχιιι-
1687 2611 1695 2624 ⁵
1708 2610 1807 2642 Eplies.,

1033 2656 1056 2679 v,
1073 2651 1112 2674 22.

1064 2700 1097 2729 (a)
1112 2698 1187 2729 Vulg.
1204 2697 1320 2721 subchtoe.
