1991 3006
576 263 669 294 DIST.
691 263 725 294 L.
750 262 865 294 PART.
888 262 909 292 Ι.
935 261 1023 292 ART.
1050 261 1071 291 Ι.
1096 259 1244 298 QUAEST.
1270 260 1305 289 ΙΙ.

143 340 182 361 ne
190 334 281 362 exeat
290 331 323 361 in
333 333 438 362 actum
449 339 554 361 suum.
569 329 607 360 Et
620 330 664 360 sie
678 332 763 370 patet
776 338 908 369 respon-

142 384 189 414 sio
203 384 242 414 ad
256 384 407 423 primum.

179 439 207 466 Ξ.
225 436 272 467 Ad
286 437 364 467 illud
384 437 467 476 quod
484 437 645 476 objicitur,
662 436 745 476 quod
759 436 907 467 voluntas

141 492 187 520 est
206 490 413 527 invertibilis,
434 490 603 520 dicendum
625 490 709 529 quod
733 498 844 520 verum
865 491 911 519 est.

139 542 178 572 de
190 542 392 572 vertibilitate
405 544 560 582 quantum
575 543 612 572 asl
631 542 787 579 habitum,
803 542 835 571 in
846 551 909 581 qua

140 595 174 625 fit
188 594 282 634 plena
296 595 418 632 versi03
438 595 491 625 sed
507 604 570 625 non
587 597 632 625 est
648 604 759 625 verum
780 595 817 625 de
834 604 907 625 ver-

140 648 283 678 tibilitate
297 650 453 688 quantum
468 649 507 679 ad
521 651 640 678 actum.

181 704 210 731 3.
228 701 275 731 Ad
295 701 372 731 illud
394 701 477 740 quod
502 702 659 739 objicitur,
682 702 766 740 quod
791 702 911 731 malitia

141 753 270 783 inclinat
285 754 366 783 sicut
381 754 496 792 gratia,
510 754 679 784 dicendum
690 755 774 793 quod
789 764 851 784 non
865 757 911 784 est

141 808 259 845 simile,
273 808 348 847 quia
363 811 467 839 motus
483 809 597 848 gratiae
614 809 799 847 praemiatur
816 809 848 839 in
865 809 908 838 si-

142 914 304 952 dissimili,
326 916 361 944 ut
381 914 413 943 in
436 914 563 944 dolore:
584 917 614 944 et
630 915 699 944 ideo
719 915 910 954 impeditum

142 967 195 997 sed
212 969 316 997 motus
332 967 445 1005 gratiae
459 969 710 997 consummatur.

183 1022 211 1050 4.
227 1020 275 1050 Ad
289 1019 366 1050 illud
379 1020 463 1059 quod
480 1020 640 1058 objicitur,
655 1020 739 1059 quod
755 1020 912 1050 abstinere

143 1082 162 1103 a
176 1073 338 1104 voluntate
346 1073 494 1112 peccandi
509 1081 572 1102 non
589 1075 634 1102 est
650 1073 716 1102 sine
732 1073 853 1111 gratia,
871 1073 914 1102 di-

143 1126 278 1156 cendum
289 1125 371 1164 quod
388 1125 544 1164 loquendo
559 1125 596 1155 de
609 1125 773 1155 voluntate
788 1125 911 1161 habitu,

144 1188 208 1209 non
222 1181 268 1209 est
289 1178 356 1208 sine
381 1179 500 1217 gratim
519 1178 571 1208 sed
596 1179 634 1209 de
657 1179 817 1209 voluntate
843 1181 915 1209 actu

143 1231 405 1271 distinguendum
418 1234 474 1269 est,
491 1232 565 1271 qnia
578 1234 631 1262 aut
643 1232 777 1263 abstinet
792 1233 830 1263 ah
842 1234 913 1263 actu

144 1286 227 1315 malo
241 1285 316 1324 quia
331 1287 440 1315 contra
456 1285 570 1321 Deum,
597 1288 627 1316 et
648 1287 723 1325 quia
746 1286 891 1325 iniquum
904 1310 913 1324 ,

144 1340 174 1368 et
188 1337 248 1368 hoc
264 1347 328 1368 non
342 1340 388 1368 est
404 1338 471 1367 sine
489 1338 594 1376 gratia
614 1339 714 1377 gratis
735 1339 806 1369 (lata
819 1363 826 1375 ,
848 1340 916 1369 haec

144 1392 229 1422 enim
245 1393 402 1431 praeparat
423 1391 462 1421 ad
487 1392 669 1422 ulteriorem
686 1393 822 1431 gratiam
838 1404 844 1430 ;
862 1396 917 1423 aut

144 1444 218 1484 quia
229 1444 288 1475 hoc
301 1447 348 1475 est
357 1444 515 1482 laesivum,
533 1445 611 1474 sicut
623 1445 647 1475 si
659 1445 917 1485 aliquisflimittit

145 1498 304 1535 fornicari,
318 1498 367 1528 vel
382 1498 532 1528 inebriari
545 1521 552 1534 ,
572 1498 646 1537 quia
660 1499 775 1529 amittit
792 1502 912 1536 visum3

145 1552 176 1581 et
189 1551 259 1581 talis
272 1553 318 1581 est
339 1560 395 1590 per
416 1553 564 1581 naturam
583 1552 740 1590 punitam.
763 1553 913 1583 Similiter

146 1603 214 1634 dico
229 1603 314 1643 quod
333 1604 472 1634 damnati
489 1604 655 1643 refugiunt
674 1609 800 1644 propter
821 1606 916 1636 timo-

148 1666 216 1688 rem
231 1665 345 1696 poenae.

188 1712 206 1739 5
221 1712 252 1740 et
265 1712 294 1739 6.
312 1709 359 1739 Ad
375 1709 454 1739 illud
469 1710 554 1748 quod
569 1711 717 1749 ohJicitur
739 1712 771 1741 in
793 1714 916 1742 contra-

147 1763 233 1793 rium
245 1787 252 1800 ‚
271 1763 355 1802 quod
371 1762 488 1792 hahent
504 1763 732 1802 poenitentiam,
750 1764 917 1794 dicendum

147 1817 231 1856 quod
248 1825 361 1846 verum
376 1818 423 1846 est
436 1826 442 1853 ;
463 1817 515 1846 sed
532 1816 586 1846 illa
601 1817 784 1855 poenitentia
799 1820 844 1848 est
859 1818 918 1847 sti-

149 1871 255 1901 mulus
270 1871 474 1910 poenitudinis
486 1894 494 1908 ,
515 1880 583 1909 ⁴non
599 1870 753 1909 correptio
769 1871 916 1901 volunta-

148 1924 204 1962 tis;
217 1924 302 1955 unde
318 1924 343 1953 si
359 1924 489 1954 daretur
503 1923 632 1954 libertas
642 1924 800 1963 peccandi,
814 1926 843 1954 et
854 1934 918 1963 spe-

148 1979 273 2008 raretur
293 1976 425 2006 omnino
440 1976 630 2015 impunitas,
647 1976 716 2006 dico
741 1977 825 2016 quod
847 1986 916 2015 pee-

148 2031 255 2060 carent
273 2038 280 2058 :
298 2029 351 2059 sed
367 2029 392 2059 si
413 2029 562 2059 deberent
583 2029 625 2059 ita
646 2029 751 2068 puniri
775 2038 831 2068 pro
851 2029 919 2059 aliis

147 2091 220 2122 quae
240 2083 394 2119 facerent,
414 2082 494 2112 sicut
516 2091 572 2121 pro
596 2082 643 2112 his
663 2091 736 2122 quae
758 2082 917 2119 fecerunt,

147 2144 313 2176 nunquam
326 2135 444 2166 vellent
458 2144 600 2175 peccare.

187 2191 204 2218 7
220 2190 251 2219 et
265 2197 330 2228 seq.
355 2189 403 2218 Ad
418 2188 496 2219 illud
515 2189 600 2228 quod
621 2188 782 2227 objicitur,
810 2191 919 2220 utrum

147 2242 285 2272 habeant
303 2242 443 2281 aliquam
471 2242 734 2273 inordinationem
763 2243 919 2273 actualem

148 2294 336 2332 voluntatis,
353 2297 455 2334 potest
469 2295 529 2325 diei
547 2295 630 2334 quod
646 2295 689 2325 sic
707 2306 714 2325 ε
732 2295 785 2325 sed
803 2296 855 2325 illa
871 2297 918 2326 in-

147 2347 303 2377 ordinatio
311 2349 359 2378 est
370 2348 414 2378 eis
428 2357 519 2378 versa
530 2348 563 2378 in
575 2356 712 2387 poenam,
727 2348 805 2378 sicut
823 2349 921 2378 beatis

149 2400 232 2430 hona
254 2400 402 2431 voluntas
426 2401 458 2430 in
482 2401 619 2439 gloriam
637 2412 645 2431 2
661 2401 746 2431 unde
767 2401 847 2431 sicut
871 2401 919 2431 isti

150 2462 213 2484 non
234 2455 396 2483 merentur
411 2453 548 2493 amplius
569 2454 652 2484 bona
669 2454 849 2492 voluntate,
880 2454 921 2484 ita

151 2516 208 2537 nee
224 2506 269 2536 illi
285 2506 489 2537 demerentur
507 2506 590 2536 mala
608 2517 613 2536 z
632 2509 662 2537 et
680 2506 740 2537 hoc
761 2507 834 2538 dicit
856 2510 919 2538 Au-

151 2560 298 2599 gustinus
311 2582 318 2596 ‚
335 2561 366 2590 et
380 2559 514 2590 habetur
530 2559 562 2589 in
578 2559 693 2590 littera.

187 2622 194 2637 ¹
208 2621 247 2651 Cf.
264 2623 289 2645 5.
305 2621 429 2651 Thomas,
444 2621 468 2644 in
483 2621 570 2652 Suppl.
592 2629 615 2651 p.
634 2623 681 2648 ΙΙΙ,
698 2628 722 2652 q.
736 2628 811 2651 XCIX,
827 2625 873 2646 art.
892 2624 920 2653 3;

153 2658 233 2685 Scot,
254 2657 282 2679 lv
308 2656 386 2686 Sene„
407 2656 463 2680 dist.
485 2663 511 2686 L,
537 2664 561 2687 τι.
589 2663 620 2687 ¹13
643 2657 769 2688 Richard,
791 2658 821 2680 lv
843 2658 920 2687 Seni.7

154 2692 210 2715 dist.
228 2698 256 2721 L,
271 2693 317 2715 art.
334 2693 357 2721 1,
375 2698 398 2722 q.
415 2698 448 2721 υς
466 2692 613 2715 Franciscus
632 2693 662 2715 de
685 2693 774 2723 Mayr„
792 2693 822 2716 lV
844 2693 921 2722 Seni„

154 2727 211 2751 dist.
229 2734 256 2757 L,
273 2735 298 2758 q.
315 2734 336 2757 13
352 2727 438 2758 steph.
457 2728 559 2757 Brules„
577 2728 606 2751 lv
625 2728 704 2758 Sene„
723 2728 780 2752 dist.
802 2734 830 2759 L,
848 2736 872 2760 q.
890 2735 920 2760 ιη

1675 256 1732 286 603

1229 378 1407 415 QUAESTIO
1430 378 1469 409 Il.

996 461 1041 487 An
1057 461 1180 487 damnati
1193 460 1304 486 mallem
1318 467 1370 486 non
1385 467 1453 489 esse,
1470 466 1548 492 quam
1564 460 1601 485 sic
1618 465 1672 484 esse
1690 456 1707 482 ¹.

1014 540 1124 571 Utrum
1161 539 1323 570 voluntate
1355 538 1560 569 deliberativa
1594 536 1735 568 damnati

966 594 1077 624 malint
1094 603 1158 623 non
1173 602 1251 629 esse,
1272 602 1368 631 qnam
1382 592 1425 622 sic
1439 601 1521 629 esse3
1537 593 1567 621 et
1581 590 1664 630 quod
1680 590 1734 627 sic⁷

965 648 1109 683 videtnr·,
1133 646 1206 686 quia
1229 646 1342 676 dicitnr
1369 647 1401 675 in
1426 644 1612 684 Apocalypsi
1641 647 1676 673 ²²:
1699 643 1737 674 1η

967 700 1075 732 (liebus
1095 699 1161 731 illis
1181 699 1410 731 desiderabam
1432 699 1573 730 homines
1593 698 1675 728 mori
1687 721 1694 731 ,
1711 700 1738 728 et

968 754 1068 792 fugyiet
1083 761 1166 785 ‘iners
1183 753 1221 784 ab
1235 754 1290 784 eis.

1011 805 1085 835 item
1098 804 1310 843 Augustinus,
1321 803 1354 832 in
1367 802 1447 832 libro
1458 802 1495 833 de
1508 802 1635 833 Miseria
1645 801 1739 841 hujus

969 858 1101 895 mundi,
1126 858 1258 897 loquens
1287 857 1325 887 de
1348 855 1522 888 damnatis,
1549 855 1648 884 dicit:
1680 866 1693 882 (ι
1716 853 1739 885 Ο

970 921 1067 948 mors,
1084 920 1180 950 quam
1197 910 1297 940 dulcis
1308 918 1401 945 esses,
1419 908 1537 948 quibus
1552 910 1618 937 tam
1632 916 1741 937 amara

969 965 1070 994 fuisti!
1089 963 1131 994 Te
1157 963 1256 993 solam
1286 962 1481 999 desiderant,
1508 961 1563 1000 qui
1588 962 1618 991 te
1644 960 1738 991 vehe-

970 1020 1092 1047 menter
1106 1017 1252 1047 oderunt.
1269 1028 1283 1044 »

1011 1071 1086 1100 ltem
1102 1070 1224 1100 ratione
1239 1070 1384 1105 videtur,
1402 1068 1477 1107 quia
1492 1068 1594 1107 maj0r
1608 1068 1656 1097 est
1670 1065 1742 1096 tris-

970 1123 1038 1153 titia
1057 1132 1097 1153 ΡΧ
1119 1131 1227 1162 poena,
1249 1131 1346 1161 quam
1375 1120 1536 1151 delectatio
1558 1129 1598 1149 ex
1627 1119 1740 1158 culpa,

971 1177 1046 1216 quia
1060 1176 1218 1205 modicum
1232 1175 1349 1205 habent
1362 1174 1527 1213 gaudium,
1543 1175 1573 1203 et
1588 1181 1741 1210 magnam

971 1229 1146 1259 tristitiam:
1160 1237 1237 1267 ergo
1252 1229 1276 1257 si
1290 1228 1399 1258 electio
1417 1226 1560 1257 tortionis
1576 1225 1743 1265 praeelegit

971 1283 1082 1321 fugam
1098 1282 1201 1320 magis
1217 1281 1320 1312 nocivi
1341 1280 1494 1311 desiderio
1515 1280 1621 1309 minus
1639 1279 1742 1309 delec-

971 1336 1095 1371 tabilis,
1122 1337 1155 1365 ut
1178 1326 1266 1374 'patet
1288 1335 1324 1364 de
1348 1334 1423 1371 illo,
1448 1333 1503 1372 qui
1528 1332 1598 1362 vult
1627 1332 1741 1362 lucrari

972 1393 1160 1430 argentum,
1185 1395 1215 1421 et
1234 1391 1317 1429 fugit
1337 1391 1490 1426 mortem,
1515 1388 1637 1419 videtur
1659 1387 1744 1426 quod

972 1445 1112 1475 damnati
1129 1445 1241 1475 malint
1260 1444 1392 1474 omnino
1405 1451 1470 1473 non
1491 1451 1573 1479 esse,
1590 1449 1685 1480 quam
1701 1440 1745 1470 sic

975 1499 1092 1537 puniri.

1016 1551 1092 1581 Item
1103 1575 1111 1588 ,
1131 1551 1156 1580 si
1171 1550 1316 1580 cederent
1330 1549 1362 1579 in
1378 1558 1441 1579 non
1457 1557 1538 1584 esse,
1557 1556 1652 1587 poena
1664 1548 1746 1576 esset

973 1606 1212 1634 momentanea:
1229 1603 1283 1634 sed
1299 1611 1391 1642 poena
1406 1601 1563 1632 cruciatus
1578 1609 1689 1630 eorum
1700 1601 1747 1629 est

973 1660 1116 1688 {eterna-2
1137 1665 1215 1695 ergo
1235 1657 1259 1686 si
1280 1665 1374 1695 poena
1394 1656 1615 1684 momentanea
1634 1652 1744 1692 praefe-

972 1711 1070 1741 rende
1085 1712 1131 1740 est
1146 1712 1276 1740 aeternae
1287 1733 1294 1746 ,
1312 1709 1392 1738 sicut
1407 1708 1528 1738 malum
1543 1706 1671 1736 finitum
1693 1705 1744 1734 in-

974 1764 1075 1799 finito,
1093 1763 1234 1798 videtur,
1247 1765 1306 1792 etc.

1015 1810 1127 1845 Contra
1144 1826 1150 1844 :
1174 1818 1201 1844 1.
1223 1814 1424 1852 Augustinus
1440 1813 1473 1842 in
1488 1812 1568 1842 libro
1584 1811 1621 1843 de
1638 1811 1746 1842 Libero

975 1869 1115 1900 Arbitrio
1136 1871 1146 1886 ³
1167 1878 1178 1898 .·
1208 1879 1221 1896 «
1246 1866 1412 1896 Considera
1436 1875 1532 1905 quam
1554 1865 1673 1895 bonum
1702 1866 1748 1894 est

974 1930 1041 1951 esse
1052 1945 1060 1958 ,
1081 1920 1165 1960 qnod
1180 1922 1211 1950 et
1226 1920 1307 1950 beati
1323 1922 1353 1950 et
1376 1919 1483 1949 miseri
1498 1919 1628 1956 volunt3
1646 1918 1748 1957 magis

975 1977 1081 2004 tamen
1103 1976 1149 2003 est
1170 1982 1238 2003 esse
1260 1975 1289 2003 et
1314 1973 1483 2009 miserum,
1499 1981 1596 2012 quam
1616 1971 1748 2002 omnino

976 2038 1040 2058 non
1054 2038 1130 2065 esse,
1145 2037 1219 2058 cum
1234 2029 1342 2057 tamen
1356 2027 1451 2056 miser
1465 2035 1530 2056 esse
1544 2025 1637 2056 nolis.
1657 2036 1671 2054 »

1014 2083 1043 2111 ⁹2.
1068 2081 1147 2111 Item
1179 2080 1300 2110 ratione
1328 2080 1479 2118 arguitur
1494 2081 1504 2097 ⁶
1530 2089 1536 2108 t
1568 2078 1748 2109 Praeelectio

975 2134 1125 2173 supponit
1147 2133 1332 2164 electionem
1350 2143 1356 2162 :
1382 2133 1436 2163 sed
1452 2141 1516 2162 non
1538 2140 1605 2162 esse
1622 2140 1688 2161 non
1703 2133 1749 2162 est

975 2188 1114 2227 eligibile
1131 2188 1192 2227 (a),
1218 2187 1294 2226 quia
1318 2195 1412 2217 omne
1431 2184 1569 2225 eligibile
1591 2185 1684 2215 habet
1709 2185 1745 2223 (b)

975 2241 1190 2281 apparentiam
1206 2240 1281 2270 boni
1299 2251 1305 2269 :
1325 2239 1378 2270 sed
1399 2239 1503 2279 ipsum
1524 2248 1587 2269 non
1602 2247 1668 2269 esse
1684 2247 1748 2268 non

975 2296 1070 2325 habet
1084 2295 1159 2325 boni
1181 2293 1396 2334 apparentiam
1407 2317 1414 2331 ,
1431 2293 1506 2332 quia
1519 2292 1603 2332 quod
1620 2293 1749 2331 apparet

976 2349 1111 2385 bonum,
1129 2349 1257 2387 apparet
1272 2356 1360 2377 esse:
1378 2355 1466 2386 ergo,

1017 2404 1045 2431 3.
1059 2401 1135 2431 item
1152 2401 1255 2431 omnis
1270 2400 1427 2440 appetitus
1441 2399 1604 2430 ordinatus
1616 2400 1662 2428 est
1677 2406 1748 2429 con-

976 2454 1086 2485 formis
1107 2455 1246 2491 naturae,
1262 2453 1337 2492 quia
1358 2454 1475 2483 natura
1490 2461 1615 2491 semper
1629 2451 1748 2491 appetit

976 2509 1060 2547 quod
1078 2507 1192 2538 melius
1208 2509 1272 2537 est:
1290 2506 1344 2537 sed
1361 2507 1476 2536 natura
1491 2513 1614 2544 semper
1629 2504 1748 2543 appetit

979 2580 1066 2603 Petrus
1077 2579 1107 2601 ‹ie
1122 2579 1233 2606 Tarant,
1248 2578 1277 2601 {V
1293 2577 1370 2605 Seni„
1385 2576 1441 2600 dist.
1460 2582 1482 2605 L,
1494 2582 1518 2605 q.
1536 2581 1628 2598 Χυμ-
1639 2576 1649 2590 ²
1662 2575 1747 2604 Apoc„

978 2621 1014 2645 lx,
1034 2617 1056 2637 fi.
1075 2627 1104 2632 --
1122 2614 1131 2629 ³
1151 2616 1225 2644 Ang.,
1243 2612 1272 2636 cle
1294 2612 1336 2636 lib,
1359 2611 1465 2639 Arbilr„
1487 2611 1527 2634 lib.
1552 2611 1597 2639 m,
1618 2617 1639 2633 c.
1656 2615 1702 2633 vn.
1718 2622 1747 2626 —

978 2651 986 2666 b
998 2649 1063 2673 Arist
1077 2668 1082 2678 ‚
1097 2649 1126 2672 de
1141 2650 1267 2676 General„
1284 2648 1326 2672 lib.
1347 2648 1376 2677 ΙΙ,
1393 2649 1461 2670 cont.
1480 2647 1530 2669 ¹59.

1011 2695 1041 2723 (α)
1062 2694 1121 2717 coet.
1138 2693 1197 2716 edit.
1215 2694 1252 2716 est
1268 2692 1385 2721 eligibile.
1403 2697 1504 2714 uon.—
1524 2689 1556 2719 (b)
1574 2689 1644 2714 Edu.
1668 2689 1746 2712 Varie,

978 2729 1078 2753 habeat.

1752 546 1854 567 fundam.

1763 1828 1794 1848 Ad
1815 1834 1864 1853 opp.
