1991 3006
38 1461 71 1482 Aa
89 1468 140 1488 opp.

643 211 741 243 DIST.
762 211 893 243 XLVIII.
916 213 1007 245 ART.
1035 215 1057 244 I.
1082 213 1232 251 QUAEST.
1258 216 1280 246 1.

161 281 303 312 nitatem.
319 281 355 312 Et
369 281 452 321 quod
468 280 642 312 secundum
657 279 853 309 divinitatem
863 303 872 317 ,
884 280 929 309 vi-

160 334 251 365 detur
269 346 275 364 z
294 335 370 374 quia
393 335 449 365 ubi
472 334 580 373 agitur
599 334 636 364 de
654 333 791 372 judicio,
815 333 929 363 dic-itur

160 388 245 427 quod
259 389 267 404 ¹
287 387 396 419 throni
408 388 507 426 positi
521 390 596 418 sunt
608 411 618 425 ,
644 390 672 418 et
690 387 843 425 antiquus
859 385 927 417 ‹lie-

160 449 230 472 rum
243 440 327 472 sedit
335 449 348 478 ,·
364 442 392 470 θῖ
408 440 516 471 Glossa
530 439 657 479 exponit
681 439 718 469 de
742 438 833 469 Patre
852 449 858 468 ε
876 438 929 468 sed

159 493 243 533 quod
257 493 404 523 convenit
419 493 539 523 Christo
555 502 628 522 eum
645 491 736 522 Patre
750 515 757 526 ,
783 490 929 521 convenit

158 546 279 576 ratione
295 545 483 582 divinitati53
507 545 561 575 sed
582 545 725 584 Judicare
750 546 795 573 est
811 543 928 582 hujus-

158 599 262 636 modi,
279 601 314 629 ut
328 599 497 638 probatum
513 600 558 628 est
577 609 582 627 :
601 606 680 636 ergo
695 621 701 634 ,
719 600 777 627 ete.

198 652 304 690 ltem²‚
324 652 419 683 Pater
433 659 520 683 omne
530 651 696 690 jactatam
711 649 800 681 dedit
819 649 902 680 Filio
917 673 925 687 ,

158 708 193 736 ut
206 713 308 736 omnes
323 705 532 743 honorificent
556 705 694 741 Filiam7
718 704 801 734 sicut
822 710 928 734 omnes

156 757 370 796 honorificam
385 758 509 789 Patrem
524 767 534 788 .·
549 757 602 788 sed
617 757 714 787 Filius
729 765 794 786 non
808 758 855 786 est
875 756 928 785 ho-

156 811 339 849 norandus,
361 814 397 841 ut
417 810 519 849 Pater,
542 810 602 840 nisi
626 810 730 840 solum
752 809 927 840 seeundum

156 864 353 895 divinitatem
371 875 377 894 :
400 872 479 902 ergo
495 873 566 894 eum
578 863 735 903 Judicium
754 863 794 892 sit
809 863 847 893 ad
868 862 928 893 hoe

156 917 264 948 datum
274 941 283 955 ,
299 926 380 956 ergo
394 917 570 947 seeundum
583 916 792 946 dlvinitatem.

197 970 273 1000 Item
303 972 372 1010 eJus
393 972 439 1000 est
462 970 625 1010 ,iudicarffi
653 970 744 1008 eujus
768 971 816 1000 est
834 969 926 999 retri-

156 1025 253 1055 buere
270 1035 276 1054 :
295 1024 349 1054 sed
362 1024 537 1054 retribuere
551 1026 597 1054 est
612 1023 787 1053 seeundum
809 1023 928 1053 diviui-

156 1079 267 1114 tatem,
288 1077 362 1117 quia
376 1076 414 1108 cle
441 1078 502 1108 Deo
518 1079 528 1095 ³
559 1079 679 1115 oportet
700 1076 824 1107 credere
849 1084 928 1115 quo-

155 1130 245 1161 niam
261 1133 326 1167 est,
343 1132 371 1161 et
386 1132 601 1161 remunerator
617 1132 683 1160 est:
700 1138 777 1168 ergo
793 1131 823 1159 et
835 1129 927 1168 judi-

156 1183 252 1213 ciaria
267 1185 405 1223 potestas
419 1183 501 1213 inest
516 1183 544 1213 ei
558 1182 680 1213 ratione
696 1182 884 1212 divinitatis.

196 1236 272 1266 Item
287 1245 306 1266 a
320 1236 475 1266 sententia
489 1235 606 1265 Christi
624 1235 732 1265 nullus
748 1235 861 1275 poterit
875 1245 927 1275 ap-

155 1290 271 1330 pellare
284 1301 290 1320 :
304 1298 384 1328 ergo
400 1289 576 1320 seeundum
591 1288 679 1318 illam
693 1289 864 1328 potentiam
877 1290 927 1328 Ju-

155 1343 281 1380 dicabit,
299 1342 475 1373 seeundum
488 1351 585 1381 quam
600 1350 664 1372 non
680 1341 773 1371 habet
787 1341 929 1380 superio-

155 1405 222 1426 rem
241 1407 247 1426 z
266 1396 320 1427 sed
334 1395 402 1426 haee
417 1397 464 1425 est
477 1395 651 1425 divinitatis
665 1405 671 1424 :
688 1403 767 1433 ergo
780 1418 788 1432 ,
803 1396 861 1424 ete.

198 1450 332 1481 Contra*
350 1458 356 1478 :
375 1449 469 1480 Pater
485 1457 551 1480 non
562 1448 695 1487 judicat
718 1456 927 1487 quemquam,

154 1503 211 1534 sed
233 1511 322 1535 omne
344 1502 511 1541 judicium
525 1501 615 1533 dedit
630 1501 738 1533 Filio:
757 1501 809 1531 sed
825 1500 928 1531 omnis

154 1557 241 1586 actus
253 1579 260 1593 ‚
285 1556 339 1595 qui
357 1555 505 1585 convenit
522 1554 601 1585 Filio
617 1554 793 1584 seeundum
809 1553 927 1583 divini-

154 1611 268 1647 tatem,
285 1609 433 1640 convenit
454 1607 538 1638 Patri
557 1619 563 1637 ι
582 1607 635 1638 sed
649 1607 792 1647 J'udICare
807 1630 815 1644 ,
836 1615 901 1636 non
918 1617 924 1636 :

155 1671 233 1701 ergo
245 1686 252 1698 ,
269 1664 328 1692 etc.

195 1714 272 1745 Item
284 1716 294 1731 ⁵
311 1726 316 1744 :
346 1715 450 1746 Causa
470 1717 526 1746 tua
539 1714 634 1753 quasi
655 1714 751 1753 impii
767 1723 776 1741 :
792 1713 900 1743 Glossa
917 1724 923 1743 :

161 1780 174 1796 α
189 1767 204 1798 J
209 1768 331 1798 udicata
344 1770 390 1798 est
402 1777 421 1798 a
436 1767 536 1798 Pilato
556 1779 562 1798 z
588 1767 656 1798 ideo
666 1767 829 1807 judicium
848 1775 925 1798 cau-

153 1831 281 1863 samque
294 1823 443 1862 rectptes,
465 1825 501 1853 ut
511 1824 596 1862 juste
609 1823 731 1862 judi0es
750 1833 756 1852 z
773 1834 786 1850 >³
806 1831 885 1861 ergo
900 1822 926 1851 si

150 1876 317 1915 ‚iudicatus
330 1878 377 1906 est
396 1876 570 1906 secundum
590 1876 819 1906 humanitatem
833 1899 841 1912 ,
867 1884 924 1914 po-

153 1931 296 1959 testatem
306 1929 469 1968 judicandi
480 1929 609 1960 habebit
623 1928 798 1959 seeundum
810 1929 924 1958 huma-

153 1982 295 2012 nitatem.

193 2033 271 2064 Item
285 2043 433 2074 expresse
447 2034 559 2065 dicitur
570 2039 580 2054 ⁶
597 2046 603 2065 :
629 2036 810 2067 potestatem
832 2034 924 2065 aedit

151 2086 353 2126 eijudicium
371 2088 492 2126 facere,
510 2089 588 2128 quia
604 2089 693 2127 silias
709 2088 850 2120 hominis
866 2090 921 2119 est.

193 2140 270 2171 Item
286 2141 407 2172 ratione
418 2144 550 2180 constat,
565 2142 650 2182 quod
664 2142 730 2179 ipse
746 2141 923 2171 seeundum

151 2194 384 2225 humanitatem
404 2196 623 2235 promulgabit
651 2196 689 2235 (a)
710 2195 919 2233 sententiam,

151 2249 181 2277 et
202 2248 376 2278 secundum
401 2248 489 2278 illam
508 2251 658 2279 naturam
681 2247 920 2288 promulgabit,

151 2300 325 2331 secundum
348 2310 446 2341 quam
467 2301 563 2332 habet
587 2301 805 2332 auctoritatem
820 2302 851 2331 et
865 2309 922 2340 po-

150 2355 294 2384 testatem
311 2354 351 2384 ad
372 2355 431 2385 hoe
450 2355 649 2392 faoiendum3
675 2354 818 2394 alioquin
841 2356 921 2384 esset

146 2407 304 2445 Judicium
325 2411 514 2448 usurpatum
531 2418 538 2439 ε
555 2418 634 2448 ergo
658 2408 834 2439 seeundum
858 2408 920 2438 hu-

95 2475 99 2480 ·
151 2460 335 2491 manitatem
361 2461 489 2492 habebit
514 2461 733 2493 auctoritatem
760 2464 790 2492 et
814 2463 917 2501 potes-

151 2514 260 2543 tatem.

150 2609 240 2633 Thom.
263 2611 376 2641 Argent„
394 2611 425 2635 IV
448 2611 527 2641 Sent.,
549 2611 605 2635 dist.
628 2618 719 2643 Χινιιι,
739 2620 764 2643 q.
786 2619 805 2641 1,
826 2614 873 2636 art.
891 2614 917 2641 1;

151 2644 238 2675 Steph.
255 2646 357 2676 Brulef.‚
377 2647 407 2670 IV
421 2647 499 2677 Sent.‚
512 2647 569 2671 dist.
585 2653 675 2678 xnvur,
693 2654 717 2678 q.
733 2654 759 2679 1;
778 2649 866 2672 Petrus
887 2647 917 2671 de

150 2680 261 2712 Tamne,
278 2682 308 2705 IV
325 2682 404 2713 Seni„
415 2682 472 2707 dist.
484 2689 576 2714 vam,
590 2690 615 2714 q.
631 2689 646 2708 ι.

1700 220 1758 249 555

1028 281 1105 311 Item
1124 281 1191 320 ipse
1215 282 1356 314 Christus
1377 283 1436 313 erit
1456 283 1557 323 judex
1582 286 1757 317 secundum

987 334 1219 364 humanitatem
1230 359 1237 372 ‚
1254 338 1308 365 aut
1330 336 1512 376 principalis
1523 361 1530 372 ‚
1555 339 1608 368 aut
1627 339 1755 378 delega-

988 388 1036 417 tus
1053 396 1060 416 ;
1076 387 1102 416 si
1113 387 1276 426 delegatus
1289 412 1296 425 ,
1313 398 1391 426 ergo
1401 389 1440 418 ah
1453 391 1522 429 ejiis
1537 392 1691 422 sententia
1702 401 1756 432 po-

986 439 1055 468 terit
1077 439 1227 478 appellari
1245 450 1251 469 :
1274 440 1358 478 quod
1383 441 1541 471 nefariilm
1566 445 1613 472 est
1634 443 1756 475 dicere:

986 492 1045 522 erit
1060 501 1139 531 ergo
1150 492 1251 531 judex
1266 493 1468 532 principalis:
1487 495 1540 525 sed
1551 496 1651 535 judex
1668 498 1756 537 prin-

986 545 1091 584 cipalis
1102 545 1133 574 in
1143 545 1316 584 judicando
1328 546 1425 577 hahet
1436 549 1655 580 auctoritatem
1666 551 1754 590 prin-

985 598 1117 637 cipalem
1134 607 1142 628 ε
1159 607 1239 637 ergo
1257 599 1435 629 seeundum
1454 600 1685 633 humanitatem
1696 604 1756 634 ha-

987 652 1036 681 het
1052 651 1245 691 praecipuam
1263 653 1494 684 auctoritatem.

1261 753 1484 786 CONCLUSIO.

984 832 1103 858 Potestas
1123 831 1276 865 judiciaria
1300 834 1337 858 est
1360 832 1463 858 Christi
1488 834 1632 860 secandum
1658 835 1758 862 divini·

1019 878 1100 903 tatem
1113 884 1160 911 per
1176 878 1301 902 naturam
1311 897 1319 909 ,
1336 876 1477 903 secundum
1495 878 1689 904 humanitatem
1704 880 1758 905 coI-

1021 921 1078 946 Iata
1089 928 1136 954 per
1151 921 1277 954 qratiam.
1299 920 1370 947 Unde
1384 921 1473 954 quoad
1487 921 1614 948 lationem
1625 924 1759 949 sententiae

1018 967 1135 998 pertinet
1157 965 1194 991 ad
1221 965 1432 996 humanitatem;
1457 965 1512 999 ejus
1534 967 1620 992 tamen
1643 974 1695 993 non
1721 970 1759 993 est

1020 1011 1147 1041 tanquam
1165 1009 1268 1042 judicis
1287 1009 1417 1043 delegati,
1439 1009 1484 1035 sed
1505 1011 1633 1043 tanquam
1653 1012 1758 1045 princi-

1019 1052 1104 1086 palis.

1026 1128 1115 1168 Resp.
1147 1129 1186 1159 ad
1209 1138 1279 1169 arg.
1306 1130 1478 1161 Dicendum
1500 1132 1585 1171 quod
1610 1132 1648 1162 ad
1678 1132 1757 1170 hoo,

983 1182 1068 1222 quod
1080 1182 1238 1221 judicium
1253 1183 1294 1214 sit
1309 1184 1440 1214 firmum
1452 1208 1459 1222 ‚
1476 1186 1637 1215 concurrit
1649 1188 1756 1216 aueto-

984 1236 1061 1266 ritas
1076 1238 1106 1266 et
1120 1238 1259 1275 potestas
1275 1247 1281 1267 2
1295 1238 1464 1267 auetorItas
1480 1238 1511 1268 in
1529 1238 1756 1276 sententiando,

985 1291 1015 1319 et
1031 1291 1169 1328 potestas
1184 1290 1215 1320 in
1231 1291 1436 1321 retribuendo
1451 1292 1618 1331 praemium
1641 1302 1758 1323 seeun—

984 1342 1060 1372 dum
1076 1343 1237 1373 meritum.
1256 1343 1288 1373 Si
1316 1344 1452 1374 alterum
1476 1344 1593 1375 horum
1616 1345 1756 1382 deficiat,

985 1405 1048 1426 non
1060 1396 1283 1435 estjudicium.
1297 1396 1372 1427 Haeo
1382 1397 1445 1428 duo
1457 1398 1673 1438 principaliter
1685 1401 1760 1429 sunt

984 1449 1016 1478 in
1031 1448 1104 1479 Deo.
1131 1448 1212 1479 Nam
1227 1450 1261 1479 in
1277 1450 1344 1489 ipso
1359 1453 1405 1481 est
1428 1452 1597 1482 auctoritas
1616 1452 1655 1482 ad
1681 1461 1756 1482 seu-

984 1502 1203 1538 tentiandum,
1228 1503 1302 1542 quia
1318 1503 1469 1534 Dominus
1490 1504 1635 1535 omnium
1650 1508 1710 1543 est,
1729 1508 1759 1536 et

984 1564 1040 1585 nos
1059 1564 1170 1586 omues
1184 1556 1267 1587 servi
1284 1558 1364 1596 eJus.
1384 1557 1438 1588 Est
1452 1558 1545 1588 etiam
1561 1560 1697 1598 potestas
1719 1559 1757 1590 ad

984 1608 1243 1646 retribuendum,
1260 1610 1335 1649 quia
1356 1611 1616 1650 potentissimus,
1641 1613 1673 1642 et
1694 1621 1758 1642 non

983 1665 1029 1693 est
1055 1662 1110 1702 qui
1135 1664 1243 1693 contra
1263 1672 1338 1693 eum
1359 1673 1391 1694 se
1414 1664 1517 1694 valeat
1535 1665 1680 1704 erigere,
1708 1665 1757 1696 vel

982 1717 1051 1755 ejus
1068 1716 1258 1747 seutentiam
1283 1718 1418 1748 irritare.
1443 1718 1517 1749 Haee
1531 1719 1593 1749 duo
1609 1729 1757 1750 commu-

984 1768 1102 1798 nicavit
1124 1768 1205 1799 Deus
1220 1768 1356 1800 Trinitas
1371 1771 1495 1801 homini
1511 1771 1635 1802 Christo
1649 1797 1656 1809 ‚
1682 1782 1755 1803 auc.-

982 1821 1141 1851 toritatem
1162 1821 1265 1852 dando
1278 1847 1285 1860 ,
1303 1825 1334 1853 et
1355 1824 1550 1863 dominium7
1574 1825 1654 1856 sieut
1677 1826 1753 1857 dici-

982 1876 1034 1904 tur
1045 1878 1054 1892 '¹
1071 1885 1076 1904 :
1095 1875 1264 1906 Dominum
1279 1876 1354 1914 feeit
1369 1877 1452 1908 Deus
1467 1877 1550 1909 hunc
1564 1879 1682 1910 Jesunz.
1700 1879 1755 1910 Po-

981 1929 1125 1958 testatem
1137 1928 1232 1958 etiam
1243 1928 1327 1959 dedit
1336 1930 1394 1959 sibi
1403 1933 1515 1961 caetera
1524 1932 1720 1971 subjiciendo
1727 1934 1751 1963 ⁸:

984 1981 1065 2012 Data
1080 1985 1123 2013 est
1138 1981 1220 2013 mihi
1231 1983 1334 2013 omnis
1345 1986 1492 2022 potestas.
1508 1983 1546 2014 Et
1560 1985 1648 2015 ίιῖθο9
1662 1995 1668 2015 :
1685 1986 1755 2025 Ipse

981 2040 1044 2074 est,
1067 2037 1126 2076 qui
1140 2038 1334 2069 constitutus
1349 2042 1395 2070 est
1420 2047 1439 2070 a
1461 2041 1522 2070 Deo
1545 2039 1647 2078 iudex
1662 2042 1755 2073 vivo-

981 2095 1051 2118 rum
1067 2091 1094 2119 et
1110 2091 1322 2126 mortuorum,
1345 2089 1424 2119 sieut
1447 2089 1571 2120 (licitur.
1598 2090 1754 2127 Quoniam

980 2149 1058 2178 ergo
1074 2142 1211 2180 potestas
1221 2142 1391 2181 judiciaria
1406 2143 1535 2182 respicit
1550 2143 1603 2173 illa
1613 2144 1675 2174 duo
1690 2145 1753 2183 jam

979 2193 1059 2224 dieta
1071 2217 1079 2230 ‚
1095 2195 1126 2224 et
1140 2194 1193 2224 illa
1209 2197 1284 2225 sunt
1298 2195 1330 2224 in
1345 2194 1406 2225 Deo
1423 2205 1478 2235 per
1489 2198 1638 2227 naturam
1651 2221 1658 2234 ⁷
1674 2199 1704 2227 et
1720 2198 1753 2228 ln

979 2246 1100 2277 Christo
1114 2247 1243 2278 homine
1256 2257 1313 2287 per
1326 2248 1464 2287 gratiam
1477 2260 1484 2286 3
1500 2249 1568 2280 ideo
1582 2250 1752 2289 judiciaria

978 2302 1115 2339 potestas
1141 2302 1187 2331 est
1215 2301 1329 2332 Christi
1356 2302 1529 2333 secundum
1554 2303 1751 2334 divinitatem

979 2362 1033 2393 per
1048 2356 1196 2384 naturam
1208 2378 1218 2392 ,
1234 2355 1409 2385 secundum
1430 2356 1661 2387 humanitatem
1683 2358 1750 2388 col-

978 2406 1039 2437 lata
1054 2416 1109 2447 per
1120 2407 1270 2446 gratiam.
1284 2408 1373 2439 Unde
1388 2410 1563 2440 secundum
1580 2413 1749 2450 utramque

976 2462 1125 2490 naturam
1140 2460 1235 2491 habet
1248 2462 1485 2500 auctoritatem;
1504 2463 1556 2493 sed
1573 2463 1748 2494 secundum

976 2512 1191 2551 divinitatem,
1214 2514 1418 2554 principalem
1438 2519 1467 2546 et
1484 2516 1679 2553 naturale1n3
1697 2526 1746 2545 so-

1009 2571 1099 2601 wrm„
1112 2577 1157 2602 Vll,
1174 2574 1196 2595 9.
1208 2585 1238 2589 -—-
1254 2572 1261 2586 ²
1273 2573 1355 2602 Joan„
1372 2579 1395 2603 V,
1414 2575 1450 2597 II.
1466 2586 1491 2590 —-
1505 2573 1515 2589 ³
1529 2573 1612 2603 Hebr„
1631 2580 1664 2604 XI,
1679 2576 1702 2598 5.
1719 2588 1748 2592 —

977 2606 1077 2635 ‘Jortnq
1091 2612 1115 2636 ν,
1129 2607 1223 2631 11.—⁵
1237 2607 1296 2638 lob,
1310 2614 1400 2639 xxxm,
1416 2610 1492 2632 17.—
1505 2610 1514 2621 ⁶
1525 2609 1605 2635 joan..
1628 2615 1651 2638 v,
1667 2611 1704 2633 27.
1718 2623 1747 2627 —-

974 2642 983 2658 ⁷
999 2642 1062 2671 Art„
1080 2647 1107 2672 ιι,
1124 2644 1162 2666 36.
1176 2656 1201 2659 -
1218 2642 1228 2658 ⁸
1242 2644 1342 2674 Marta„
1357 2650 1451 2674 xxviii,
1469 2647 1504 2668 18.
1519 2658 1549 2662 -
1565 2646 1573 2657 ’·’
1586 2646 1650 2676 Act„
1667 2652 1692 2675 x,
1710 2647 1745 2670 42.

1006 2681 1038 2711 (a)
1053 2682 1113 2707 e'oet.
1128 2681 1188 2706 edit.
1201 2683 1381 2714 promulgavit.

1768 2437 1871 2464 prlivat.
