1991 3006
181 255 242 280 ART.
260 262 279 280 1.
298 255 391 285 Quaest.
408 258 430 281 1.
446 257 536 281 Utrum
555 258 667 288 potestas
683 256 816 288 judiciaria
837 256 869 280 sit

212 291 304 315 Christi
318 292 457 316 secundum
471 293 654 317 humanitatem
664 311 671 323 ,
683 299 716 316 an
730 292 869 316 seeundum

212 326 378 350 divinitatem.

181 361 275 389 Quaest.
297 363 320 386 2.
344 363 433 386 Utrum
456 363 569 387 Christus
588 364 614 387 in
634 364 714 388 forma
737 362 872 387 divinitatis

212 397 344 427 apparebit
358 397 439 421 malis.

181 431 275 459 Quaest.
304 433 327 455 3.
352 433 442 456 Utrum
465 433 578 458 Christus
605 434 630 456 in
655 433 736 457 forma
764 434 872 464 gloriosa

213 467 346 496 apparebit
362 467 486 497 reprobis.

181 501 276 528 Quaest.
304 503 327 525 4.
354 502 444 526 Utrum
463 502 526 526 hora
546 503 637 533 judieii
660 503 692 527 sit
717 505 778 527 nota
800 503 873 527 alicui

212 538 343 560 ereaturae.

182 572 243 594 ΑΜ.
259 577 286 594 11.
306 572 399 600 Quaest.
413 574 436 597 1.
453 573 542 597 Utrum
564 580 672 604 corpora
687 573 874 604 supercaelestia

212 607 452 632 remunerabuntur.

182 641 277 699 Οιξεεῖ.
292 643 314 666 2.
335 643 424 666 Utrum
438 650 546 674 corpora
567 644 752 674 supercaelestia
775 644 873 675 quieta-

231 678 316 700 untur.

182 711 275 739 Quaest.
291 712 315 736 3.
337 713 425 736 L‘trum
443 713 633 738 innovabuntur
647 714 780 739 elementa.

182 746 275 805 Qifiaesllg.
294 748 315 771 4.
330 748 419 772 Utrum
434 748 625 773 innovabuntur
642 749 735 780 plantae
747 752 772 773 et
781 749 874 772 anima-

231 788 245 804 a
272 784 338 806 ruta.

181 818 251 841 DisT.
272 823 341 841 xmx.
361 818 437 842 PARS.
453 824 470 842 1.

182 853 313 883 Expositio
329 854 422 878 textus.

182 888 276 916 Quaest.
293 890 314 911 1.
336 889 425 912 Utrum
440 889 569 914 beatitudo
586 890 618 914 sit
633 890 729 914 bonum
747 891 874 918 creatum,

212 930 245 947 an
260 923 409 948 increatum.

183 958 274 986 Quaest.
297 960 320 982 2.
343 959 433 982 Utrum
448 960 531 983 omnis
552 960 630 984 homo
645 961 747 990 appetat
764 959 873 983 heatitu-

213 993 299 1016 dinem
314 1000 411 1017 veram.

183 1029 277 1056 Qiiaest.
293 1029 315 1051 3.
335 1029 424 1052 Utrum
439 1029 516 1053 bomo
533 1031 565 1054 sit
583 1030 724 1060 subjectum
740 1029 874 1053 beatitudi-

213 1064 252 1086 nis
275 1064 414 1087 secundum
439 1065 565 1094 animam,
591 1072 623 1088 an
644 1067 725 1088 totum
752 1065 873 1095 conjunc«

214 1100 276 1121 trun.

183 1134 276 1161 Quaest.
287 1134 308 1157 4.
321 1134 410 1157 Utrum
421 1134 549 1158 beatitudo
559 1135 591 1158 sit
603 1135 629 1158 in
639 1135 724 1158 anima
735 1134 874 1158 seeundum

213 1168 390 1195 substantiam.
407 1176 439 1192 an
452 1170 591 1193 seeundum
608 1170 756 1200 potentiam.

183 1205 278 1232 Quaest.
294 1206 317 1228 5.
338 1205 428 1229 Utrum
443 1205 605 1229 beatitudinis
621 1208 691 1230 aetus
710 1206 740 1229 sit
759 1206 873 1229 omnium

214 1240 392 1270 potentiarum.

183 1275 278 1302 Quaest.
293 1276 316 1299 6.
335 1276 423 1299 Utrum
436 1282 525 1299 omnes
538 1276 648 1300 habeant
661 1276 785 1306 aequalem
799 1276 876 1299 beati-

214 1309 338 1334 tudinem.

183 1344 254 1367 Disr.
272 1351 343 1368 xtix.
362 1346 441 1369 PARS.
457 1351 484 1369 11.

184 1379 313 1409 Expositio
328 1381 421 1403 textus.

184 1414 246 1437 ΑΜ.
265 1420 412 1439 PRINOEPAL.
429 1421 447 1438 1.
464 1422 534 1440 sacr.
552 1422 568 1439 1.
587 1416 682 1444 Quaest.
706 1418 726 1439 1.
744 1418 781 1440 An
797 1416 875 1447 gloria

214 1450 329 1479 corporis
343 1451 374 1474 sit
384 1450 415 1473 de
430 1451 569 1474 substantia
580 1451 752 1476 beatitudinis.

184 1484 279 1512 Quaest.
294 1487 317 1509 2.
335 1486 373 1508 An
386 1486 515 1510 beatitudo
529 1486 560 1509 sit
573 1494 588 1509 a
599 1487 680 1517 gloria
695 1487 786 1511 animae
798 1487 874 1517 origi-

214 1519 315 1543 naliter.

185 1556 259 1579 SECT.
278 1562 304 1580 Η.
323 1557 416 1584 Quaest.
433 1559 453 1580 1.
471 1558 509 1580 An
527 1558 599 1581 dotes
613 1558 728 1588 corporis
745 1558 876 1589 glorificati

215 1591 265 1614 sint
281 1592 385 1621 praeeise
400 1594 518 1622 quatuor.

184 1626 278 1654 Quaest.
301 1628 323 1650 2.
346 1628 383 1650 An
403 1627 475 1651 dotes
498 1628 611 1658 corporis
632 1628 763 1659 {equaliter
784 1628 832 1653 siut
851 1629 875 1652 in

216 1661 345 1685 omnibus.

185 1696 258 1720 SECT.
278 1702 316 1720 ιιι.
335 1699 427 1725 Quaest.
447 1700 466 1721 1.
486 1699 522 1721 An
544 1699 568 1721 in
583 1698 662 1728 patria
683 1705 772 1722 omnes
787 1706 876 1723 sensus

217 1733 290 1754 erunt
302 1731 327 1754 in
340 1739 386 1756 suo
399 1734 466 1756 actu.

188 1767 281 1794 Quaest.
300 1769 323 1790 2.
342 1769 378 1790 An
393 1767 426 1790 illi
440 1774 542 1797 seusus,
558 1769 601 1799 qui
615 1770 689 1792 erunt
699 1769 725 1792 in
740 1776 785 1793 suo
801 1771 857 1793 actu
867 1787 874 1799 ,

219 1804 373 1832 cognoscant
387 1810 432 1833 per
446 1804 618 1834 receptionem
635 1804 736 1834 speciei.

190 1838 251 1860 Aur.
278 1842 427 1862 rumorem.
457 1845 484 1862 η.
514 1840 587 1863 SECT.
616 1845 634 1862 1.
666 1839 761 1867 Quaest.
790 1841 811 1862 1.
838 1841 876 1863 An

221 1878 312 1902 corpus
333 1873 471 1904 gloriosum
493 1874 524 1898 sit
543 1874 660 1904 passibile
680 1874 711 1898 ab
728 1874 874 1898 intrinseco.

909 189 1038 222 INDEX.

908 1241 951 1263 575

908 1311 951 1334 577

908 1346 951 1368 3578

908 1381 951 1403 573

908 1452 952 1474 579

909 1522 951 1545 580

908 1595 952 1617 5582

909 1665 952 1687 584

909 1735 952 1757 585

909 1805 951 1828 587

1004 258 1099 286 Quaest.
1118 261 1140 284 2.
1166 261 1203 283 An
1225 267 1318 290 corpus
1339 259 1506 291 glorificatum
1525 261 1556 285 sit
1576 262 1694 292 passibile

1034 295 1151 323 passione
1166 296 1283 319 veniente
1299 296 1329 319 ab
1343 295 1496 326 extrinseco,
1509 296 1572 320 sicut
1583 297 1641 328 igne
1655 298 1695 322 vel

1035 329 1144 354 cultello.

1005 364 1078 388 SECT.
1105 371 1134 388 ιι.
1159 365 1253 393 Quaest.
1280 367 1300 389 1.
1324 366 1361 388 An
1382 372 1490 396 corpora
1509 366 1619 397 gloriosa
1644 368 1694 392 sint

1034 400 1135 429 pervia,
1149 407 1180 423 an
1193 401 1318 429 colorata,
1334 407 1365 424 an
1380 400 1514 425 liuninosa.

1005 433 1098 462 Quaest.
1113 436 1136 458 2.
1149 436 1186 458 Au
1199 441 1308 465 corpora
1322 435 1431 465 gloriosa
1442 436 1540 465 possint
1555 437 1693 462 claritatem

1035 476 1108 493 suam
1129 470 1268 494 secundum
1285 470 1420 500 imperium
1433 470 1526 494 animae
1541 472 1619 496 oculis
1635 479 1694 496 nos-

1036 505 1081 527 tris
1095 505 1231 529 occultare.

1007 540 1080 564 SEc'r.
1099 547 1137 564 111.
1157 541 1250 568 Quaest.
1268 542 1289 564 1.
1308 541 1345 564 An
1360 548 1451 571 eorpus
1465 541 1603 572 gloriosum
1618 543 1698 573 possit

1035 577 1170 605 penetrare
1190 582 1267 599 omne
1285 575 1352 599 aliud
1375 583 1468 606 corpus
1486 584 1537 600 non
1558 577 1698 607 gloriosum

1036 610 1062 633 in
1076 617 1122 634 suo
1138 612 1216 634 motu.

1007 645 1100 673 Quaest.
1125 647 1148 669 2.
1167 647 1205 669 Au
1224 652 1316 676 corpus
1332 646 1499 676 glorificatum
1520 647 1551 670 sit
1575 647 1697 678 palpabile

1036 681 1105 704 tactu
1120 688 1135 704 a
1152 687 1204 704 non
1218 681 1367 711 glorificato.

1007 716 1080 739 SECT.
1105 721 1139 739 lv.
1162 716 1257 744 Quaesl.
1284 718 1306 739 1.
1331 717 1369 739 An
1391 723 1498 747 corpora
1520 717 1629 748 gloriosa
1649 718 1699 742 sint

1037 750 1120 781 agilia.

1007 785 1099 813 anest.
1119 787 1141 809 2.
1162 787 1199 809 An
1214 785 1310 816 agilitas
1329 786 1432 810 inclinet
1446 793 1539 816 eorpus
1559 787 1698 817 gloriosum

1037 821 1068 843 ad
1084 827 1188 844 omnem
1203 821 1370 845 differentiam
1392 822 1540 852 positionis,
1556 829 1587 846 an
1608 823 1639 846 ad
1655 823 1699 846 ali-

1037 862 1113 886 quem
1127 856 1210 879 locum
1224 856 1430 880 determinatum.

1007 891 1081 914 Drs‘r.
1099 897 1125 915 L.
1146 893 1214 915 PARS
1232 897 1249 914 1.

1008 926 1135 956 Expositis>
1154 928 1245 950 textus.

1007 963 1067 985 ΛΒΤ.
1080 967 1099 985 1.
1115 962 1210 989 Quaest.
1229 964 1249 985 1.
1266 964 1303 984 An
1318 962 1431 986 damnati
1442 963 1522 986 velint
1534 970 1560 987 se
1572 970 1700 993 peccasse.

1007 997 1102 1024 Quaest.
1129 998 1151 1019 2.
1179 998 1216 1020 An
1244 996 1374 1021 voluntate
1399 997 1563 1022 deliberativa
1589 998 1701 1022 damnati

1038 1031 1142 1055 mallent
1151 1039 1203 1055 non
1217 1038 1282 1062 esse,
1298 1039 1373 1062 quam
1389 1032 1424 1056 sic
1439 1040 1503 1056 esse.

1007 1066 1102 1093 Quaest.
1118 1068 1140 1089 3.
1161 1068 1199 1089 An
1213 1066 1325 1090 damnati
1339 1067 1445 1090 mallent
1461 1075 1552 1091 omnes
1563 1075 1617 1092 esse
1633 1068 1701 1092 dam-

1039 1103 1129 1130 natos,
1150 1108 1226 1131 quam
1252 1103 1376 1132 quosdam
1406 1103 1555 1132 damnatos,
1578 1104 1701 1134 quosdam

1037 1136 1135 1160 beatos.

1008 1173 1070 1195 ART.
1094 1178 1121 1196 11.
1150 1172 1244 1200 Quaest.
1272 1174 1292 1196 1,
1319 1173 1356 1197 Ad
1384 1173 1409 1196 iu
1437 1174 1552 1204 inferno,
1579 1174 1617 1197 vel
1644 1174 1700 1198 loco

1038 1207 1216 1231 damnatorum
1228 1208 1279 1231 sint
1290 1209 1402 1232 tenebrae
1415 1210 1570 1240 corporales.

1008 1243 1101 1270 Quaest.
1122 1246 1144 1266 13.
1161 1245 1199 1266 An
1220 1243 1246 1266 in
1262 1243 1388 1267 damnatis
1406 1247 1480 1268 erunt
1496 1244 1607 1268 tenebrae
1626 1244 1699 1275 spiri·

1038 1278 1116 1301 tuales
1132 1280 1255 1308 quantum
1270 1278 1301 1302 ad
1314 1281 1398 1302 actum
1413 1280 1592 1309 cognoscendi.

1007 1313 1101 1341 Quaest.
1115 1315 1137 1337 3.
1152 1315 1190 1337 An
1200 1313 1226 1337 in
1237 1314 1361 1338 damnatis
1374 1314 1423 1338 sint
1434 1315 1544 1338 tenebra}
1559 1314 1700 1345 spirituales

1038 1351 1160 1379 quantum
1177 1349 1208 1372 ad
1223 1352 1308 1373 actum
1325 1350 1493 1374 memorandi.

1009 1385 1078 1408 Disr.
1093 1390 1116 1408 L.
1134 1386 1203 1408 PARS
1223 1391 1250 1408 11.

1008 1419 1137 1449 Expositio
1152 1421 1243 1443 textus.

1007 1455 1068 1478 ΛΒΤ.
1095 1461 1112 1478 ῐ.
1132 1454 1226 1482 Quaest.
1246 1457 1266 1478 1,
1295 1457 1332 1479 An
1357 1456 1442 1479 anima
1471 1457 1585 1486 separata
1609 1455 1701 1479 habeat

1039 1496 1111 1512 usum
1126 1490 1246 1519 potentiae
1261 1491 1397 1515 sensitivae.

1007 1525 1100 1552 Quiest.
1116 1527 1138 1547 2.
1155 1525 1192 1548 ΑΙ]
1206 1525 1291 1549 anima
1306 1528 1422 1556 separata
1435 1528 1575 1557 cognoseat
1586 1533 1629 1556 ea,
1644 1531 1700 1556 quae

1039 1560 1106 1583 circa
1119 1566 1166 1583 nos
1182 1563 1312 1590 geruntur.

1007 1595 1093 1622 Quzest
1121 1597 1144 1617 3.
1169 1596 1205 1618 An
1225 1595 1292 1619 beati
1314 1598 1338 1619 et
1360 1596 1470 1620 damuati
1493 1598 1581 1620 mutuo
1603 1603 1629 1620 se
1655 1603 1699 1619 co-

1039 1632 1172 1659 gnoseaut.

1008 1666 1069 1688 ART.
1086 1671 1114 1688 11.
1133 1665 1227 1693 Quaest.
1252 1668 1272 1688 l.
1294 1667 1330 1689 An
1352 1666 1445 1689 vermis
1467 1666 1644 1690 damnatorum
1669 1665 1699 1689 sit

1040 1699 1184 1723 materialis.

1009 1735 1102 1762 Quaest.
1116 1737 1138 1758 ἱ).
1158 1737 1194 1758 An
1210 1735 1235 1758 iu
1249 1735 1375 1759 damnatis
1391 1735 1423 1759 sit
1434 1736 1527 1760 vermis
1539 1735 1682 1766 spiritualis.

1009 1770 1101 1797 Quaest.
1117 1771 1140 1793 3.
1155 1772 1193 1793 An
1205 1770 1299 1793 vermis
1310 1770 1350 1794 ille
1365 1771 1397 1794 sit
1413 1771 1574 1795 invariabilis.

1009 1805 1219 1829 Compmmosun
1242 1811 1393 1830 PRiNeipmn
1417 1812 1443 1830 iN
1472 1812 1563 1830 LIBROS
1585 1812 1697 1830 SENTEN-

1039 1845 1151 1865 Tmnun.

1009 1877 1164 1900 SENTENUAE
1181 1882 1389 1901 SENTENTIARum.

803 2156 868 2174 1³1le
889 2156 984 2175 mmet?
1003 2157 1066 2175 Toni
1084 2156 1156 2175 SExTi

639 2650 797 2668 vnsou‘rloxn,
809 2658 838 2662 —-
851 2653 881 2668 Ex
892 2653 961 2669 'rvris
975 2653 1255 2669 oU‘rutmn-CHALANDRE
1270 2654 1340 2670 illul.

1713 199 1770 229 663

1725 335 1769 358 590

1727 405 1770 428 591

1727 510 1770 533 593

1730 614 1773 637 594

1731 685 1774 708 596

1725 755 1769 778 597

1729 859 1772 882 598

1733 895 1777 917 600

1730 930 1772 952 601

1733 964 1773 986 601

1732 1034 1776 1056 603

1732 1139 1776 1161 605

1733 1210 1777 1233 606

1733 1280 1775 1303 607

1732 1350 1775 1373 608

1732 1386 1775 1408 610

1732 1421 1777 1443 611

1732 1491 1775 1514 611

1732 1561 1776 1584 614

1729 1631 1773 1653 616

1732 1700 1775 1724 017

1731 1736 1774 1758 618

1731 1772 1774 1794 620

1731 1841 1773 1863 621

1731 1876 1774 1899 625
