1991 3006
252 165 311 197 142

289 233 319 262 2.
342 231 419 261 Item
435 231 467 260 in
486 229 702 260 artificialibus
713 253 721 267 ,
743 229 906 259 nobilioris
921 230 1020 260 artifi-

249 286 293 315 cis
312 287 357 315 est
376 285 421 315 uti
442 285 652 314 instrumento
673 284 771 319 sacto,
795 293 892 323 quam
914 283 1019 323 ipsum

249 338 368 375 faccre3
390 338 474 367 unde
494 337 629 367 nobilior
648 340 693 368 est
715 337 823 375 miles,
849 337 903 376 qui
919 336 1020 367 utitur

249 400 339 428 ense,
356 400 451 430 quam
468 391 565 427 saber,
581 390 635 430 qui
651 390 722 420 facit
737 401 743 420 :
766 399 844 428 crgo
859 390 884 419 si
899 389 1019 428 episco-

250 453 308 483 pus
323 444 408 475 solus
419 444 525 475 oleum
535 446 706 481 consecrat,
721 444 846 474 videtur
859 443 943 482 quod
955 443 1020 482 ipse

249 496 333 526 solus
349 497 408 527 hoc
422 497 491 528 oleo
504 497 662 536 inungere
676 497 797 527 debeat.

288 552 317 579 3.
336 550 413 580 Item
429 550 460 580 in
477 550 675 580 naturalibus
691 550 854 583 videmus,
871 549 955 588 quod
970 557 1020 579 ea·

248 604 319 634 dem
336 605 399 642 vis,
424 614 496 645 (111ae
519 607 677 644 praeparat
693 604 855 634 materiam
870 627 877 640 ‚
900 603 1020 633 inducit

249 656 403 695 formam3
429 660 458 688 et
478 658 539 688 hoc
553 659 671 697 spectat
686 657 724 686 ad
740 659 862 686 rectum
876 655 1018 685 ordinem

249 710 400 748 operandi
415 711 457 741 :si
468 720 545 749 ergo
557 711 667 749 gratiae
681 711 720 749 (a)
736 710 838 739 virtus
851 708 1020 739 conformis

249 765 295 793 est
310 766 449 800 naturae,
473 773 546 794 cum
566 764 731 803 episcopus
750 761 914 792 materiam
934 771 1018 801 prae-

250 818 348 855 paret,
366 817 491 847 videtur
505 817 590 855 quod
604 816 669 856 ipse
685 816 771 846 solus
785 818 1018 845 sacramentum

250 870 385 900 conserat
400 881 406 900 :
424 873 453 899 et
469 869 528 899 hoc
543 872 589 899 est
603 870 634 899 iu
651 870 718 908 ipsa
732 869 891 899 unctione.

291 925 318 952 -ῖ,
337 922 396 952 Sed
411 924 519 952 eontra
533 922 708 953 ostenditur
722 922 807 961 quod
823 923 971 952 extendat
988 932 1019 952 se

250 975 288 1005 ad
304 984 425 1011 omnes,
443 975 517 1014 quia
532 975 668 1006 verbum
685 977 715 1004 et
738 975 930 1005 elementum
949 984 1020 1005 con-

250 1028 383 1058 stituunt
399 1030 631 1058 sacramentum
647 1039 652 1058 :
670 1028 723 1058 sed
739 1028 844 1058 oleum
859 1037 1020 1058 consecra-

251 1083 318 1110 tum
339 1083 440 1120 potest
463 1081 674 1111 administrari
694 1090 750 1120 per
769 1081 943 1121 simplicem
962 1082 1018 1112 lai-

251 1142 322 1163 cum
336 1157 343 1171 ‚
363 1136 393 1163 et
408 1134 504 1164 etiam
519 1135 653 1164 verbum
670 1134 729 1164 dici
747 1146 752 1164 z
769 1143 848 1171 ergo
867 1136 897 1163 et
916 1143 1020 1164 sacra-

251 1188 393 1216 mentum
409 1187 633 1217 administrari.

291 1240 319 1268 5.
335 1238 412 1269 Item
425 1240 508 1278 quod
520 1240 564 1269 ita
573 1240 683 1270 debeat
697 1249 773 1278 esse,
787 1240 931 1278 videtur3
946 1241 1021 1280 quia

251 1291 327 1321 illud
350 1295 396 1321 est
416 1295 649 1323 sacramentum
670 1302 801 1330 eorum,
820 1293 875 1332 qui
894 1295 969 1323 sunt
988 1293 1020 1322 in

251 1346 394 1374 extremo
403 1345 513 1375 mortis
524 1345 672 1375 articulo:
687 1345 739 1376 sed
750 1345 868 1376 talibus
879 1346 1021 1385 frequen-

252 1399 299 1426 ter
323 1406 386 1427 non
409 1400 509 1437 potest
533 1398 694 1429 subveniri
722 1408 777 1438 per
800 1399 1018 1429 sacerdotem:

252 1459 329 1489 ergo
342 1451 467 1482 videtur
478 1452 562 1491 quod
576 1452 685 1482 saltem
698 1456 774 1482 tunc
788 1452 824 1491 (b)
838 1462 893 1492 per
905 1453 1019 1483 laicum

251 1504 295 1533 eis
309 1504 470 1534 subveniri
487 1505 592 1543 possit.

291 1560 320 1586 6.
342 1556 418 1587 ltem
433 1557 493 1587 hoc
506 1557 681 1588 ostenditur
697 1558 862 1597 exemplo,
887 1559 962 1597 quia
977 1559 1021 1588 le-

250 1609 338 1648 gitur
353 1610 385 1639 in
400 1609 535 1648 legenda
550 1610 582 1640 S.
599 1609 780 1648 Genovet'ae,
798 1610 881 1648 quod
897 1611 964 1649 ipsa
977 1610 1022 1640 in-

251 1663 395 1701 ungebat
408 1662 475 1693 oleo
491 1663 644 1700 infirmos,
661 1666 692 1694 et
706 1664 836 1693 curabat
854 1672 926 1693 eos:
943 1672 1021 1702 ergo

251 1715 376 1745 videtur
399 1716 483 1755 quod
509 1716 568 1746 hoc
594 1716 703 1746 saltem
731 1719 847 1756 spectet
871 1717 910 1746 ad
936 1716 1021 1746 viros

251 1771 382 1798 sanctos.

523 1825 748 1857 CONCLUSIO.

253 1900 382 1925 Eaetwmoe
396 1900 530 1925 unctionis
545 1900 668 1926 minister
689 1902 723 1926 est
741 1900 878 1930 sacci-dm,
897 1902 951 1926 tum
972 1908 1019 1926 ra-

287 1944 357 1969 tione
372 1944 498 1975 materiae,
516 1951 573 1977 quoe
588 1945 625 1970 est
641 1944 725 1970 oleum
739 1946 931 1973 consecratum,
949 1944 1019 1977 quod

284 1987 402 2020 contingi
432 1995 485 2013 non
515 1987 588 2014 debet
614 1989 668 2014 nisi
694 1988 816 2014 manibus
842 1989 1016 2020 consecratis;

285 2034 339 2057 lum
353 2033 458 2057 ratione
472 2032 574 2063 formoe,
592 2039 650 2065 quae
668 2034 704 2057 est
724 2039 772 2065 per
789 2031 896 2057 modum
910 2032 1018 2062 orandi,

285 2074 354 2108 quod
366 2077 404 2101 est
416 2082 509 2101 munus
524 2075 700 2101 sacerdotum.

292 2142 380 2181 Resp.
404 2142 443 2172 ad
462 2151 532 2181 arg.
555 2142 727 2173 Dicendum
748 2143 831 2182 quod
851 2143 949 2181 hujus
969 2152 1017 2173 sa-

250 2197 402 2227 cramenti
417 2197 606 2236 dispensatio
618 2206 658 2226 ex
671 2196 775 2227 officio
790 2198 908 2236 spectat
921 2196 960 2227 ad
973 2206 1020 2227 sa-

250 2250 390 2280 cerdotes
400 2274 410 2287 ,
427 2253 456 2280 et
472 2249 549 2280 illud
565 2250 731 2279 confirmat
745 2249 915 2279 auctoritas
930 2252 960 2280 et
973 2259 1019 2280 ra-

252 2303 304 2334 tio.
330 2303 507 2333 Auctoritas
518 2302 552 2341 (c)
569 2325 575 2340 ,
607 2303 682 2342 quia
713 2302 827 2332 dicitur
848 2313 854 2332 :
882 2302 1020 2333 Inducat

176 2382 193 2393 ,Α
230 2388 235 2394 ,
250 2355 456 2395 presbyteros,
472 2358 544 2392 etc.³
561 2358 694 2386 ctorem
709 2363 897 2394 supereum.
918 2355 1017 2392 Ratio,

252 2409 326 2449 quia
337 2418 410 2439 cum
419 2409 517 2447 huJus
527 2409 713 2438 sacramenti
724 2409 855 2438 materia
865 2408 904 2438 sit
914 2408 1019 2438 oleum

253 2464 468 2493 consecratum
480 2485 487 2498 ‚
510 2470 575 2490 non
594 2460 685 2491 debet
703 2460 919 2491 administrari
931 2485 938 2497 ‚
963 2470 1019 2491 nec

252 2514 396 2553 contingi
408 2537 415 2550 ,
432 2513 493 2543 nisi
507 2514 546 2543 ab
558 2522 595 2543 eo
607 2513 662 2552 qui
676 2513 771 2543 habet
788 2522 902 2543 manus
914 2522 1020 2543 conse-

285 2591 315 2622 (ιι)
327 2590 386 2614 Caet.
396 2589 455 2613 edit.
466 2589 545 2620 gratia
561 2591 592 2613 et.
606 2602 633 2606 —
650 2588 683 2619 (b)
699 2589 762 2612 dees!
777 2590 843 2612 tuuc.
857 2602 885 2606 —
905 2589 934 2617 (c)
952 2588 1018 2612 deest

255 2626 405 2652 Auctoritas.

805 155 1115 195 SENTENTlARUM
1140 165 1211 196 ΗΒ.
1236 166 1283 196 lv.

1077 234 1178 261 cratus
1194 244 1199 262 :
1215 236 1244 264 vt
1260 233 1329 264 talis
1343 237 1387 264 est
1402 234 1546 265 sacerdos
1561 244 1568 265 ε
1585 235 1654 266 ideo
1668 245 1731 266 nou
1746 245 1779 267 se
1793 244 1846 267 ex-

1078 285 1175 315 tendit
1184 286 1223 316 ad
1234 295 1355 317 omnes.
1369 287 1430 318 Nec
1442 288 1479 318 ad
1492 287 1573 318 solos
1585 288 1756 328 episcopos,
1770 289 1845 329 quia

1077 346 1150 368 cum
1174 340 1232 370 hoc
1255 340 1295 370 sit
1318 344 1551 371 sacramentum
1577 341 1843 380 periclitantium,

1077 391 1131 430 qui
1148 400 1210 421 non
1227 395 1359 431 possunt
1378 393 1464 424 adire
1484 393 1649 433 przelatos,
1671 393 1726 424 sed
1741 394 1846 432 magis

1076 452 1093 473 e
1116 452 1288 483 converso;
1314 448 1471 486 oporteret
1495 447 1612 478 multos
1635 446 1758 486 perire,
1783 446 1809 476 si
1828 455 1846 477 a

1077 496 1150 527 solis
1173 498 1326 538 episcopis
1349 500 1416 530 dari
1441 500 1577 531 deberet.
1602 501 1673 531 ldeo
1693 499 1847 540 disposuit

1077 549 1211 588 Spiritus
1226 554 1351 582 sanctus
1362 576 1369 588 ‚
1393 553 1478 592 quod
1496 556 1700 591 unguentum
1715 561 1781 583 non
1795 561 1847 584 so-

1076 601 1143 632 lum
1158 606 1238 633 esset
1254 604 1287 634 in
1302 605 1412 644 capite,
1430 605 1480 635 vel
1495 605 1527 636 in
1543 606 1641 636 barba
1654 606 1778 643 Aaron,
1793 605 1846 636 sed

1076 655 1169 685 etiam
1181 656 1381 687 descenderet
1393 667 1494 697 usque
1506 659 1539 688 in
1551 667 1641 689 oram
1653 658 1844 694 vestimenti,

1076 708 1191 739 scilicet
1211 719 1311 749 usque
1331 711 1369 741 ad
1390 711 1553 741 inferiores
1571 712 1756 742 sacerdotes.
1784 710 1846 742 Nec

1075 760 1177 791 solum
1199 763 1336 793 sumitur
1357 764 1436 794 ratio
1452 774 1469 793 a
1485 766 1573 803 parte
1593 764 1768 800 unedonis,
1789 772 1843 794 ve-

1076 822 1147 846 rum
1163 815 1257 845 etiam
1271 825 1289 845 a
1304 818 1391 855 parte
1403 817 1553 847 orationis
1568 828 1575 847 ι
1592 817 1743 856 quoniam
1759 816 1845 847 enim

1076 866 1214 897 officium
1238 868 1436 899 mediationis
1450 869 1664 900 sacerdotibus
1676 869 1843 909 competit,

1075 919 1155 950 sicut
1174 922 1321 961 competit
1343 922 1456 953 offerre
1474 923 1556 953 dona
1577 925 1607 953 et
1625 922 1776 953 sacrificia
1790 931 1847 962 pro

1076 973 1210 1011 peccatis
1221 998 1228 1011 ,
1253 983 1309 1004 nec
1324 974 1398 1005 solis
1413 975 1566 1015 episcopis
1577 999 1585 1013 ‚
1608 985 1665 1006 nec
1679 975 1774 1006 etiam
1788 974 1846 1005 lai-

1075 1026 1118 1055 cis
1131 1037 1137 1062 ;
1155 1026 1198 1056 sic
1211 1027 1305 1057 etiam
1321 1027 1511 1066 dispensatio
1526 1028 1581 1067 huj
1588 1037 1625 1058 us
1639 1027 1827 1058 sacramenti
1837 1052 1846 1065 ,

1075 1079 1166 1117 cujus
1183 1080 1320 1110 efficacia
1336 1080 1549 1120 principaliter
1570 1081 1712 1111 consistit
1728 1080 1762 1110 in
1775 1089 1845 1111 ora-

1076 1133 1160 1163 tione
1184 1133 1276 1171 fidei,
1304 1135 1395 1173 cujus
1417 1136 1463 1164 est
1485 1134 1629 1165 sacerdos
1651 1133 1794 1164 minister
1810 1133 1848 1164 de

1076 1186 1195 1216 ratione
1212 1187 1261 1217 sui
1277 1187 1381 1217 officii.

1117 1242 1145 1270 1.
1169 1239 1216 1269 Ad
1232 1239 1309 1270 illud
1331 1240 1415 1279 quod
1439 1240 1596 1279 objicitur,
1622 1240 1660 1270 de
1679 1240 1846 1270 confirma-

1076 1292 1170 1329 tione,
1187 1292 1356 1322 dicendum
1368 1292 1451 1332 quod
1466 1292 1554 1323 nullo
1568 1292 1662 1323 modo
1675 1292 1847 1323 est‘simile.

1076 1344 1239 1378 Primum,
1271 1345 1346 1384 quia
1369 1345 1576 1375 confirmandi
1607 1347 1739 1384 possunt
1761 1345 1849 1376 adire

1076 1398 1279 1438 episcopum,
1303 1408 1367 1428 non
1391 1399 1434 1428 sic
1459 1398 1648 1437 inungendi.
1673 1397 1847 1436 Praeterea,

1077 1460 1231 1481 manuum
1250 1451 1409 1490 impositio
1428 1451 1501 1481 solis
1520 1451 1667 1491 apostolis
1688 1453 1850 1491 compete-

1076 1504 1127 1533 bat
1140 1515 1147 1540 ;
1170 1504 1222 1534 sed
1242 1504 1445 1534 intirmorum
1461 1504 1580 1534 curatio
1602 1512 1703 1543 usque
1719 1504 1757 1534 ad
1772 1504 1850 1535 alios

1076 1556 1244 1596 discipulos
1253 1557 1457 1587 descendebat
1468 1567 1474 1586 :
1489 1559 1521 1586 at
1532 1559 1768 1587 sacramentum
1778 1566 1850 1587 con-

1076 1610 1265 1639 firmationis
1272 1612 1317 1640 est
1326 1611 1559 1640 sacramentum
1569 1610 1778 1649 impositionis
1787 1618 1850 1640 ma-

1076 1672 1197 1699 nuum;
1217 1664 1450 1693 sacramentum
1464 1662 1623 1693 unctionis
1638 1664 1684 1692 est
1701 1662 1739 1693 ad
1757 1672 1848 1694 cura-

1076 1716 1195 1747 tionem
1211 1716 1403 1746 ordinatum.

1116 1771 1145 1798 02.
1168 1769 1216 1798 Ad
1230 1768 1307 1798 illud
1322 1768 1405 1807 quod
1421 1768 1578 1806 objicitur,
1602 1768 1686 1808 quod
1699 1768 1733 1798 in
1749 1768 1848 1798 artifi—

1076 1821 1208 1852 cialibus
1228 1821 1364 1852 nobilius
1387 1823 1433 1851 est
1455 1821 1502 1851 uti
1523 1820 1754 1858 instrumento,
1775 1823 1846 1859 etc.‚

1076 1874 1244 1905 dicendum
1258 1874 1343 1913 quod
1356 1873 1431 1904 illud
1446 1874 1612 1904 veritatem
1626 1873 1722 1904 habet
1733 1875 1770 1904 ut
1782 1873 1848 1913 plu-

1076 1928 1101 1957 ri
1107 1937 1194 1958 mum
1207 1927 1241 1957 in
1254 1927 1437 1957 moralibus.
1451 1926 1488 1957 Et
1501 1926 1581 1957 ratio
1590 1926 1647 1966 huj
1653 1936 1690 1957 us
1702 1928 1758 1963 est,
1773 1935 1849 1966 quo-

1076 1980 1162 2010 niam
1179 1980 1299 2018 gradus
1319 1980 1482 2018 dignitatis
1504 1979 1597 2010 estin
1611 1979 1655 2010 eis
1675 1979 1848 2010 secundum

1075 2033 1304 2062 ordinationem
1316 2032 1352 2062 ad
1365 2032 1473 2068 finem,
1486 2034 1516 2061 et
1526 2032 1626 2062 utenti
1638 2032 1848 2062 instrumento

1076 2085 1286 2115 immediatior
1302 2087 1347 2115 est
1362 2085 1435 2114 finis
1446 2108 1455 2122 ,
1471 2093 1568 2123 quam
1585 2084 1750 2114 fabricanti
1762 2095 1770 2121 ;
1794 2084 1848 2115 sed

1075 2138 1108 2168 in
1122 2138 1172 2168 his
1194 2138 1344 2177 operibus
1364 2137 1510 2168 Ecclesiae
1532 2139 1578 2167 est
1598 2136 1718 2175 gradus
1733 2145 1847 2167 secun-

1075 2191 1152 2221 dum
1161 2190 1430 2230 comparationem
1441 2190 1479 2220 ad
1490 2190 1632 2229 primum
1642 2189 1846 2229 principium,

1075 2253 1115 2274 ex
1134 2253 1198 2283 quo
1218 2243 1289 2274 ssuit
1309 2245 1411 2273 totum
1431 2243 1579 2282 regimen
1600 2244 1630 2273 et
1652 2242 1793 2282 operatio
1814 2242 1847 2272 in

1075 2305 1206 2336 corpore
1221 2295 1366 2326 Ecclesiae
1377 2319 1386 2333 ,
1403 2298 1433 2326 et
1447 2295 1517 2326 ideo
1533 2295 1635 2326 virtus
1649 2295 1735 2335 prior
1749 2304 1844 2335 supe-

1075 2350 1139 2380 rior
1162 2352 1218 2379 est.
1243 2348 1329 2379 Unde
1350 2349 1494 2388 superior
1515 2350 1561 2379 est
1582 2348 1766 2388 episcopus,
1791 2348 1846 2388 qui

1075 2403 1198 2433 ordinat
1218 2402 1412 2432 sacerdotem
1425 2401 1463 2432 ad
1478 2401 1702 2431 celebrandum
1714 2425 1723 2438 ,
1747 2409 1845 2440 quam

1075 2456 1140 2495 ipse
1154 2455 1297 2485 sacerdos
1307 2479 1316 2492 ‚
1331 2455 1387 2494 qui
1401 2454 1536 2484 celebrat
1551 2464 1557 2483 ε
1576 2453 1620 2483 sic
1638 2453 1670 2484 in
1686 2453 1846 2492 proposito

1075 2510 1121 2538 est
1136 2508 1390 2546 intelligendum.
1412 2507 1567 2537 Praeterea
1578 2529 1586 2543 ‚
1602 2515 1666 2536 non
1682 2508 1730 2536 est
1748 2508 1844 2536 tantae

1075 2561 1235 2591 servitutis
1253 2560 1359 2591 oleum
1377 2567 1561 2590 consecrare
1573 2583 1581 2596 ‚
1605 2559 1687 2588 sicut
1701 2558 1846 2589 infirmos

1075 2615 1250 2652 inungere:
1272 2613 1411 2651 primum
1425 2612 1512 2642 enim
1531 2611 1726 2642 sufficienter
1741 2611 1844 2650 potuit

1863 774 1922 795 Ratio
1945 776 1965 796 2.
