1991 3006
763 179 949 210 DlsTlNGT.
973 179 1034 210 XX.
1060 179 1161 209 PARS
1188 180 1224 210 ΙΙ.
1750 184 1788 209 69

896 313 1013 348 PARS
1045 313 1089 348 Il.

216 413 254 434 DE
268 410 466 433 CONFESSIONE
482 409 710 430 SACRAMENTALi
725 407 870 435 QUANTUM
893 408 932 428 AD
947 407 1217 429 OPPORTUNITATEM
1238 408 1386 428 TEMPORIS
1402 409 1549 430 RESPECTU
1566 407 1764 430 POENITENTLE

502 458 679 479 MORTALIUM
701 458 731 478 IN
753 456 986 478 COMPARATIONE
1005 457 1043 477 AD
1066 456 1259 477 POTESTATEM
1282 456 1475 478 SACERDOTIS.

239 538 366 572 sivero
383 538 421 570 de
443 538 501 570 illo
522 537 700 581 quaeritur,
721 536 780 580 qui
803 536 1054 568 satisfactionem
1079 535 1260 579 injunctam
1280 536 1481 580 impleverit,
1499 548 1573 580 quae
1596 537 1781 579 ignorantia

194 596 245 628 vel
261 595 461 638 negligentia
475 594 648 627 sacerdotis
667 598 793 637 peccato
814 593 977 636 condigna
1000 603 1066 625 non
1089 593 1152 625 fuit
1167 619 1174 633 ‚
1192 597 1304 625 utrum
1327 593 1366 625 de
1385 593 1452 625 vita
1475 594 1618 636 migrans
1634 595 1674 627 ab
1689 605 1779 626 omni

193 664 289 698 poena
301 653 384 685 liber
399 653 460 694 sit;
487 652 573 684 idem
595 651 774 695 respondeo
792 651 880 695 qnod
902 661 1000 694 snpra
1021 651 1060 682 de
1080 650 1138 682 illo
1153 676 1160 691 ‚
1178 651 1235 694 qui
1260 650 1484 694 poenitentiam
1502 662 1567 683 non
1582 652 1775 695 complevit,

192 710 260 743 dixi
278 723 284 742 ε
302 710 389 754 quod
406 710 432 742 si
452 713 579 742 tantum
596 713 643 742 est
656 710 838 741 lamentum
850 708 1014 740 interioris
1029 707 1151 740 doloris
1164 734 1171 748 ‚
1190 712 1225 740 ut
1240 708 1383 740 sufficiat
1398 708 1432 740 in
1447 708 1625 741 vindictam
1643 709 1775 753 peccati,

192 768 325 801 omnino
350 767 506 800 liberatus
531 772 598 808 est3
621 767 646 798 si
669 777 746 799 vero
768 777 833 798 non
855 765 977 798 sufficit
1000 765 1093 798 dolor
1115 765 1250 797 interior
1274 765 1373 798 simul
1395 777 1469 798 cnm
1490 777 1585 810 poena
1608 767 1755 809 injuncta
1770 793 1777 807 ,

191 825 286 858 addet
297 825 384 857 Deus
399 836 539 869 poenam.
557 824 652 863 Quod
667 828 776 856 autem
791 823 958 855 interdum
974 823 1116 855 sufficiat
1131 823 1224 855 dolor
1239 823 1377 855 interior
1393 823 1433 855 ad
1450 823 1626 856 vindictam
1644 825 1777 868 peccati,

191 887 315 916 certum
331 883 565 916 documentum
581 882 739 914 habemus
752 881 786 914 in
802 881 859 913 illo
874 881 1013 922 latrone,
1027 881 1083 924 qui
1100 880 1167 913 sola
1183 880 1300 912 inentis
1315 881 1509 913 contritione
1523 886 1553 913 et
1567 882 1778 923 confessione,

190 941 298 973 statim
314 945 351 973 ut
374 951 549 972 conversus
571 940 652 980 fuit,
670 939 858 983 paradisum
873 938 1003 980 ingredi
1019 938 1142 970 meruit
1158 943 1178 970 ¹.
1198 938 1261 970 Sed
1281 938 1359 982 qnia
1383 938 1619 982 dispensatores
1633 939 1781 972 Ecclesiae

189 999 392 1032 contritionis
415 998 631 1042 quantitatem
658 1008 723 1029 non
751 996 977 1040 perpendunt,
1002 996 1123 1040 quibus
1148 1007 1214 1029 non
1237 1000 1284 1028 est
1308 996 1420 1028 datum
1445 996 1628 1039 intelligere
1653 998 1780 1030 occulta

189 1056 335 1089 cordium
350 1069 357 1097 ;
375 1055 528 1088 omnibus
542 1055 629 1097 leges
645 1054 845 1098 poenitentiae
863 1054 1088 1093 constituunt,
1114 1058 1178 1085 tam
1194 1054 1318 1096 magis,
1336 1065 1435 1097 quani
1462 1054 1572 1086 minus
1599 1054 1638 1087 de
1652 1059 1780 1099 peccato

189 1113 386 1146 dolentibus.
403 1112 553 1152 Quorum
568 1112 715 1144 studium
731 1111 771 1144 ad
788 1111 848 1144 hoc
863 1112 1026 1156 prrecipue
1042 1111 1172 1143 tendere
1188 1111 1282 1143 debet
1293 1138 1301 1151 ‚
1321 1116 1355 1143 nt
1369 1112 1474 1143 cordis
1489 1112 1653 1153 dolorem,
1670 1124 1773 1156 quan-

188 1176 258 1204 tum
274 1171 321 1203 fas
337 1175 404 1211 est,
426 1174 640 1213 cognoscant,
658 1173 689 1202 et
711 1169 892 1202 secundum
918 1169 1020 1212 ipsius
1045 1168 1179 1201 modum
1203 1169 1455 1201 satisfactionem
1482 1169 1668 1213 injungant.
1686 1169 1780 1203 Unde

187 1229 393 1271 Augustinus
408 1228 438 1260 ²:
461 1240 477 1258 «
491 1228 529 1259 In
543 1227 669 1259 actione
685 1227 901 1271 poenitentiae‚
920 1227 977 1259 ubi
999 1227 1063 1259 tale
1078 1227 1287 1259 commissum
1311 1231 1375 1268 est,
1402 1231 1437 1259 ut
1460 1227 1502 1268 is,
1526 1228 1583 1271 qui
1599 1229 1777 1269 commisit,

188 1298 208 1319 a
221 1286 341 1319 Christi
355 1286 452 1318 etiam
467 1296 600 1330 corpore
616 1288 784 1328 separetur
799 1297 806 1325 ;
824 1296 891 1316 non
906 1288 972 1316 tam
992 1284 1227 1316 consideranda
1246 1288 1293 1317 est
1314 1296 1467 1317 mensura
1486 1286 1641 1329 temporis
1655 1312 1662 1326 ,
1679 1297 1778 1329 quam

187 1343 308 1376 doloris
326 1355 333 1375 :
353 1344 416 1376 Cor
432 1342 519 1375 enim
534 1345 544 1361 ³
560 1342 739 1375 eontrz'twn
756 1348 787 1374 et
803 1341 1032 1374 humilitatum
1052 1343 1137 1374 Deus
1152 1353 1218 1374 non
1233 1341 1381 1386 despicit.
1398 1342 1524 1375 Verum
1540 1343 1618 1386 quia
1636 1343 1780 1387 plerum-

187 1412 251 1445 que
265 1400 358 1433 dolor
377 1400 513 1432 alterius
531 1399 637 1432 cordis
652 1400 799 1431 occultus
814 1403 860 1431 est
883 1399 994 1439 alteri,
1011 1410 1069 1431 nec
1084 1399 1117 1430 in
1133 1399 1274 1431 aliorum
1291 1399 1442 1431 notitiam
1460 1400 1522 1431 nisi
1538 1411 1594 1443 per
1609 1401 1708 1433 verba
1726 1402 1777 1434 vel

186 1458 249 1490 alia
265 1468 480 1502 quaecumque
503 1457 596 1500 signa
617 1456 778 1500 procedit,
795 1467 871 1488 cum
887 1456 927 1488 sit
950 1467 1058 1488 corani
1081 1456 1151 1497 illo,
1168 1456 1221 1488 cui
1240 1456 1381 1488 dicitur⁴
1399 1469 1405 1488 :
1426 1458 1573 1490 Gemitus
1595 1470 1685 1490 mem
1706 1470 1725 1490 α
1749 1465 1779 1490 te

185 1527 251 1548 non
275 1521 321 1549 est
345 1514 554 1547 absconditus
576 1527 616 1555 ‚n
644 1519 727 1546 reete
750 1514 995 1546 constituuntur
1019 1513 1059 1546 ab
1093 1513 1158 1556 eis,
1186 1514 1244 1558 qui
1268 1513 1419 1546 Ecclesiis
1447 1519 1607 1558 praesunt,
1632 1519 1778 1559 tempora

184 1573 384 1618 poenitentiae
395 1599 404 1615 ‚
421 1576 458 1605 ut
481 1572 655 1605 satisfaciat
677 1571 775 1604 etiam
790 1571 941 1604 Ecclesiae
956 1597 963 1612 ‚
980 1571 1015 1604 in
1031 1582 1097 1615 qua
1114 1575 1241 1615 peccata
1258 1571 1327 1615 ipsa
1344 1571 1559 1604 remittuntur
1573 1598 1581 1610 ,
1601 1577 1691 1605 extra
1706 1584 1777 1606 eam

185 1631 307 1675 quippe
324 1641 390 1662 non
411 1630 636 1662 remittuntur.
656 1630 726 1673 Ipsa
749 1629 838 1662 enim
859 1628 1021 1673 Spiritum
1044 1634 1193 1661 sanctum
1216 1629 1337 1673 pignus
1363 1630 1503 1673 accepit,
1530 1630 1597 1663 sine
1622 1642 1688 1674 quo
1710 1643 1776 1663 non

185 1688 400 1721 remittuntur
417 1687 486 1720 ulla
505 1691 643 1731 peccata.
661 1700 677 1718 »
696 1687 777 1719 Item
798 1687 1021 1731 Hieronymus
1041 1687 1050 1703 ⁵
1068 1699 1074 1719 :
1097 1700 1113 1718 ‹<
1134 1687 1321 1720 Mensuram
1337 1688 1493 1732 temporis
1512 1688 1546 1720 in
1567 1688 1692 1731 agenda
1709 1700 1775 1732 poe-

185 1747 322 1779 nitentia
338 1746 410 1778 ideo
429 1757 494 1779 non
510 1746 588 1778 satis
602 1749 711 1789 aperte
726 1745 905 1790 praefigunt
919 1756 1058 1778 canones
1076 1757 1133 1789 pro
1149 1756 1349 1789 unoquoque
1365 1745 1512 1786 crimine,
1531 1750 1565 1778 ut
1581 1746 1620 1779 de
1635 1746 1775 1789 singulis

182 1804 290 1837 dicant
305 1803 446 1848 qualiter
462 1803 726 1847 unumquodque
741 1803 984 1835 emendandum
999 1803 1059 1843 sit3
1078 1802 1133 1835 sed
1157 1803 1260 1845 magis
1276 1803 1310 1835 in
1334 1803 1469 1835 arbitrio
1491 1803 1665 1836 sacerdotis
1678 1804 1774 1836 intel-

182 1861 315 1904 ligentis
341 1861 598 1905 relinquendum
622 1864 831 1892 statuerunt:
849 1860 928 1904 quia
950 1860 1037 1904 apud
1060 1860 1166 1892 Deum
1190 1871 1257 1892 11011
1282 1864 1409 1892 tantum
1429 1861 1515 1893 valet
1532 1872 1684 1893 mensura
1699 1866 1775 1894 tem—

182 1919 269 1962 poris
280 1944 289 1959 ‚
306 1922 467 1962 qnantum
483 1918 604 1950 doloris
614 1930 622 1959 ;
640 1929 698 1950 nec
713 1917 909 1950 abstinentia
931 1921 1057 1950 tantum
1078 1917 1227 1949 ciborum
1239 1943 1247 1957 ‚
1267 1921 1430 1961 quantum
1455 1918 1662 1951 mortificatio
1678 1919 1774 1951 vitio-

183 1986 269 2008 rum.
288 1975 430 2019 Ideoque
454 1979 600 2019 tempora
627 1975 828 2019 poenitentiae
853 1986 912 2019 pro
940 1975 1004 2007 fide
1032 1979 1063 2007 et
1090 1974 1335 2007 conversatione
1364 1974 1514 2007 fidelium
1542 1975 1773 2019 poenitentium

181 2032 401 2065 abbrevianda
415 2032 627 2077 praecipiunt,
644 2037 674 2065 et
695 2043 754 2076 pro
777 2032 976 2076 negligentia
999 2032 1212 2076 protelanda3
1231 2043 1288 2075 pro
1309 2032 1510 2076 quibusdam
1534 2037 1644 2065 tamen
1669 2034 1773 2078 culpis

181 2090 268 2123 modi
284 2090 482 2134 poenitentiae
498 2094 575 2122 sunt
588 2090 744 2134 impositi.
762 2103 779 2121 »

224 2147 314 2180 Solet
328 2147 425 2180 etiam
441 2148 542 2192 qnaeri
563 2151 674 2180 utrum
697 2148 924 2180 satisfactionis
939 2149 991 2181 lex
1012 2147 1179 2180 morituris
1195 2148 1236 2179 sit
1251 2147 1461 2191 imponenda.
1480 2147 1525 2180 De
1542 2160 1606 2192 qno
1622 2149 1770 2181 Theodo-

179 2216 235 2238 rus
258 2205 501 2238 Cantuariensis
530 2205 699 2250 episcopus
720 2206 754 2238 in
773 2206 1002 2238 Poenitentiali
1028 2217 1086 2238 suo
1114 2205 1157 2237 sic
1181 2204 1272 2237 ait⁸z
1297 2219 1313 2236 «
1335 2205 1386 2237 Ab
1402 2205 1543 2238 infirmis
1564 2206 1598 2238 in
1622 2207 1767 2251 periculo

178 2262 292 2295 mortis
306 2262 419 2307 positis
434 2274 516 2307 pura
531 2263 729 2307 inquirenda
744 2267 790 2296 est
805 2264 962 2296 confessio
978 2267 1182 2308 peccatorum
1193 2289 1201 2304 ‚
1218 2274 1284 2295 non
1301 2267 1411 2296 tamen
1426 2267 1473 2296 est
1487 2264 1553 2296 illis
1569 2264 1766 2308 imponenda

178 2320 343 2364 quantitas
357 2321 575 2365 poenitentiae,
593 2321 648 2354 sed
663 2322 914 2363 innotescenda;
933 2326 1053 2354 etcum
1078 2321 1258 2354 amicorum
1283 2321 1502 2362 orationibus,
1526 2327 1557 2354 et
1580 2322 1764 2363 eleemosy-

178 2390 296 2413 narum
315 2370 569 2422 largitionibus,
592 2379 721 2424 pondus
745 2379 944 2424 poenitentiae
968 2379 1208 2412 sublevandum
1220 2405 1228 2419 ‚
1246 2379 1272 2411 si
1294 2379 1376 2411 forte
1396 2379 1620 2422 migraverint.
1637 2379 1765 2413 sivero

177 2437 426 2479 convaluerint,
451 2437 651 2481 poenitentiae
677 2437 811 2470 modum
833 2449 852 2470 a
877 2437 1040 2470 sacerdote
1063 2436 1254 2481 impositum
1278 2437 1454 2480 diligenter
1478 2437 1661 2470 observent.
1682 2437 1766 2470 Aliis

178 2505 256 2528 vero
277 2506 336 2539 pro
359 2495 515 2539 qualitate
539 2495 659 2539 peccati
686 2495 879 2540 poenitentia
901 2494 1106 2528 decernenda
1129 2498 1176 2527 est
1198 2494 1442 2538 praesidentium
1468 2495 1615 2527 arbitrio.
1634 2507 1651 2525 »
1670 2494 1764 2527 Unde

213 2579 220 2594 ¹
239 2579 304 2609 Luc„
323 2585 399 2610 xxm,
416 2581 453 2603 43.
470 2593 499 2597 —
516 2580 526 2596 ¹
544 2580 618 2610 Aug„
632 2579 773 2610 Enchz'ricl„
789 2587 810 2603 c.
827 2586 886 2610 ων,
905 2587 929 2603 11.
950 2581 984 2603 17.
1001 2593 1028 2597 -
1048 2580 1055 2592 ³
1074 2581 1113 2603 με.
1130 2585 1153 2609 L,
1173 2580 1207 2603 19.
1224 2592 1253 2596 —
1273 2579 1281 2594 ὅ
1301 2580 1341 2603 Ps.
1359 2585 1457 2608 xxxvii,
1480 2581 1515 2603 10.
1534 2593 1563 2597 —
1581 2580 1590 2595 ⁵
1610 2580 1722 2607 Hieron,
1743 2581 1768 2602 et

179 2613 294 2678 uulpem-r,
313 2614 342 2638 tle
356 2615 454 2644 Poen1·t.‚
470 2614 525 2639 dist.
543 2621 560 2645 i,
578 2621 599 2639 c.
618 2616 769 2639 Mensarum.
784 2628 814 2633 —-
837 2617 845 2630 ὅ
862 2615 958 2639 Theod.
976 2616 1107 2645 Cantuain,
1127 2615 1301 2642 Poenz'tentz'al.,
1319 2617 1343 2638 et
1362 2614 1469 2638 habetur
1489 2621 1558 2643 xxxiy
1581 2622 1605 2644 q.
1627 2620 1670 2641 vu,
1690 2620 1711 2637 c.
1730 2613 1766 2638 Ab

180 2656 205 2671 m
226 2655 295 2672 rmis.

1807 545 1837 565 De
1849 545 1896 571 illo,

1770 593 1776 599 ,
1795 576 1827 595 cui
1837 581 1905 596 saeer-

1795 607 1832 626 dos
1840 607 1904 627 indis-

1794 638 1906 658 ert-tusia-

1810 668 1881 695 jungst

1807 705 1893 725 parvam

1794 738 1806 757 p
1812 732 1903 752 eniien-

1794 762 1853 782 tiam.

1786 2162 1845 2185 Quod
1853 2169 1895 2182 mo-

1790 2193 1892 2213 mutibus

1799 2230 1838 2243 nun
1852 2224 1877 2243 Sit

1785 2254 1892 2280 imponen-

1783 2284 1807 2303 da
1829 2285 1890 2305 satis<

1802 2315 1873 2342 factio,

1781 2346 1818 2366 sed
1829 2347 1886 2367 inno-

1781 2378 1890 2399 teseeuda.
