1991 3006
36 879 140 901 Fundam.

631 219 726 250 DIS'I'.
751 217 881 250 XLVIII.
907 214 998 245 ART.
1024 214 1045 243 I.
1071 213 1121 249 (JU
1141 213 1217 245 ··ST.
1242 214 1289 245 lv.

161 285 214 317 ille
228 285 348 318 docebit
368 293 422 318 vos
441 293 562 318 omnem
582 287 745 319 veritatem
760 295 770 316 .·
786 284 839 315 sed
860 283 928 322 Spi-

161 340 240 370 ritus
263 340 412 370 eveniens
432 339 509 370 illud
533 349 598 370 non
626 340 730 371 docuit
754 337 928 378 apostolos3

160 401 238 432 ergo
251 393 334 422 istud
346 401 411 422 non
426 394 471 422 est
481 392 588 423 scibile
602 393 641 423 ab
654 393 760 432 aliqua
774 393 928 427 creatura,

159 445 235 484 quia
260 445 286 475 si
310 448 389 475 esset
414 445 534 482 scibile,
561 445 697 485 Spiritus
724 447 850 476 sanctus
873 444 925 474 do-

158 499 287 528 cuisset.

197 554 226 581 4.
254 551 332 581 Item
359 551 439 581 Deus
465 551 618 581 revelavit
643 551 804 590 prophetis
831 550 930 580 multa

157 604 280 641 futura;
308 604 392 634 diem
414 605 520 634 autem
546 606 576 634 et
598 604 711 634 horam
730 603 842 643 judicii
866 612 930 633 non

157 657 310 697 expressit
328 666 384 696 per
398 656 539 696 aliquam
562 657 774 696 prophetiam,
798 657 859 686 nisi
876 665 929 686 so-

156 709 224 740 lum
246 719 302 749 per
324 710 417 748 signa
439 710 586 749 quaedam
610 710 806 749 praeambula
824 720 830 739 :
850 718 929 747 ergo

156 772 229 793 cum
248 762 400 794 Dominus
416 763 492 793 illud
507 773 571 794 non
586 763 775 794 revelaverit
792 763 927 803 prophe-

155 815 208 853 tis,
227 816 352 846 videtur
368 817 453 856 quod
468 816 527 846 sibi
543 816 599 847 soli
615 817 833 847 reservaverit.

195 869 308 900 Contra
326 881 332 899 :
352 869 491 900 Christus
506 879 571 900 non
589 871 734 910 profecit,
756 879 813 900 nec
829 872 929 909 potest

154 922 307 961 proficere
334 922 366 952 in
394 922 542 960 scientia,
570 923 650 953 sicut
676 932 771 963 supra
799 923 927 959 dicitur,

155 975 208 1006 lib.
228 974 284 1012 Ill,
301 975 371 1006 dist.
390 985 448 1006 xm
464 987 470 1006 ε
490 985 569 1015 ergo
589 977 613 1006 si
632 986 775 1016 unquam
793 977 929 1007 sciturus

155 1030 215 1064 est,
235 1028 328 1059 modo
344 1029 411 1059 scit.

196 1081 272 1111 Item
301 1082 339 1112 de
371 1082 494 1121 angelis
522 1082 657 1113 videtur.
692 1082 892 1121 Gregorius*
919 1094 925 1113 ι

159 1133 266 1170 «Quid
282 1136 328 1164 est
346 1135 430 1174 quod
451 1144 515 1165 non
530 1135 654 1173 vident,
675 1136 750 1175 quia
769 1136 927 1166 videntem

154 1189 262 1219 omnia
289 1188 418 1219 vident?
442 1200 455 1216 n
482 1188 566 1228 Ergo
592 1189 718 1220 videtur
743 1190 827 1229 quod
851 1190 927 1221 illud

155 1241 296 1272 videant.

196 1294 273 1325 Item
288 1294 414 1325 videtur
428 1295 513 1334 quod
536 1295 685 1325 omnibus
706 1295 816 1325 debeat
838 1304 927 1325 reve—

154 1348 223 1385 lari,
241 1348 316 1387 quia
328 1347 432 1386 magis
445 1347 621 1378 timendum
634 1351 680 1378 est
692 1348 850 1387 ,iudicium
864 1357 929 1388 spe-

156 1401 232 1431 ciale
255 1400 437 1440 cujuslibet,
464 1410 560 1440 quam
585 1401 748 1440 generale3
775 1401 850 1441 quia
875 1401 928 1441 qui

155 1454 215 1484 hoc
237 1454 359 1491 evadit,
383 1454 488 1484 evadit
503 1456 532 1483 et
546 1454 623 1484 illud
640 1465 646 1484 :
664 1455 717 1484 sed
737 1454 802 1484 (1105
819 1455 928 1484 mortis

154 1506 299 1546 pluribus
314 1506 472 1537 revelatus
486 1509 543 1544 est,
559 1507 640 1537 sicut
655 1507 769 1537 dicitur
783 1507 821 1537 (10
837 1508 928 1537 lieato

155 1559 290 1590 Martino
305 1562 335 1590 et
351 1559 442 1590 beato
456 1559 623 1590 Benedicto
641 1571 647 1590 ς
665 1569 755 1599 ergo.
773 1563 832 1590 etc.

196 1612 273 1643 Item
287 1613 375 1643 locus
395 1615 425 1643 et
443 1615 568 1652 tempus
588 1615 663 1643 sunt
683 1613 927 1644 circumstantiae

155 1666 276 1704 negotii
289 1675 295 1695 :
311 1665 365 1695 sed
380 1665 532 1695 Dominus
547 1666 700 1695 revelavit
714 1666 804 1696 nobis
816 1667 928 1705 ,iudicii

155 1718 259 1748 locum
278 1742 283 1748 .
303 1727 382 1757 crgo
406 1719 472 1757 pari
498 1718 618 1748 ratione
643 1718 768 1748 videtur
791 1719 875 1758 quod
899 1722 929 1749 et

156 1775 295 1812 tempus;
314 1774 369 1802 aut
384 1772 407 1802 si
424 1782 503 1810 non,
520 1781 629 1812 quaero
648 1781 746 1812 quare
762 1781 837 1803 non.

429 1891 653 1923 CONCLUSIO.

157 1978 260 2005 Judici'i
288 1978 353 2005 hora
381 1981 417 2005 est
444 1981 509 2005 nota
531 1973 580 2005 toiz·
604 1980 753 2012 Triizitati,
777 1981 802 2005 et
825 1979 928 2005 bomini

193 2025 330 2057 assumpto
341 2044 347 2055 ‚
364 2023 410 2050 sed
422 2023 583 2058 quibuslibet
598 2024 747 2050 viatoribus
763 2026 799 2050 esi
818 2025 927 2057 iqnotcm

193 2074 229 2092 αη
243 2068 329 2093 autem
345 2067 429 2094 beatis
444 2069 468 2094 et
482 2068 586 2101 angelis
601 2069 762 2098 innotescat,
779 2068 850 2094 nihil
863 2068 929 2094 certi

193 2111 312 2137 habetur.

197 2197 286 2236 Resp.
303 2198 340 2227 ad
357 2207 425 2237 arg.
443 2198 621 2237 ,Dicendum
637 2199 720 2238 quod
735 2199 854 2238 absque
870 2198 926 2227 du-

155 2250 208 2279 bio
221 2250 300 2280 hora
315 2250 375 2280 diei
390 2251 504 2289 judicii
520 2254 565 2280 est
580 2253 653 2281 nota
668 2251 724 2281 toti
738 2251 880 2281 Trinitati
897 2253 928 2280 et

155 2302 277 2332 homini
296 2309 456 2343 assumpto
478 2314 484 2333 z
506 2303 558 2334 sed
580 2303 690 2342 ignota
712 2305 759 2333 est
780 2303 928 2333 omnibus

155 2355 186 2385 in
201 2357 283 2386 statu
306 2356 464 2386 viatorum
484 2356 703 2386 existentibus.
728 2356 788 2386 Sed
809 2356 848 2387 de
869 2356 928 2386 1100

155 2410 199 2438 est
217 2409 373 2439 contentio
394 2410 474 2439 inter
489 2409 647 2447 doctores,
669 2411 779 2439 utrum
801 2411 874 2439 nota
888 2409 927 2439 sit

155 2461 278 2500 angelis
299 2464 329 2492 ct
349 2463 517 2493 animabus
532 2462 640 2493 beatis,
665 2461 798 2498 Quidam
819 2462 928 2492 dicunt

155 2515 239 2554 quod
254 2515 315 2553 sic;
332 2515 460 2555 quidam
478 2516 562 2555 quod
581 2524 656 2546 non.
678 2514 737 2545 Sed
754 2517 836 2546 certe
851 2515 926 2555 quid

156 2568 196 2598 sit
207 2577 302 2607 super
316 2568 376 2598 hoc
392 2569 575 2606 tenendum,
590 2568 694 2608 magis
703 2569 825 2599 docebit
836 2577 927 2607 expe-

192 2650 197 2662 ·
221 2649 370 2679 Gregorius,
396 2650 496 2680 Morul„
522 2650 565 2674 lib.
594 2651 631 2678 ΙΙ,
656 2658 678 2673 c.
702 2656 731 2673 11.
752 2663 781 2667 -
805 2650 815 2665 ²
833 2649 927 2679 Jacob„

157 2688 194 2713 11,
212 2686 248 2707 12.

1699 218 1756 245 559

987 281 1099 311 rientia
1115 289 1172 320 pro
1184 281 1251 311 1000
1271 283 1301 311 et
1316 283 1470 321 tempore,
1489 290 1586 320 quam
1600 290 1686 311 nunc
1699 281 1754 311 do-

988 336 1055 364 ceat
1070 334 1198 364 scientia
1215 345 1220 364 ;
1237 336 1411 373 utrumque
1424 334 1510 364 enim
1525 337 1571 365 est
1586 334 1730 374 possibile
1748 346 1754 365 ε

988 396 1061 416 cum
1076 387 1162 417 enim
1179 385 1300 416 Christo
1314 386 1371 416 soli
1391 387 1624 418 communicata
1636 388 1677 417 sit
1691 396 1757 418 om-

987 440 1036 469 nis
1058 440 1202 476 scientia,
1229 448 1292 470 non
1315 440 1406 470 video
1431 449 1530 480 quare
1551 440 1658 480 angeli
1680 440 1757 471 illud

987 492 1139 530 ignorare
1153 501 1217 522 non
1233 492 1367 531 possint,
1390 501 1462 522 cum
1484 493 1568 523 istud
1587 502 1650 523 non
1666 493 1706 523 sit
1720 493 1758 523 de

988 546 1162 576 substantia
1175 545 1287 584 gloriae
1302 545 1459 584 ipsorum3
1475 555 1595 582 rursus,
1611 555 1685 576 cum
1695 546 1757 577 Deo

987 599 1048 629 sint
1062 599 1248 635 familiares,
1270 600 1300 628 et
1312 598 1393 628 nihil
1408 599 1440 628 in
1458 599 1554 638 hujus
1570 599 1614 629 rei
1629 599 1757 630 scientia

986 652 1118 692 perdere
1132 651 1266 691 possint,
1291 660 1355 681 non
1374 651 1465 681 video
1480 661 1577 691 quare
1596 652 1680 682 istud
1694 661 1758 682 non

987 707 1144 744 congruat
1159 704 1303 735 revelari.
1328 703 1398 734 Non
1416 706 1523 734 tamen
1538 707 1584 735 est
1599 705 1685 735 facile
1700 705 1759 735 1100

986 760 1133 790 diffinire.
1146 758 1233 789 Unde
1242 759 1318 798 quia
1329 758 1444 798 aliqua}
1455 758 1655 788 auctoritates
1666 758 1759 788 Sanc-

986 817 1092 844 torum
1107 813 1256 843 videntur
1270 821 1393 849 sonare⁷
1410 811 1495 850 quod
1510 811 1617 850 angeli
1631 812 1691 841 hoc
1705 821 1759 842 no—

987 870 1078 904 runt3
1092 867 1217 906 aliquae,
1231 866 1315 906 quod
1326 866 1490 904 ignorent;
1504 874 1578 895 sane
1588 865 1647 896 dici
1661 868 1759 905 potest

986 921 1069 960 quod
1094 920 1178 950 istud
1201 921 1312 949 notum
1339 919 1379 948 sit
1403 918 1561 957 aliquibus
1585 918 1708 957 angelis
1730 921 1759 948 et

986 974 1100 1011 beatis,
1127 973 1284 1012 aliquibus
1307 972 1470 1011 ignotum3
1494 974 1524 1002 et
1545 972 1626 1002 sicut
1643 971 1759 1002 dicitur

986 1028 1068 1057 circa
1082 1025 1307 1056 incarnationis
1322 1025 1526 1065 mysterium,
1548 1025 1591 1054 sic
1610 1027 1640 1055 et
1658 1025 1691 1054 in
1707 1025 1759 1054 illa

986 1081 1074 1119 parte
1087 1079 1235 1109 standum
1245 1081 1301 1115 est7
1316 1078 1398 1117 quod
1409 1078 1503 1108 alicui
1516 1080 1667 1108 creaturae
1681 1078 1759 1108 hora

982 1133 1092 1172 Ι11101011
1108 1135 1184 1162 nota
1201 1132 1250 1162 sit.

1028 1189 1054 1216 l.
1068 1186 1115 1216 Ad
1127 1186 1203 1216 illud
1215 1194 1293 1224 ergo
1303 1184 1387 1224 quod
1399 1184 1559 1224 obiicitur,
1573 1184 1657 1224 quod
1669 1192 1758 1216 nemo

986 1241 1085 1277 novit,
1105 1239 1274 1270 dicendum
1289 1238 1371 1278 quod
1386 1238 1418 1268 in
1436 1238 1489 1268 illa
1503 1238 1697 1275 auctoritate,
1714 1238 1755 1267 si-

985 1296 1037 1323 cut
1057 1295 1139 1332 patet
1162 1302 1202 1323 ex
1226 1292 1351 1329 Glossa,
1375 1300 1438 1321 non
1461 1291 1639 1321 excluditur
1661 1290 1758 1321 Filius

985 1346 1153 1383 naturalis⁷
1179 1345 1232 1375 sed
1254 1344 1441 1383 adoptivns‘,
1467 1353 1524 1374 1100
1545 1343 1759 1374 exeluduntur

985 1410 1095 1431 omnes
1111 1400 1234 1438 angeli,
1250 1399 1303 1429 50(1
1319 1398 1362 1428 1111
1378 1398 1432 1437 qui
1449 1400 1522 1428 sunt
1536 1398 1692 1428 inferioris
1707 1407 1759 1428 01¹-

984 1454 1083 1491 dinis;
1101 1463 1159 1483 1100
1176 1452 1389 1482 excluduntur
1404 1460 1515 1481 omnes
1531 1451 1687 1489 homines,
1704 1452 1757 1482 sed

984 1507 1086 1537 solum
1103 1507 1175 1546 puri
1191 1505 1351 1542 homines,
1372 1507 1402 1534 et
1417 1504 1562 1534 viatores.
1580 1503 1635 1534 Vel
1651 1504 1755 1534 dicen—

984 1561 1060 1591 dum
1076 1560 1160 1600 quod
1177 1569 1240 1589 non
1256 1559 1430 1593 noverunt,
1446 1557 1520 1596 quia
1534 1556 1604 1586 aliis
1620 1566 1683 1587 non
1697 1566 1755 1587 no-

984 1614 1119 1650 tificant,
1141 1612 1169 1642 id
1190 1614 1236 1642 est
1251 1620 1314 1641 non
1328 1610 1498 1640 ostendunt
1513 1619 1545 1640 se
1564 1610 1659 1647 scire,
1677 1610 1757 1640 sicut

985 1666 1075 1695 fovea
1091 1665 1207 1695 (licitur
1220 1673 1312 1701 caeca,
1325 1672 1389 1694 non
1401 1663 1478 1702 quia
1492 1672 1557 1693 non
1572 1663 1686 1699 videat,
1703 1663 1756 1692 sed

985 1719 1059 1757 quia
1075 1718 1157 1757 quod
1172 1718 1268 1747 habet
1282 1717 1315 1746 in
1330 1726 1373 1753 50,
1391 1716 1459 1746 aliis
1475 1725 1538 1746 non
1553 1716 1706 1746 ostendat.

1024 1774 1054 1801 ⁶2.
1070 1771 1117 1801 Ad
1132 1771 1209 1800 illud
1225 1770 1310 1810 quod
1324 1770 1484 1808 objicitur,
1499 1770 1583 1809 quod
1598 1772 1671 1800 nota
1688 1770 1757 1800 fecit

984 1825 1091 1855 omnia
1105 1823 1254 1863 apostolis
1267 1822 1408 1853 Christus
1424 1825 1454 1852 et
1468 1823 1602 1862 Spiritus
1617 1826 1755 1859 sanctus,

984 1877 1151 1908 (licendum
1176 1876 1262 1916 quod
1281 1875 1363 1906 istud
1385 1875 1572 1914 intelligitur
1591 1876 1628 1906 de
1649 1885 1755 1906 neces-

984 1931 1074 1961 sariis
1090 1930 1129 1960 ad
1145 1929 1290 1960 salutem.

1024 1987 1052 2014 3.
1078 1984 1124 2014 Ad
1146 1983 1224 2013 illud
1248 1981 1332 2021 quod
1353 1981 1499 2020 objicitur
1523 1982 1560 2012 de
1583 1982 1753 2022 prophetis,

983 2037 1152 2067 dicendum
1164 2035 1249 2075 quod
1264 2035 1345 2065 Deus
1356 2043 1418 2065 non
1429 2035 1582 2066 revelavit
1597 2035 1673 2066 illud
1688 2045 1756 2074 pro-

984 2090 1101 2129 phetis,
1127 2089 1203 2129 quia
1222 2097 1286 2118 non
1301 2090 1366 2118 erat
1380 2088 1472 2117 nobis
1488 2088 1565 2118 utile
1580 2097 1686 2124 nosse,
1703 2089 1754 2119 sed

983 2143 1117 2183 perutile
1136 2144 1204 2173 erat
1224 2142 1374 2181 ignorare¹
1389 2144 1460 2171 tum
1475 2144 1601 2181 propter
1615 2144 1755 2172 nostram

984 2196 1167 2232 utilitatem,
1192 2197 1261 2225 tum
1281 2195 1376 2224 etiam
1401 2196 1528 2234 propter
1548 2195 1644 2233 istud7
1672 2196 1755 2234 quod

983 2249 1117 2279 dicitur2
1136 2259 1142 2278 ε
1163 2248 1213 2279 Sic
1229 2248 1415 2287 loquimini,
1433 2251 1461 2279 ei
1475 2249 1522 2279 sic
1536 2248 1644 2286 facile,
1661 2250 1757 2288 quasi

980 2310 1038 2341 per
1053 2302 1147 2341 leqem
1163 2302 1318 2333 libertatis
1334 2302 1524 2340 incipientes
1539 2301 1688 2340 judicari
1703 2313 1713 2331 .·
1726 2305 1756 2332 et

983 2356 1026 2385 ita
1041 2358 1124 2395 patet
1141 2364 1239 2394 quare
1261 2354 1414 2384 Dominus
1434 2354 1646 2385 manifestavit
1667 2356 1755 2386 nobis

979 2408 1091 2448 ,iudicii
1106 2408 1222 2444 locum,
1239 2407 1291 2437 seii
1307 2416 1371 2437 non
1388 2410 1527 2446 tempus3
1545 2408 1628 2447 quod
1644 2408 1754 2438 ultimo

983 2462 1186 2502 quaerebatur
1203 2463 1358 2500 quantum
1373 2461 1410 2490 asl
1429 2461 1565 2500 primam
1582 2463 1712 2500 partem.

1023 2518 1052 2545 11.
1068 2515 1113 2545 Ad
1130 2514 1207 2544 illud
1223 2514 1306 2554 quod
1319 2514 1465 2553 objicitur
1475 2514 1512 2544 de
1523 2514 1653 2552 angelis,
1670 2514 1753 2553 quod

982 2570 1090 2599 omnia
1106 2569 1229 2605 vident,
1251 2568 1419 2598 dicendum
1439 2567 1521 2607 quod
1543 2568 1617 2598 illud
1632 2570 1754 2606 oportet

982 2622 1115 2661 intelligi
1129 2622 1167 2651 (le
1181 2621 1230 2651 his
1241 2630 1314 2660 quae
1326 2623 1399 2651 sunt
1415 2621 1452 2650 de
1467 2620 1647 2659 integritate
1658 2621 1753 2651 beati-

983 2675 1100 2706 tudinis
1115 2674 1165 2705 vel
1181 2674 1229 2705 sui
1244 2673 1421 2704 ministerii.
