1991 3006
209 237 227 265 8
764 228 1068 261 8κΙΝΤΙ’ῘΝἸ“1Α111]Μ
1093 228 1163 258 Llll.
1190 228 1237 258 lV.

210 301 251 331 sit
270 303 405 340 potestas
429 298 604 328 secundum
625 297 739 336 triplex
762 296 974 332 obstaculum,

211 352 327 392 triplex
349 354 395 382 est
419 351 533 381 clavis:
557 350 675 389 prima⁷
701 350 816 379 scilicet
838 348 975 378 auctori-

212 406 301 443 tatis,
318 416 336 435 a
355 414 419 444 qua
441 406 502 440 est;
523 403 658 433 secunda
671 427 678 439 ,
696 402 810 432 scilicet
824 401 980 433 excellen-

214 459 266 489 tiae
277 482 284 496 ‚
300 460 330 488 et
345 458 413 487 hacc
428 459 474 486 est
489 456 521 486 in
536 456 602 486 solo
618 455 738 485 Christo
752 466 759 491 3
777 456 807 484 et
832 454 921 484 tertia
935 456 981 482 est

215 511 311 540 clavis
325 509 502 547 ministerii,
519 517 592 548 quae
607 508 766 539 descendit
780 517 798 537 a
808 507 895 537 clave
910 516 980 536 auc-

215 563 349 593 toritatis
375 562 532 592 mediante
551 562 638 591 clave
662 560 874 596 excellentiae;
897 562 926 589 et
945 559 982 588 (le

217 617 275 646 hac
295 616 412 645 dictum
439 617 485 645 est
512 614 628 645 Petro¹
651 623 658 643 ε
685 613 757 644 Tibi
784 612 864 643 dabo
883 612 983 642 clares

217 671 308 709 reqm'
318 669 473 700 coetorum.
489 668 526 698 Et
539 667 576 698 de
590 668 648 697 hac
664 666 837 706 procedunt
851 665 985 695 auctori-

218 724 297 753 tates
321 724 351 752 et
374 722 510 751 rationes
534 721 571 750 ad
601 720 737 759 primam
768 720 906 758 partem3
932 718 985 747 sed

220 775 355 805 rationes
379 774 417 804 ad
445 773 623 812 oppositum
652 771 824 811 procedunt
852 771 890 801 de
918 770 987 800 aliis

220 827 373 858 clavibus,

263 883 291 910 1.
318 879 364 910 Ad
389 878 465 908 illud
487 886 563 916 ergo
590 877 674 917 quod
699 877 801 915 primo
820 877 986 915 objicitur,

222 932 305 972 quod
321 931 437 962 ostium
452 939 576 970 semper
587 932 634 960 est
648 932 806 969 apertum,
819 929 989 959 dicendum

223 984 307 1024 quod
322 984 383 1014 hoc
398 992 510 1013 verum
525 985 572 1013 est
587 983 624 1013 de
640 992 690 1019 se;
707 982 759 1012 sed
773 984 880 1012 tamen
895 982 990 1012 homo

225 1037 282 1067 sibi
299 1037 413 1067 claudit
427 1046 482 1075 per
492 1036 633 1066 debitum
646 1035 774 1075 peccati,
791 1034 874 1073 quod
889 1035 992 1064 iucur—

226 1090 283 1127 1·it;
307 1099 324 1119 a
348 1098 411 1128 quo
435 1091 555 1128 oportet
585 1089 746 1119 homiuem
772 1097 827 1127 per
852 1087 991 1126 aliquam

226 1143 363 1173 clavmm
378 1142 515 1172 liberari.

267 1198 285 1225 2
300 1197 329 1225 et
340 1197 368 1225 3.
385 1194 431 1224 Ad
447 1194 525 1224 illud
538 1193 620 1233 quod
635 1193 792 1232 objicitur,
811 1194 895 1232 quod
909 1193 994 1223 solus

227 1248 372 1277 Christus
395 1249 495 1286 potest
522 1247 688 1283 claudere,
715 1245 882 1276 dicendum
911 1245 995 1284 quod

229 1300 305 1330 illud
329 1299 516 1338 intelligitur
540 1299 577 1329 de
598 1299 685 1329 clave
705 1298 917 1335 excellentiae,
942 1308 996 1336 per

229 1362 325 1392 quam
347 1352 458 1382 clausit
479 1353 623 1391 lymbum
647 1351 779 1388 sanctis,
802 1360 841 1380 ne
865 1351 907 1379 ibi
930 1350 996 1380 des-

230 1405 383 1442 cendant,
404 1407 434 1435 et
454 1404 577 1442 aperuit
601 1403 781 1443 paradisum
799 1414 805 1432 :
832 1405 862 1432 et
883 1403 921 1433 de
938 1403 997 1433 ista

231 1458 391 1497 apertifflie
403 1458 518 1487 dicitur
528 1457 560 1486 in
574 1456 720 1486 (tratione
734 1455 870 1494 paschali
882 1466 888 1485 z
903 1456 997 1493 Deus,

231 1512 289 1550 qui
305 1511 496 1542 aete'rnilalis
520 1509 646 1540 aditzmz
663 1508 790 1539 devicta
806 1510 902 1539 morte
917 1516 999 1539 rese-

232 1564 314 1595 rasti
325 1574 335 1594 .·
350 1563 388 1592 de
407 1563 464 1592 hac
482 1561 670 1600 intelligitur
682 1563 788 1590 textus
801 1584 808 1597 ,
826 1564 855 1590 et
872 1560 996 1598 glossa:

233 1620 263 1646 et
277 1616 320 1646 ita
334 1617 420 1655 patet
437 1623 570 1654 sequens
585 1614 729 1653 objectio.

273 1672 302 1698 4.
327 1668 374 1698 Ad
391 1667 469 1697 illud
484 1666 567 1706 quod
582 1666 732 1705 objicitur
746 1666 783 1696 de
799 1666 938 1696 clavibus·
954 1667 1000 1696 in-

235 1722 330 1759 ferni7
348 1723 449 1760 potest
470 1719 651 1758 responderi
670 1718 845 1748 secundum
867 1719 1000 1758 aliquos,

235 1774 321 1814 quod
345 1774 413 1803 ista)
439 1772 534 1802 etiam
561 1774 635 1801 suut
662 1772 766 1801 claves
792 1771 918 1808 inferni,
949 1772 1001 1800 sed

236 1830 343 1856 tamen
358 1825 603 1855 denominantur
617 1833 636 1853 a
652 1823 787 1861 digniori
804 1832 811 1853 :
828 1823 902 1862 quia
925 1824 1002 1853 dum

237 1878 382 1918 aperiunt
403 1877 537 1914 coelum,
564 1876 713 1906 claudunt
740 1876 918 1912 infcrnum3
950 1876 1004 1906 sed

238 1930 449 1971 principaliter
473 1931 546 1959 sunt
575 1928 613 1958 ad
640 1928 846 1967 aperiendum
876 1928 1001 1959 coeluni.

238 1984 342 2014 Potest
357 1982 447 2012 aliter
462 1982 521 2012 dici
532 2005 541 2018 ‚
558 1981 641 2020 quod
662 1980 765 2011 claves
784 1981 897 2010 inferni
912 1981 1006 2011 habet

239 2037 379 2067 Christus
393 2034 567 2064 secundum
583 2033 666 2072 quod
683 2033 774 2068 Deus,
791 2033 865 2071 quia
881 2033 945 2072 ipsc
961 2036 1006 2063 est

239 2089 294 2128 qui
309 2089 320 2105 ²
345 2091 447 2127 potest
471 2087 614 2118 (mimam
635 2088 662 2116 ec
686 2093 798 2124 corpus
821 2085 949 2124 perdere
972 2087 1007 2117 in

240 2142 425 2181 gehennam,
442 2142 472 2169 et
491 2139 545 2178 qui
566 2140 664 2177 potest
686 2138 831 2175 liberare,
847 2140 876 2168 et
891 2139 1007 2169 ibidem

240 2193 419 2224 includere:
438 2192 522 2222 unde
537 2191 596 2221 hoc
610 2191 760 2230 competit
782 2191 811 2220 ei
833 2191 1007 2222 secuudum

241 2245 362 2276 clavem
379 2243 586 2280 auctoritatis,
607 2251 679 2281 quae
694 2246 740 2272 est
764 2243 796 2272 in
818 2243 1008 2274 removendo

242 2298 367 2337 culpam
384 2307 390 2326 z
409 2299 439 2326 et
454 2296 523 2326 ideo
546 2295 616 2334 plus
639 2295 712 2325 dicit
733 2304 788 2334 per
811 2295 926 2326 clavem
955 2297 1008 2327 ιἠ-

243 2351 338 2388 ferni,
354 2357 450 2389 quam
466 2357 521 2387 per
535 2348 653 2379 clavem
668 2348 770 2387 requi,
785 2348 865 2378 sicut
881 2348 951 2387 plus
964 2352 1010 2379 est

242 2402 375 2432 liberare
387 2411 405 2431 a
419 2401 512 2440 culpa
524 2402 555 2430 et
567 2403 667 2430 morte
680 2403 809 2437 aeterna,
825 2410 921 2440 quam
937 2401 1011 2431 libe-

243 2463 314 2484 rare
329 2454 368 2484 ab
381 2454 487 2493 aliqua
501 2461 594 2492 poena
608 2452 773 2492 temporali
784 2453 1009 2483 introducendo

243 2507 275 2537 in
291 2506 426 2546 gloriam
443 2516 449 2535 :
467 2506 536 2536 ideo
551 2514 614 2535 non
632 2505 715 2535 valet
732 2505 821 2535 illud.

277 2606 281 2619 ¹
296 2604 397 2632 Mami„
413 2609 466 2633 xvl,
488 2605 522 2627 19.
542 2616 571 2620 —
583 2603 591 2617 ²
606 2602 708 2630 Multh„
724 2608 749 2632 x,
764 2603 802 2626 28.
814 2614 843 2618 —
856 2602 866 2618 ³
883 2602 922 2631 Cf.
939 2603 1008 2626 Alex.

246 2640 341 2670 Alens„
355 2646 380 2670 p.
397 2639 439 2670 lv,
454 2646 478 2669 q.
494 2645 537 2667 xx,
552 2638 658 2662 membr.
671 2639 698 2667 5;
716 2640 742 2661 s.
758 2637 859 2666 Thom..
875 2637 899 2660 iu
923 2639 1009 2669 sicppl.

246 2682 271 2705 p.
289 2675 331 2705 111,
347 2681 373 2706 q.
387 2679 452 2704 xvu,
466 2676 513 2698 art.
528 2676 557 2704 25
574 2673 700 2704 Richard„
717 2673 747 2697 lV
764 2673 842 2702 Sent.‚
855 2672 912 2697 dist.
932 2679 1010 2704 xviii,

1303 346 1479 384 QUAESTlo
1504 346 1540 377 ll.

1134 429 1177 454 An
1193 428 1279 454 claves
1290 428 1342 453 sint
1357 426 1427 453 ‹latae
1441 426 1477 453 ad
1487 425 1663 453 claudendum
1674 425 1693 450 ³.

1076 506 1122 537 Ad
1147 506 1223 545 quid
1250 505 1311 535 sint
1339 505 1405 535 ista}
1429 504 1532 534 claves
1546 515 1552 540 3
1583 507 1614 534 et
1641 503 1804 543 supposito
1819 521 1923 542 Fundam.

1037 559 1120 598 quod
1143 559 1204 588 sint
1218 558 1256 588 ad
1278 558 1501 597 aperiendum,
1519 557 1673 596 quaeritur
1694 558 1803 587 utrum

1039 612 1101 641 siut
1115 611 1152 641 ad
1167 610 1395 641 claudendum:
1413 612 1443 640 et
1457 610 1540 649 quod
1556 610 1600 639 sic
1611 633 1618 646 ‚
1636 609 1760 639 videtur
1770 608 1780 624 ⁴
1795 619 1802 638 ε

1040 664 1124 696 Dabo
1144 664 1261 695 clavem
1283 663 1393 694 domus
1421 662 1542 699 David,
1567 666 1593 693 et
1619 662 1755 701 aperiet,
1778 664 1807 693 el

1040 725 1128 748 nemo
1143 716 1285 749 claudet:
1299 715 1439 753 claudet,
1454 718 1481 747 et
1495 723 1582 746 nemo
1597 715 1726 753 aperiet.
1747 713 1808 744 Sed

1042 772 1176 809 potestas
1196 769 1306 799 collata
1325 772 1371 798 est
1393 768 1546 798 ministris
1567 767 1736 797 conformis
1752 775 1807 806 po-

1042 823 1144 853 testati
1167 822 1278 852 Christi
1297 832 1303 851 :
1325 830 1403 860 ergo
1418 821 1454 851 ad
1476 819 1685 851 claudendum
1698 843 1706 856 ,
1725 821 1755 849 et
1771 818 1810 849 ad

1044 875 1263 915 aperiendum.

1085 928 1162 958 Item
1186 928 1218 958 in
1243 927 1366 958 datione
1386 926 1523 956 clavium
1550 925 1703 956 Dominus
1729 924 1814 954 dedit

1046 990 1110 1011 non
1134 981 1236 1011 solum
1257 982 1442 1020 potestatem
1466 978 1622 1015 solvendi,
1641 977 1694 1007 sed
1717 976 1813 1007 etiam

1046 1033 1186 1072 ligandi;
1204 1042 1267 1063 non
1283 1032 1386 1062 solum
1405 1031 1580 1062 dimittendi
1597 1031 1722 1070 peccata
1733 1053 1742 1067 ‚
1760 1029 1813 1060 sed

1047 1087 1140 1117 etiam
1151 1085 1318 1122 retinendi,
1333 1085 1413 1114 sicut
1427 1086 1510 1123 patet
1525 1095 1531 1113 2
1545 1085 1573 1113 et
1588 1092 1643 1122 per
1655 1082 1714 1112 hoc
1729 1082 1814 1122 quod

1050 1139 1191 1174 solvunt,
1218 1141 1291 1169 suut
1315 1138 1351 1168 ad
1377 1137 1601 1177 aperiendum;
1624 1139 1653 1165 et
1679 1144 1734 1174 per
1756 1135 1816 1165 hoc

1049 1192 1134 1231 quod
1157 1192 1336 1228 remittunt,
1361 1191 1505 1220 similiter
1526 1200 1532 1220 z
1556 1198 1635 1228 ergo
1659 1189 1698 1219 ab
1723 1197 1818 1227 oppo-

1049 1245 1133 1282 sitis,
1150 1254 1206 1283 per
1220 1244 1279 1274 hoc
1294 1243 1377 1282 quod
1396 1243 1496 1281 ligant
1509 1244 1539 1272 et
1553 1242 1706 1279 retinent,
1724 1243 1817 1271 crunt

1051 1298 1088 1328 ad
1112 1296 1321 1327 claudendum
1342 1307 1347 1325 z
1370 1304 1434 1325 11011
1455 1303 1534 1333 ergo
1557 1294 1661 1324 solum
1684 1293 1722 1324 ad
1742 1301 1816 1333 ape-

1050 1350 1207 1381 riendum.

1094 1403 1169 1433 Item
1181 1426 1188 1440 ,
1205 1402 1302 1432 clavis
1315 1401 1430 1431 dicitur
1446 1399 1658 1439 metaphorice
1678 1400 1711 1430 in
1726 1399 1818 1439 spiri-

1053 1455 1201 1491 tualibus,
1216 1455 1254 1485 ad
1265 1453 1501 1483 similitudinem
1516 1452 1613 1483 clavis
1628 1453 1660 1482 iu
1675 1460 1821 1491 corpora-

1052 1508 1158 1538 libus:
1181 1507 1233 1537 sod
1259 1506 1398 1537 officium
1421 1506 1518 1535 clavis
1539 1514 1603 1535 non
1628 1508 1752 1536 tantum
1776 1507 1822 1535 cst

1054 1561 1187 1600 aperIre,
1204 1560 1256 1590 sed
1269 1559 1362 1589 etiam
1373 1558 1516 1588 claudere
1535 1569 1540 1588 :
1559 1566 1655 1596 ergo,
1672 1560 1731 1588 etc.

1097 1614 1190 1650 Item,
1213 1613 1238 1642 si
1253 1612 1354 1642 solum
1374 1614 1419 1641 est
1437 1611 1475 1641 ad
1500 1611 1726 1650 aperiendum,
1743 1620 1822 1650 ergo

1056 1666 1123 1706 pari
1138 1666 1274 1701 ratione,
1294 1672 1366 1694 cum
1382 1663 1556 1702 baptismus
1571 1663 1611 1693 sit
1625 1663 1661 1693 ad
1679 1664 1822 1703 aperien-

1056 1719 1128 1749 dam
1140 1719 1294 1758 Januam,
1308 1719 1338 1746 et
1352 1716 1459 1746 omnia
1473 1718 1683 1754 sacramenta,
1699 1719 1730 1746 et
1742 1725 1826 1756 prae-

1057 1772 1148 1810 cipue
1171 1770 1378 1807 eucharistia,
1399 1771 1429 1799 et
1448 1769 1554 1799 unctio
1573 1771 1732 1805 extrema,
1753 1777 1826 1808 quae

1059 1826 1201 1854 removet
1216 1821 1375 1853 obstacula
1389 1822 1428 1851 ad
1448 1821 1694 1860 ingrediendum
1709 1821 1741 1851 in
1756 1821 1825 1860 glo-

1059 1878 1139 1908 riam
1154 1901 1160 1914 ‚
1174 1886 1252 1915 ergo
1262 1886 1356 1906 omne
1371 1878 1604 1906 sacramentum
1620 1878 1700 1905 esset
1714 1875 1826 1905 clavis:

1060 1930 1144 1970 quod
1160 1938 1223 1959 nou
1234 1928 1370 1959 admittit
1385 1937 1472 1964 usus,
1484 1936 1542 1957 nec
1554 1927 1650 1958 ratio:
1666 1936 1757 1966 ergo,
1769 1929 1827 1958 etc.

1102 1983 1215 2013 Contra
1232 1992 1238 2011 :
1258 1984 1286 2010 1.
1308 1981 1416 2011 Claves
1431 1980 1512 2010 datae
1536 1982 1610 2009 sunt
1628 1979 1666 2009 ad
1687 1982 1829 2010 nostram

1061 2034 1229 2065 utilitatem
1247 2044 1253 2063 :
1271 2032 1324 2063 sed
1339 2032 1458 2062 utilitas
1472 2035 1580 2062 nostra
1597 2041 1660 2062 non
1673 2035 1729 2069 est,
1746 2033 1830 2072 quod

1063 2095 1200 2125 regnum
1229 2084 1297 2115 coeli
1324 2084 1414 2114 nobis
1442 2083 1606 2114 claudatur
1623 2095 1630 2114 :
1658 2093 1738 2123 ergo
1766 2093 1831 2115 non

1063 2138 1185 2169 suntad
1201 2137 1421 2167 claudendum.

1104 2195 1131 2222 Ξ.
1158 2191 1252 2226 ltem,
1269 2189 1348 2220 nihil
1363 2189 1478 2220 claudit
1498 2198 1638 2228 regnum
1658 2189 1830 2227 coelorum,

1065 2245 1123 2275 nisi
1148 2244 1230 2284 quod
1249 2243 1379 2282 apponit
1404 2243 1622 2273 obstaculum:
1653 2243 1832 2282 appositum

1065 2300 1169 2328 autem
1185 2295 1380 2327 obstaculum
1396 2295 1435 2325 ad
1450 2295 1692 2333 ingrediendum
1708 2304 1772 2326 non
1787 2298 1832 2326 est

1065 2350 1124 2381 nisi
1139 2349 1298 2386 debitum,
1318 2348 1402 2388 quod
1417 2350 1462 2378 est
1477 2356 1517 2378 ex
1533 2350 1658 2387 peccato
1676 2359 1681 2378 :
1700 2348 1755 2378 sed
1769 2348 1832 2378 cla-

1067 2412 1120 2433 ves
1135 2411 1196 2431 non
1208 2400 1329 2431 suntad
1342 2400 1520 2430 faciendum
1531 2399 1675 2430 homines
1685 2408 1812 2439 peccare
1823 2411 1829 2430 :

1066 2463 1144 2493 ergo
1159 2453 1282 2484 videtur
1304 2452 1389 2492 quod
1406 2452 1510 2483 claves
1525 2460 1588 2483 nou
1611 2452 1674 2482 sint
1691 2452 1730 2482 ad
1745 2452 1832 2483 clau-

1066 2506 1216 2537 dendum.

1848 1996 1881 2016 Ad
1899 2001 1948 2021 opp.

1067 2611 1091 2633 q.
1110 2609 1140 2632 ¹¹3
1156 2602 1243 2632 steph.
1258 2602 1360 2630 Brules..
1377 2602 1407 2625 lv
1425 2602 1502 2628 Sunt„
1520 2601 1577 2624 «list.
1593 2607 1668 2630 xviii,
1684 2608 1708 2632 q.
1722 2606 1752 2631 115
1766 2603 1831 2627 Petr.

1067 2640 1097 2663 de
1117 2640 1229 2667 Tar-iut-y
1247 2639 1277 2662 Ν
1301 2638 1378 2667 Sem„
1401 2637 1456 2662 dist.
1480 2643 1558 2668 xvnl,
1579 2645 1603 2667 ¹l·
1629 2643 1668 2661 111.
1689 2650 1719 2655 —-
1742 2638 1752 2653 δ
1773 2639 1830 2667 Im„

1067 2679 1132 2705 xxm,
1147 2675 1185 2697 22.
