1991 3006
788 214 900 245 LIBER
926 214 1086 245 PRIMUS.

354 314 570 346 DISTINCTIO
593 313 697 345 XXXI.

143 389 198 421 Quo
214 387 289 414 modo
310 388 416 414 dicatur
431 388 515 414 Filius
529 387 643 422 aequaiis
659 387 738 413 Patri
746 407 754 417 ,
771 393 805 412 au
819 393 910 412 secun-

177 433 241 459 dum
258 432 453 465 substantiam,
477 440 512 458 αη
528 431 667 458 secuudum
684 431 853 461 relationem5
872 431 911 456 ita

179 479 203 504 et
220 476 328 503 similis.

282 553 406 576 Praeterea
423 551 579 576 considerari
596 552 695 582 oportet
702 569 709 581 ,
723 551 772 574 etc.

142 608 307 648 AEqualis,
323 606 459 644 similis,
476 606 507 636 in
527 606 644 636 divinis
659 605 792 644 positive

142 661 245 700 Atque
259 661 390 691 relative
404 661 588 697 sumuntur,
607 661 637 689 et
650 659 870 689 inveniuntur.

145 714 181 744 Ut
196 713 401 749 substantive,
414 713 581 743 causaliter
596 712 712 752 hicque
724 712 910 751 loquuntur.

143 767 212 797 Una
228 766 299 797 facit
315 766 416 796 forma
430 766 574 806 personis
589 765 790 805 aequiparari.

141 819 305 850 AEtemum
321 820 440 858 species
454 820 568 849 debent
584 828 725 859 ususque
739 819 853 849 notari.

143 873 217 904 Haec
229 873 271 903 ait
288 873 425 903 Hilarius
441 877 448 892 ¹
467 873 608 913 personis
622 872 831 912 appropriari.

143 926 199 957 Ast
213 926 411 965 Augustinus
427 929 437 944 Ξ
454 926 535 956 Patri
551 926 602 956 dat
617 925 843 956 monaditatem
856 949 863 963 ,

142 980 267 1010 Nexum
283 979 415 1019 Spiritui
430 981 548 1017 sancto,
565 979 673 1009 Genito
689 979 866 1018 paritatem.

347 1091 561 1122 DISTINCTIO
583 1091 704 1122 XXXII.

147 1169 238 1195 Utrum
254 1170 344 1200 Pater,
358 1169 398 1195 vel
414 1169 500 1195 Filius
516 1169 625 1203 Spiritu
640 1170 729 1195 sancto
743 1176 768 1195 sc
784 1169 913 1202 diligant,

256 1221 314 1240 cum
329 1213 440 1248 diliqere
453 1214 505 1240 Deo
520 1213 590 1240 idem
605 1214 640 1239 sit
652 1213 720 1247 quod
737 1221 797 1239 esse.

267 1293 312 1317 Hic
327 1293 405 1318 oritur
417 1293 523 1324 quaestio
537 1300 568 1317 ex
583 1292 710 1324 praedictis
720 1312 726 1323 ,
742 1294 789 1316 ete.

183 1356 356 1387 Pneumate
381 1365 414 1386 se
437 1356 530 1386 Pater
543 1380 551 1394 ,
568 1357 599 1385 et
617 1355 746 1394 genitus
766 1355 915 1385 dicuntur

225 1418 332 1440 amare
346 1433 354 1446 ,

142 1463 347 1494 Notionaiiter
363 1463 422 1493 hoc
436 1462 555 1493 debetis
570 1471 678 1492 amare
697 1461 810 1491 locare.

142 1517 231 1554 Quod
251 1517 376 1556 sapiens
400 1516 507 1546 Genito
526 1515 563 1555 (a)
588 1515 680 1546 Pater
694 1516 750 1552 est,
772 1523 914 1554 propono

221 1579 351 1609 negare.

142 1624 201 1654 Per
218 1632 260 1661 se,
277 1632 343 1653 non
357 1632 375 1653 a
390 1632 432 1661 se,
449 1622 525 1653 dicis
542 1621 689 1652 Genitum
705 1621 890 1661 sapientem.

142 1676 193 1707 Sic
208 1676 311 1715 ipsum
326 1684 382 1715 per
394 1684 443 1713 se,
461 1684 527 1705 non
543 1685 561 1705 a
575 1684 618 1712 se,
636 1675 713 1705 dicis
729 1676 889 1713 agentem.

145 1729 212 1760 Una
226 1728 327 1759 Patris
341 1730 466 1758 tantum
479 1727 632 1767 sapientia
646 1730 910 1765 connumeratum

143 1782 210 1813 Uno
227 1782 263 1821 (b)
281 1781 363 1811 dicta
387 1780 479 1811 modo
498 1789 563 1810 non
586 1784 650 1817 est3
674 1789 764 1810 amor
786 1780 837 1810 hic
861 1790 910 1811 so-

217 1834 328 1865 eiatur.

336 1909 553 1941 DISTINCTIO
575 1908 710 1940 XXXIII.

141 1982 230 2008 Utrum
242 1983 423 2016 proprietates
435 1988 609 2016 personarum
625 1982 679 2007 sint
702 1982 766 2015 ipsae
784 1988 909 2015 personae,

279 2028 304 2052 et
324 2025 406 2059 Deus,
421 2025 451 2052 id
464 2027 513 2056 est,
531 2025 627 2052 divina
643 2026 766 2052 essentia.

226 2101 286 2125 Post
301 2100 444 2131 supradicta
458 2100 560 2124 ulterius
574 2100 731 2124 considerari
745 2119 750 2130 ,
767 2102 814 2124 ete.

180 2155 388 2195 Proprietates
402 2155 452 2185 dic
466 2155 499 2185 in
513 2155 657 2195 personis
670 2154 806 2185 residere
819 2178 827 2192 ,

140 2208 216 2246 Quae
230 2210 305 2239 sunt
320 2217 463 2248 personae
476 2217 533 2238 nec
546 2217 611 2238 non
627 2207 761 2238 essentia
775 2217 862 2238 vere.

139 2261 284 2293 Haeretici
294 2262 407 2292 nolunt
421 2261 480 2292 hoc
495 2270 576 2301 pura
591 2263 697 2292 mente
714 2262 832 2291 tenere.

337 2360 552 2392 DISTINCTIO
574 2359 707 2392 XXXIV.

140 2433 236 2468 Opinio
251 2430 424 2465 quorumdam
435 2430 615 2463 asserentium,
627 2437 680 2456 non
694 2429 764 2456 idem
780 2437 834 2457 esse
846 2437 906 2465 per-

175 2483 282 2509 sonam,
298 2477 323 2502 et
341 2476 497 2508 essentiam,
515 2476 539 2501 et
559 2474 674 2501 eamdem
692 2482 743 2501 non
764 2482 837 2509 posse
857 2482 907 2501 csse

175 2521 283 2550 Patris,
299 2521 321 2545 et
342 2519 425 2551 Filii,
448 2520 470 2546 et
488 2518 608 2553 Spiritus
622 2520 723 2553 sancti,
738 2520 794 2545 siue
812 2526 906 2553 perso-

175 2571 270 2592 narum
287 2563 447 2596 confusione.

204 2633 332 2658 Praedictis
342 2633 510 2664 adjiciendum
522 2635 573 2664 est,
586 2634 654 2664 quod
665 2634 768 2665 quidam
776 2651 782 2663 ,
795 2636 843 2658 etc.

182 2687 256 2720 Esse
273 2686 409 2718 sciamus
428 2687 510 2718 idem
525 2696 677 2726 personas
690 2697 763 2718 cum
778 2687 904 2719 deitate.

1677 218 1730 246 631

966 281 1085 320 Arguis
1100 281 1174 312 hinc
1191 281 1339 312 haeresim
1356 281 1394 312 de
1410 281 1505 312 stulta
1525 282 1734 322 simplicitate.

967 335 1007 366 Ut
1019 337 1083 366 tres
1098 344 1250 375 personas
1263 335 1359 365 unius
1370 344 1433 366 non
1448 336 1617 366 recitamus
1629 361 1636 374 ,

967 387 1073 418 Unum
1088 388 1195 427 sicque
1209 388 1306 418 trium
1325 397 1534 427 personarum
1554 398 1735 420 caveamus

968 441 1060 472 Posse
1077 441 1178 479 Patri,
1200 441 1278 472 scire
1300 441 1425 477 Genito,
1448 442 1533 472 velut
1555 442 1737 482 appropria-

1047 504 1119 525 mus
1132 520 1138 533 ,

968 548 1081 579 Sancto
1095 547 1224 587 Spiritui
1237 548 1410 578 bonitatem
1426 548 1470 578 sic
1484 548 1675 579 tribuamus.

969 601 1054 632 Istud
1071 610 1186 631 nomen
1208 601 1404 632 Homousion
1420 602 1499 632 hene
1518 602 1737 642 suscipiamus.

968 655 1015 685 Ad
1031 655 1139 686 divina
1154 655 1203 695 pie
1218 655 1365 694 quaedam
1383 656 1533 686 translata
1550 656 1697 688 sciamus.

1175 756 1395 788 DISTINCTIO
1417 757 1533 789 XXXV.

970 831 1007 856 De
1026 830 1198 864 quibusdam,
1216 838 1273 864 quae
1290 831 1432 857 secuudum
1451 831 1627 857 substantiam
1642 832 1674 857 cle
1691 833 1740 859 Deo

1005 874 1148 907 dicuntur,
1172 883 1229 908 quoe
1246 876 1386 909 specialem
1410 876 1561 909 efflaqitaut
1583 878 1739 907 tractatum,

1005 919 1105 945 scilicet
1120 919 1152 945 (le
1165 921 1288 952 scicntia,
1305 921 1327 945 et
1339 921 1501 954 prasentia,
1516 920 1701 955 providentia,
1718 924 1741 947 et

1006 963 1194 997 cIe'spositioue,
1215 964 1469 998 proeclcstiuatioue,
1494 966 1519 990 et
1540 964 1692 998 voluntate,
1719 967 1741 991 ct

1004 1009 1138 1042 potentia.

1118 1082 1231 1112 Cumque
1247 1089 1322 1112 supra
1337 1082 1538 1111 disseruerimus,
1554 1084 1601 1107 etc.

1012 1138 1075 1168 Scit
1090 1138 1171 1168 Deus
1184 1163 1191 1175 ,
1214 1141 1243 1168 et
1261 1140 1405 1178 praescit,
1422 1148 1634 1180 quaecumque
1656 1141 1742 1171 fuere

1051 1192 1198 1222 videnda.

973 1245 1069 1275 Porro
1087 1245 1242 1284 disponit,
1259 1255 1331 1286 quae
1346 1248 1470 1276 tantum
1493 1249 1566 1277 sunt
1583 1248 1739 1284 Facienda

971 1298 1030 1329 Sed
1052 1299 1254 1338 praedestinat
1276 1299 1346 1329 haec
1369 1309 1441 1339 quae
1464 1301 1591 1331 suntad
1617 1310 1743 1331 summa

1052 1353 1216 1383 trahenda.

970 1406 1104 1437 Nomina
1127 1406 1277 1446 praedicta
1304 1407 1448 1437 substant
1459 1431 1467 1445 ,
1496 1410 1526 1437 et
1557 1410 1631 1438 sunt
1660 1409 1739 1439 refe-

1051 1461 1167 1498 reuda,

971 1514 1085 1554 Sieque
1102 1514 1232 1552 creatio,
1250 1514 1317 1544 sive
1332 1516 1470 1553 creator,
1490 1517 1563 1545 sunt
1580 1515 1740 1555 capienda.

972 1567 1123 1598 Praescius
1140 1568 1235 1598 ullius
1253 1569 1286 1607 (c)
1303 1577 1367 1598 non
1388 1571 1478 1605 esset,
1494 1569 1621 1608 quando
1637 1569 1742 1599 futura

970 1619 1062 1650 Nulla
1083 1621 1202 1658 forent,
1219 1621 1273 1651 sed
1291 1623 1322 1651 et
1340 1622 1408 1652 hzec
1431 1624 1521 1651 caute
1546 1622 1741 1661 distinguere

1050 1683 1135 1703 cura.

970 1727 1051 1757 Actu
1064 1727 1239 1766 prceterita,
1256 1726 1435 1766 praesentia,
1453 1727 1519 1757 sive
1534 1728 1641 1758 futura
1652 1752 1659 1766 ,

969 1778 1116 1809 AEternus
1130 1779 1238 1815 novit,
1258 1779 1290 1808 in
1305 1788 1368 1818 quo
1383 1781 1458 1810 sunt
1470 1780 1577 1810 onmia
1593 1789 1667 1811 vera
1684 1781 1739 1821 (d).

1166 1890 1386 1922 DISTINCTIO
1408 1890 1537 1922 XXXVI.

971 1973 1062 1999 Utrum
1072 1972 1261 1999 eoncedendum
1274 1974 1325 2004 sit,
1339 1974 1428 1999 omnia
1442 1980 1494 2000 esse
1507 1974 1537 2000 iu
1552 1975 1601 2001 Dei
1616 1976 1738 2006 essentia,

1002 2018 1043 2043 vel
1066 2019 1095 2043 iu
1118 2019 1170 2044 Deo
1187 2025 1235 2051 per
1257 2018 1413 2049 essentiam,
1440 2020 1470 2044 ut
1495 2019 1585 2045 omnia
1612 2018 1738 2045 ‹lica-ntur

1002 2063 1031 2088 iu
1045 2063 1095 2088 Dei
1108 2062 1272 2095 cognitione,
1288 2062 1330 2088 vel
1342 2063 1523 2097 praescientia.

1011 2146 1079 2170 Solet
1092 2146 1133 2170 hic
1148 2146 1244 2177 quaeri,
1261 2153 1320 2170 cum
1332 2146 1416 2170 omnia
1431 2146 1547 2170 dicantur
1562 2154 1630 2178 esse,
1647 2149 1696 2172 etc.

1006 2209 1118 2239 Omnia
1147 2211 1219 2239 sunt
1248 2209 1279 2238 in
1308 2218 1345 2239 eo
1380 2218 1524 2249 semper,
1555 2209 1642 2240 velut
1669 2210 1736 2250 ipsa

1046 2263 1181 2300 sciente;

965 2316 1026 2347 Nec
1050 2325 1114 2347 non
1135 2318 1208 2347 sunt
1232 2316 1265 2346 in
1280 2325 1334 2354 eo,
1353 2315 1441 2346 velut
1462 2316 1529 2355 ipsa
1551 2326 1657 2347 creare
1680 2327 1736 2357 po-

1045 2371 1140 2401 iente.

964 2420 1026 2452 Nec
1045 2421 1157 2461 probat
1177 2421 1244 2460 ipse
1263 2419 1358 2457 mala,
1376 2429 1433 2450 nec
1457 2420 1488 2450 in
1513 2420 1580 2459 ipso
1604 2424 1677 2451 sunt
1700 2423 1735 2452 ut

1044 2476 1169 2513 agente.

968 2528 1011 2558 Ex
1023 2528 1107 2568 ipso,
1122 2527 1165 2557 sic
1180 2535 1235 2566 per
1249 2526 1372 2567 ipsum,
1388 2535 1437 2556 res
1452 2528 1541 2564 sunt,
1558 2528 1588 2556 et
1604 2526 1636 2556 in
1653 2526 1732 2565 ipso.

997 2587 1003 2602 ¹
1018 2586 1104 2613 llilar.,
1118 2585 1147 2608 de
1161 2585 1261 2615 Triuia,
1276 2592 1327 2608 uon
1343 2585 1417 2613 longo.
1432 2592 1445 2607 a
1461 2584 1582 2614 pri11c.-—
1598 2585 1605 2598 ‘⁷'
1619 2585 1693 2615 Aug„
1705 2584 1734 2607 (le

966 2623 1034 2645 Doct.
1049 2621 1152 2650 Christ„
1168 2621 1210 2644 lib.
1227 2621 1245 2650 Ι,
1261 2628 1282 2644 c.
1299 2627 1322 2642 v.

996 2661 1028 2692 (a)
1043 2661 1109 2685 Edit.
1133 2661 1187 2684 Ven.
1204 2660 1298 2691 genita.
1315 2673 1344 2677 —
1363 2659 1395 2689 (b)
1414 2660 1476 2683 Una.
1495 2672 1524 2676 —
1545 2660 1572 2689 (c)
1593 2660 1653 2683 Caet.
1671 2659 1731 2683 eslii.

964 2697 1065 2721 nuliius.
1077 2709 1106 2714 —
1118 2696 1157 2727 (d)
1171 2697 1231 2720 Item
1245 2702 1312 2719 cura.
