1991 3006
797 234 982 266 DISTINCT.
1008 234 1136 265 XXXIX.
1703 235 1756 263 391

174 304 236 336 nisi
251 304 347 337 solita
361 304 526 337 lenocinia
541 315 707 345 exerceas,
726 307 782 336 aut
797 303 823 335 si
846 301 923 346 quid
949 301 1038 334 aliud
1063 301 1282 333 facinorosum
1298 311 1316 332 a
1331 300 1402 332 viro
1426 311 1485 332 suo
1507 303 1648 343 expetat.
1667 299 1759 332 Tunc

174 361 240 400 ille,
258 361 284 393 si
301 362 456 394 veraciter
471 361 632 405 poenitens
648 366 694 393 est
709 387 716 402 ‚
734 360 897 404 habetque
914 359 1012 391 fidem
1028 370 1085 403 per
1099 357 1303 391 dilectionem
1321 360 1508 400 operantem
1523 382 1531 397 ,
1550 357 1733 389 membrum
1749 383 1757 399 ,

174 418 261 462 quod
276 430 350 451 eum
366 419 584 458 scandalizat,
603 419 796 462 amputabit.
817 431 830 448 »
851 417 898 450 Ex
920 416 970 449 his
992 420 1124 459 apparet
1148 414 1236 458 quod
1263 425 1326 446 non
1352 414 1459 446 solum
1481 414 1658 447 infidelitas
1672 440 1680 455 ,
1704 414 1759 447 sed

175 476 270 507 etiam
287 475 440 519 quaelibet
453 476 713 520 concupiscentia
725 502 733 516 ‚
751 487 823 520 qua]
846 474 1024 519 perniciose
1040 473 1242 516 turpiterque
1257 472 1458 515 corrumpit,
1477 471 1647 504 fornicatio
1663 472 1758 515 spiri-

175 533 272 565 tualis
295 537 359 574 est,
387 544 442 576 per
467 544 565 576 quain
592 533 642 565 vir
663 544 798 565 uxorem
814 559 822 572 ‚
846 532 897 565 vel
922 543 1004 563 uxor
1025 531 1135 563 virum
1160 529 1321 561 dimittere
1344 533 1456 572 potest.
1478 529 1627 562 Consulit
1650 534 1757 561 tamen

175 590 366 634 Apostolu5‚
384 601 423 621 ne
441 589 545 622 fidelis
560 590 703 622 dimittat
718 590 886 622 infidelem
902 589 1065 622 volentem
1082 587 1287 628 cohabitare,
1305 597 1393 618 neca
1409 586 1474 618 Deo
1491 598 1653 619 revocare.

217 647 278 680 Hic
293 649 452 691 quaeritur
465 673 472 687 ,
488 648 515 680 si
534 648 639 680 fidelis
660 647 804 679 dimittat
827 646 993 678 infidelem
1006 672 1014 686 ‚
1033 646 1085 677 vel
1109 645 1252 677 infidelis
1274 655 1292 676 a
1308 644 1395 675 fideli
1421 643 1581 683 discedat,
1600 655 1640 676 an
1666 644 1760 676 liceat

175 705 262 737 fideli
277 705 373 737 aliam
390 705 518 737 ducere.
538 705 678 737 Videtur
699 705 874 737 auctoritas
899 704 1027 744 testari,
1051 703 1138 747 quod
1166 702 1223 734 illa
1241 702 1372 734 vivente
1394 702 1530 733 alteram
1555 701 1672 733 ducere
1693 712 1759 733 non

174 763 289 795 valeat.
308 763 501 795 Ambrosius
517 763 603 795 enim
628 763 728 795 verba
743 762 890 806 Apostoli
905 772 1070 805 exponens
1084 761 1149 793 [111ι
1174 772 1180 792 :
1204 772 1219 790 (1
1233 759 1393 803 Alioquin
1404 785 1411 799 ,
1429 759 1455 791 si
1470 758 1632 791 disceditis
1648 758 1688 790 ab
1705 758 1754 790 in-

174 819 296 861 vicem,
317 824 348 852 et
371 820 516 853 volentes
539 820 725 853 cohabitare
749 819 913 852 dimittitis
927 846 934 860 ,
951 823 982 851 et
1004 819 1076 851 aliis
1094 829 1150 850 vos
1173 817 1354 861 copulatis,
1376 815 1516 848 adulteri
1530 815 1633 857 Ι05115;
1651 820 1682 848 et
1698 815 1759 847 filii

175 878 289 918 vestri,
306 878 364 922 qui
379 878 418 910 de
434 878 493 910 hac
507 878 625 922 copula
642 882 837 918 nascuntur,
854 877 1037 917 immundi,
1054 876 1087 908 id
1103 880 1166 915 est,
1184 875 1288 918 spurii
1306 877 1393 906 sunt.
1414 886 1430 903 »
1450 874 1530 905 Item
1545 877 1556 893 ²
1574 886 1581 905 z
1604 886 1619 904 «
1636 873 1671 905 Si
1686 873 1760 916 quis

174 935 324 968 habuerit
338 947 473 968 uxorem
491 936 653 978 virginem
669 940 743 968 ante
758 935 977 979 baptismum,
998 934 1126 966 vivente
1143 933 1220 973 illa,
1244 936 1314 976 post
1335 931 1535 975 baptismum
1551 930 1685 963 alteram
1705 930 1760 962 ha-

173 993 247 1026 bere
264 1005 329 1026 non
345 998 458 1038 potest.
477 994 623 1026 Crimina
638 994 724 1025 enim
742 994 775 1025 in
791 993 951 1036 baptismo
964 992 1159 1032 solvuntur,
1177 1002 1244 1023 non
1258 989 1422 1033 conjugia.
1442 1002 1456 1019 »

217 1051 279 1084 Sed
295 1055 406 1083 contra
423 1063 429 1082 :
448 1051 642 1083 Ambrosius
657 1054 792 1082 testatur
807 1051 816 1065 ³
833 1062 839 1081 :
856 1050 894 1082 Si
908 1049 1053 1092 infidelis
1069 1075 1076 1089 ,
1096 1049 1173 1080 dicit
1195 1047 1389 1091 Apostolus,
1416 1046 1555 1079 discedit
1569 1072 1576 1086 ‚
1599 1045 1758 1079 discedat.

172 1111 247 1143 Non.
263 1108 349 1141 enim
369 1115 414 1141 est
430 1108 580 1140 servituti
595 1108 758 1151 subjectus
769 1109 879 1151 frater
894 1113 953 1139 (cist
968 1118 1058 1139 soror
1074 1107 1108 1138 ιή
1123 1104 1315 1149 hujusmodi
1335 1117 1345 1136 .·
1361 1104 1439 1148 quia
1464 1116 1529 1136 non
1553 1104 1690 1136 debetur
1714 1114 1763 1136 re-

172 1167 317 1200 verentia
333 1167 478 1211 conjugii
493 1167 535 1207 ei,
554 1166 611 1209 qui
627 1166 739 1198 horret
754 1169 919 1198 auctorem
936 1162 1094 1209 conjugii.
1111 1163 1184 1196 Non
1202 1167 1248 1195 cst
1263 1163 1350 1195 enirn
1367 1166 1475 1194 ratum
1491 1161 1737 1194 matrimonium
1754 1188 1761 1203 ,

174 1225 262 1269 quod
279 1225 348 1257 sine
364 1224 535 1256 devotione
552 1224 607 1255 Dei
623 1227 668 1255 est
683 1228 733 1255 :et
749 1223 820 1255 ideo
837 1235 902 1255 non
918 1226 965 1255 est
980 1227 1145 1266 peccatum
1160 1222 1186 1253 ei
1202 1248 1209 1262 ,
1227 1220 1283 1264 qui
1298 1220 1475 1252 dimittitur
1490 1223 1620 1263 propter
1638 1219 1739 1251 Deum
1754 1245 1761 1260 ,

171 1282 198 1314 si
213 1282 268 1315 atii
285 1293 317 1314 se
332 1281 545 1326 copulaverit.
572 1281 779 1313 Contumelia
802 1281 889 1312 enim
911 1280 1072 1313 Creatoris
1096 1279 1193 1312 solvit
1207 1279 1262 1322 jus
1280 1278 1480 1310 matrimonii
1504 1277 1589 1309 circa
1606 1288 1681 1310 eum
1705 1277 1763 1321 qui

174 1339 394 1383 relinquitur,
414 1350 453 1371 ne
469 1342 636 1371 accusetur
651 1338 707 1370 alii
722 1338 904 1382 copulatus.
925 1337 1069 1370 Iulidelis
1087 1340 1195 1369 autem
1212 1336 1378 1368 discedens
1393 1361 1401 1375 ‚
1418 1339 1449 1367 et
1462 1335 1497 1367 in
1514 1335 1615 1367 Deum
1634 1339 1760 1378 peccat,

173 1401 204 1429 et
218 1397 252 1428 in
270 1396 534 1437 matrimonium,
556 1408 614 1428 nee
636 1400 682 1428 est
704 1396 864 1428 servanda
887 1395 915 1427 ei
939 1395 1019 1428 fides
1043 1394 1210 1439 conjugii,
1235 1394 1291 1438 qui
1313 1393 1385 1426 ideo
1410 1393 1558 1434 recessit,
1578 1404 1618 1425 ne
1634 1392 1762 1425 audiret

172 1454 336 1487 Christum
353 1465 419 1486 0550
434 1454 539 1486 Deum
558 1454 811 1486 christianorum
828 1453 1067 1497 conjugiorum.
1087 1453 1121 1485 Si
1139 1463 1214 1485 vero
1231 1451 1327 1484 ambo
1341 1451 1539 1483 crediderint
1554 1476 1562 1491 ,
1581 1461 1637 1494 per
1652 1451 1762 1494 cogni-

174 1511 294 1544 tionem
311 1511 367 1543 Dei
383 1511 595 1543 confirmatur
609 1511 814 1554 conjugium.
836 1525 850 1541 ι)

217 1570 227 1586 ⁴
242 1568 382 1601 Attende
397 1568 465 1600 hcec
479 1568 642 1612 praedictis
656 1568 819 1600 contraria
842 1579 933 1612 posse
959 1568 1084 1608 videri,
1112 1568 1156 1600 ita
1179 1572 1215 1599 ut
1239 1568 1300 1599 sibi
1325 1566 1519 1602 Ambrosius
1542 1566 1762 1598 contradicere

174 1626 334 1658 videatur.
352 1625 415 1658 Sed
433 1626 701 1668 distinguendum
719 1630 766 1658 est:
790 1626 842 1658 hic
857 1652 864 1666 ,
880 1626 970 1658 aliud
994 1637 1061 1658 esse
1084 1625 1248 1658 dimittere
1267 1625 1430 1657 volentem
1446 1623 1632 1656 cohabitare
1646 1650 1653 1664 ,
1671 1623 1761 1656 aliud

173 1683 293 1715 dimitti
308 1688 438 1727 propter
452 1683 557 1715 Deum
572 1683 700 1723 abillo,
718 1683 776 1727 qui
797 1683 907 1715 horret
931 1694 1050 1716 nomen
1067 1683 1198 1715 Christi.
1217 1683 1265 1715 Ibi
1290 1683 1341 1715 lex
1365 1682 1600 1714 benevolentiae
1617 1692 1681 1714 non
1696 1692 1762 1714 ser-

175 1745 290 1779 vatur;
316 1741 368 1773 hic
392 1741 510 1773 veritas
531 1741 724 1773 custoditur.
746 1741 782 1772 Et
806 1741 890 1781 ideo,
907 1752 981 1773 cum
1002 1741 1095 1773 liceat
1110 1740 1273 1772 dimittere
1289 1739 1453 1772 volentem
1470 1739 1678 1780 cohabitare,
1696 1750 1761 1772 non

174 1802 283 1831 tamen
300 1809 336 1831 ea
350 1798 480 1830 vivente
495 1798 592 1830 aliam
608 1798 726 1831 ducere
745 1798 830 1830 licet.
848 1798 1072 1830 Discedentem
1089 1809 1166 1830 vero
1182 1797 1274 1842 sequi
1292 1808 1358 1830 non
1373 1800 1519 1841 oportet,
1536 1800 1567 1828 et
1581 1808 1618 1828 ea
1632 1796 1762 1829 vivente

175 1856 271 1889 aliam
288 1856 406 1888 ducere
421 1856 508 1888 licet.
526 1855 587 1888 Sed
605 1856 664 1888 1100
679 1867 744 1888 non
760 1860 807 1888 est
823 1855 1074 1898 intelligendum
1089 1881 1097 1896 ‚
1114 1856 1177 1887 nisi
1201 1855 1239 1887 de
1264 1855 1314 1887 his
1328 1882 1337 1894 ,
1356 1855 1414 1899 qni
1437 1854 1471 1886 in
1485 1853 1678 1886 infidelitate
1700 1853 1762 1886 sibi

173 1914 315 1957 copulati
331 1917 420 1946 sunt.
437 1913 500 1945 Sed
515 1913 541 1945 si
557 1913 596 1945 ad
612 1913 711 1945 fidem
726 1917 864 1957 uterque
880 1924 1057 1945 conversus
1073 1918 1120 1945 est
1135 1939 1142 1953 ,
1159 1913 1211 1945 vel
1232 1912 1259 1944 si
1276 1916 1414 1956 uterque
1430 1911 1536 1944 fidelis
1552 1911 1761 1944 matrimonio

174 1971 368 2015 conjunctus
383 1975 451 2012 est,
468 1975 498 2003 et
511 1975 582 2015 post
597 1971 678 2003 alter
693 1982 806 2003 eorum
822 1982 840 2003 a
855 1970 918 2003 fide
935 1970 1130 2011 discesserit,
1148 1975 1178 2003 et
1193 1970 1268 2002 odio
1285 1969 1361 2002 fidei
1376 1969 1549 2013 conjugem
1567 1969 1758 2012 reliquerit,

174 2029 327 2061 dimissus
342 2028 558 2061 discedentem
579 2040 646 2061 non
666 2028 895 2070 comitabitur,
914 2040 972 2061 nec
995 2033 1102 2061 tamen
1114 2055 1121 2069 ‚
1140 2028 1196 2060 illa
1213 2028 1364 2069 vivente,
1382 2027 1517 2059 alteram
1534 2026 1652 2059 ducere
1668 2030 1761 2070 pote—

175 2086 217 2118 rit
234 2098 240 2118 :
259 2086 337 2130 quia
352 2086 437 2118 inter
451 2097 504 2119 eos
518 2086 625 2118 fuerat
641 2090 747 2119 ratum
763 2086 973 2130 conjugium,
991 2086 1079 2130 quod
1100 2097 1165 2119 non
1184 2088 1287 2130 potest
1303 2085 1448 2118 dissolvi.

217 2145 226 2161 ⁵
240 2144 326 2177 Sunt
349 2148 457 2177 tamen
480 2144 656 2186 nonnulli,
681 2144 739 2188 qui
762 2144 848 2176 inter
872 2144 1017 2176 infideles
1041 2148 1190 2177 asserunt
1208 2155 1274 2176 non
1296 2154 1362 2176 esse
1376 2142 1569 2187 conjugium
1584 2169 1592 2184 ,
1610 2142 1689 2187 quia
1703 2153 1762 2174 nec

173 2207 261 2241 rata,
280 2213 338 2235 nec
352 2201 499 2245 legitima
523 2206 569 2234 est
591 2212 704 2234 eorum
726 2201 853 2246 copula.
872 2202 954 2234 Rata
976 2213 1043 2234 non
1068 2206 1134 2242 est,
1159 2201 1237 2246 qnia
1259 2201 1342 2233 solvi
1366 2204 1470 2244 potest
1487 2213 1494 2241 ;
1514 2211 1572 2233 nec
1589 2199 1757 2243 legitima,

172 2260 250 2305 quia
265 2260 439 2304 Apostolus
454 2259 498 2292 ait
512 2262 522 2277 ⁶
535 2271 542 2291 :
565 2261 668 2292 Omne
683 2259 769 2303 quod
782 2271 848 2292 non
863 2266 909 2292 est
925 2271 963 2292 ez
974 2259 1056 2303 fide,
1071 2266 1246 2304 peccatum
1262 2266 1321 2292 est.
1341 2259 1464 2291 Eorum
1481 2262 1590 2291 autem
1605 2258 1675 2302 conj
1682 2269 1759 2291 unc-

174 2318 218 2350 tio
234 2329 299 2350 non
314 2322 361 2350 est
376 2328 416 2350 ex
430 2317 494 2350 fide
508 2343 515 2359 ,
532 2321 563 2350 et
581 2317 653 2349 ideo
667 2321 833 2361 peccatum
850 2321 908 2350 est.
925 2318 998 2350 Non
1015 2322 1061 2350 est
1077 2329 1153 2360 ergo
1169 2317 1361 2361 conjugium
1377 2342 1385 2357 ‚
1404 2316 1482 2360 quia
1497 2316 1630 2348 nullum
1645 2316 1760 2360 conju-

173 2375 264 2418 gium
280 2379 445 2419 peccatum
461 2379 517 2407 est.
538 2375 743 2417 Augustinus
756 2377 766 2394 ⁷
782 2375 881 2408 etiam
897 2375 992 2416 dicit,
1010 2375 1089 2419 quia
1104 2387 1170 2408 non
1185 2380 1230 2407 est
1246 2385 1322 2407 vera
1348 2374 1503 2418 pudicitia
1525 2373 1668 2406 infidelis
1683 2385 1758 2406 cum

176 2433 275 2465 fideli.
293 2433 356 2465 Sed
371 2444 448 2466 vera
462 2436 601 2475 negatur
616 2444 682 2465 esse
700 2432 876 2476 pudicitia,
894 2444 958 2465 non
975 2433 1062 2477 quod
1079 2432 1266 2465 infidelium
1281 2432 1473 2476 conjugium
1490 2443 1557 2464 non
1574 2432 1613 2464 sit
1629 2442 1758 2471 verum,

174 2491 227 2523 sed
245 2491 323 2535 quia
345 2502 410 2523 non
427 2490 522 2523 habet
536 2489 620 2522 illud
635 2489 753 2534 triplex
768 2490 911 2532 bonum,
929 2491 1016 2535 quod
1040 2494 1171 2523 excusat
1187 2490 1329 2531 coitum,
1354 2494 1385 2523 et
1410 2493 1554 2522 meretur
1570 2489 1755 2533 praemium.

203 2602 209 2617 ¹
226 2602 278 2624 tmo
291 2603 378 2625 auctor
391 2607 484 2624 comm.
499 2601 524 2624 in
536 2601 617 2631 Epist.
632 2601 638 2623 1
654 2601 688 2623 ml
699 2601 765 2631 Con,
781 2607 826 2631 νιι,
841 2602 888 2624 sub
903 2602 1005 2625 uomitu¹
1022 2601 1155 2631 Ambrosii,
1168 2604 1191 2625 ut
1207 2602 1314 2625 habetur
1338 2609 1406 2625 cans.
1430 2607 1522 2629 xxvui,
1548 2608 1573 2630 «1,
1591 2606 1617 2629 ¹1,
1634 2602 1691 2623 ante
1707 2608 1729 2622 0.
1744 2606 1760 2623 1.

176 2651 206 2654 -
217 2637 224 2651 ²
238 2636 309 2666 thid„
325 2643 347 2659 c.
362 2636 462 2659 Statim.
478 2649 508 2654 -
520 2636 528 2649 ³
541 2636 637 2664 Ambr.,
650 2636 684 2659 (ul
702 2636 796 2665 lislam,
814 2637 895 2660 Gtoss.
909 2637 933 2660 in
950 2645 972 2660 0,
990 2643 1034 2667 vn,
1054 2639 1088 2665 13,
1109 2638 1180 2668 epist.
1197 2644 1202 2661 1
1224 2637 1258 2660 ad
1273 2639 1328 2660 (jor.
1355 2637 1451 2667 Aliquid
1467 2636 1547 2659 simite
1565 2635 1671 2658 habetur
1692 2642 1761 2658 caus.

177 2677 268 2702 xxvm,
281 2679 306 2702 q.
321 2677 328 2695 1
343 2674 368 2695 et
379 2677 407 2695 11.
418 2684 447 2690 —·
462 2672 471 2688 ἢ
485 2672 575 2695 Totum
590 2671 639 2695 hoc
654 2678 709 2702 cap.
725 2671 802 2696 habet
816 2672 957 2701 Gratianus,
973 2679 1039 2696 caus.
1055 2679 1148 2703 xthtt,
1164 2680 1188 2703 q.
1205 2679 1229 2699 ιι,
1247 2673 1271 2696 in
1289 2672 1346 2695 nuo.
1362 2685 1386 2688 —
1401 2673 1411 2688 5
1425 2671 1566 2700 Gratianus,
1583 2676 1651 2693 caus.
1669 2675 1761 2700 xxviii,

178 2715 203 2739 q.
218 2713 236 2738 1,
251 2707 276 2731 in
294 2706 375 2738 princ.
385 2719 415 2724 —
429 2707 439 2722 ⁶
454 2707 531 2737 Rom„
545 2712 600 2736 xiv,
615 2707 654 2730 23.
667 2719 697 2725 —-
710 2707 720 2724 '¹
732 2708 807 2738 Aug„
821 2707 851 2730 cle
865 2706 976 2732 Adulter.
994 2708 1099 2739 Conjuq.
1116 2708 1157 2732 lib.
1176 2709 1193 2738 t,
1209 2715 1231 2731 c.
1246 2713 1320 2731 xviii.

1778 654 1809 674 Au
1822 653 1880 674 fideti

1776 685 1838 705 liceat
1862 691 1883 705 a·

1777 716 1824 735 liam
1846 716 1882 736 du-

1776 753 1832 771 cere,
1852 747 1882 766 in-

1776 778 1883 798 (1110111115-

1785 808 1873 828 cedente

1789 839 1822 859 vel
1840 839 1862 858 di

1793 871 1863 890 missa.

1806 1059 1855 1082 Qua?

1787 1088 1878 1114 pratulis-

1787 1120 1814 1140 sls
1825 1126 1876 1140 con-

1779 1151 1844 1171 traria
1856 1151 1885 1171 vi-

1779 1182 1876 1202 dantur.

1780 1583 1882 1604 Deterrui-

1796 1616 1862 1635 natio.

1785 2159 1874 2182 Quidum

1795 2189 1866 2209 dicunt

1789 2220 1860 2246 conju-

1776 2252 1881 2277 guuiiiffuon

1775 2288 1820 2302 0550
1828 2282 1882 2303 inter

1775 2314 1880 2340 infideles,

1775 2348 1794 2365 ct
1801 2352 1875 2371 quare.
