1991 3006
0 531 28 551 Ad
46 537 96 556 opp.

1 2289 103 2309 fundari..

591 239 686 271 iilsr.
711 238 810 269 XLVi.
837 238 925 268 ART.
953 239 974 268 1.
999 237 1147 272 QUAEST.
1173 237 1221 267 IV.

369 359 545 397 QUAESTIO
570 359 618 389 lV.

112 440 158 465 Au
175 440 241 465 Deus
252 439 352 473 justius
366 442 431 473 aqut
453 448 509 466 cum
528 447 596 469 uno,
613 447 691 474 quum
708 447 768 465 cum
788 439 842 464 alio
859 438 877 464 ¹.

153 518 264 548 Utrum
280 518 360 548 Deus
376 519 580 557 agatjustius
601 528 673 548 cum
692 527 765 555 uno,
783 527 877 558 quam

111 579 185 600 cum
201 570 318 607 altero;
336 573 366 600 et
381 570 464 610 quod
478 571 532 607 sic,
550 571 673 601 videtur
691 580 697 600 :
715 571 788 610 quia
798 571 879 600 sicut

106 623 241 662 justitiae
260 626 306 654 est
320 624 442 662 punire,
462 623 505 653 sic
524 623 730 653 misericodiae
745 626 789 653 est
806 632 878 662 par-

110 685 179 706 cere
195 687 201 706 :
216 685 293 714 ergo
307 685 379 706 cum
397 676 499 714 magis
516 676 625 715 puniat
643 685 743 706 unum
757 700 764 714 ‚
781 685 878 715 quam

110 729 243 759 alterum
255 752 264 766 ,
280 737 357 768 ergo
371 729 489 767 justius
503 729 572 767 agit
590 738 663 759 cum
681 738 763 766 uno,
782 738 878 768 quam

110 791 183 812 cum
199 781 308 812 altero.

150 837 178 864 2.
198 834 275 864 Item
292 838 449 874 quantum
464 835 638 865 intenditur
653 835 876 873 misericordia,

111 890 236 918 tantum
256 889 411 919 minuitur
435 889 523 927 rigor
543 889 688 927 jiisiitiass
707 891 736 919 et
760 898 776 918 e
802 898 878 919 con-

111 949 202 971 verso
222 952 228 971 z
253 950 330 980 ergo
349 951 421 971 curn
447 944 523 980 agat
551 941 783 971 misericordius
807 951 880 972 cum

112 1003 187 1031 uno,
204 1003 300 1033 quam
316 1003 389 1025 cum
404 994 519 1030 alter0;
537 1003 614 1032 ergo
629 997 659 1024 et
670 995 797 1033 justius.

153 1049 180 1076 3.
210 1046 285 1077 Item
306 1050 461 1086 quantum
486 1047 543 1076 iste
565 1048 681 1077 meruit
708 1048 878 1086 praemiari,

112 1102 235 1130 tantum
256 1101 379 1139 justum
407 1103 454 1129 est
488 1100 582 1130 istum
608 1100 768 1139 praemiari
795 1111 801 1130 ;
828 1101 879 1130 sed

113 1162 197 1183 unus
210 1153 314 1191 magis
330 1153 462 1190 meruit,
485 1162 582 1192 quam
601 1152 679 1183 alter
696 1162 703 1183 :
720 1162 799 1192 ergo
810 1154 878 1192 jus-

113 1205 175 1235 tius
189 1208 235 1235 est
248 1214 351 1235 unum
367 1205 538 1244 praemiari,
551 1215 648 1245 quam
660 1206 794 1236 alterum
808 1217 814 1236 :
828 1207 881 1237 sed

114 1258 193 1288 Deus
210 1258 354 1298 praemiat
369 1258 542 1288 secundum
555 1258 639 1297 quoii
657 1259 788 1289 meruit:
804 1268 882 1298 ergo

109 1311 229 1350 justius
244 1312 387 1350 praemiat
402 1320 503 1341 unum
518 1320 614 1350 quam
631 1311 775 1341 alterum.

153 1367 181 1395 4.
209 1364 305 1401 Item,
331 1364 553 1394 demonstratis
578 1364 718 1400 duobus⁷
745 1373 882 1403 quorum

114 1426 198 1447 unus
214 1419 319 1457 peceat
341 1417 437 1456 duplo
460 1417 562 1455 magis
588 1426 685 1456 quam
713 1417 811 1454 alter,
829 1417 883 1456 qui

114 1471 221 1500 minus
235 1470 385 1510 peccavit,
400 1470 514 1500 meruit
529 1479 601 1505 sex3
619 1470 675 1509 qui
692 1470 805 1508 inagis,
821 1479 883 1500 me-

114 1524 177 1553 ruit
193 1523 358 1553 duodecim
372 1532 379 1552 z
397 1525 471 1553 tunc
486 1524 553 1552 esto
568 1523 650 1561 quod
667 1522 818 1552 Dominus
833 1532 882 1553 re-

114 1576 217 1606 mittat
235 1575 299 1606 duo
322 1575 367 1605 illi
389 1575 443 1614 qui
473 1575 578 1605 minus
600 1575 758 1614 peccavit,
777 1584 885 1614 quaero

115 1631 270 1668 quantum
286 1628 330 1658 illi
351 1628 481 1658 remittit
493 1651 502 1665 ,
518 1627 571 1667 qui
598 1627 702 1665 magis
719 1628 858 1666 peccavit
876 1639 881 1657 :

115 1682 139 1712 si
160 1682 296 1721 amplius
317 1690 413 1721 quam
442 1681 521 1717 duo,
547 1690 626 1719 ergo
653 1682 886 1712 misericordius

115 1736 183 1774 agit
202 1744 274 1765 cum
295 1744 331 1765 eo
353 1735 407 1774 qui
432 1734 535 1773 magis
554 1735 708 1773 peccavit,
726 1738 755 1764 et
778 1735 820 1765 ita
836 1744 884 1766 re-

117 1791 220 1828 pottat
234 1788 435 1819 commodum
455 1788 492 1818 de
515 1787 649 1824 malitia,
668 1788 752 1827 quod
769 1790 816 1818 est
836 1789 885 1818 in-

117 1841 308 1872 conveniens
320 1852 327 1878 3
341 1841 366 1870 si
381 1843 488 1871 autem
500 1841 631 1870 remittit
646 1841 720 1878 duo,
737 1841 886 1879 arguitur

117 1894 178 1924 sic:
198 1894 251 1924 Ille
266 1894 397 1934 punitur
412 1893 481 1932 plus
496 1893 609 1932 duplo.
633 1896 662 1923 et
684 1903 746 1924 non
769 1895 884 1925 meruit

118 1947 177 1976 nisi
194 1947 309 1986 duplo:
327 1955 405 1985 ergo
421 1949 466 1976 est
484 1946 587 1985 magis
604 1946 723 1984 dignus
738 1950 885 1986 quatuor,

118 2009 213 2039 quam
228 2000 279 2030 ille
295 2000 333 2030 sit
348 2000 464 2039 dignus
479 1999 598 2036 decem,
611 2000 686 2038 quia
705 1999 747 2029 ita
766 2000 824 2030 iste
839 2001 884 2030 di-

119 2061 204 2091 gnus
225 2055 269 2083 est
289 2062 361 2091 sex,
380 2053 461 2083 sicut
475 2052 526 2082 ille
542 2052 706 2082 duodecim
728 2063 734 2082 ι
751 2062 829 2091 ergo
844 2053 887 2083 ita

118 2109 264 2147 quatuor,
278 2107 359 2136 sicut
376 2106 427 2136 ille
442 2108 526 2136 octo:
544 2114 621 2144 ergo
636 2106 662 2135 si
681 2105 761 2136 Deus
776 2106 827 2136 isti
844 2107 888 2137 in-

118 2160 201 2199 fligit
217 2162 371 2199 quatuor,
397 2159 439 2189 illi
455 2159 574 2196 decem,
587 2160 706 2198 justius
728 2160 796 2198 agit
814 2170 886 2191 cum

120 2214 171 2244 illo
186 2213 240 2253 qui
251 2212 359 2251 recipit
373 2212 491 2242 decem.

159 2266 272 2296 Contra
288 2276 294 2295 z
312 2265 399 2301 Quod
416 2275 477 2295 non
497 2266 615 2304 justius
626 2289 634 2303 ‚
651 2267 775 2297 videtur
789 2277 796 2298 :
813 2268 888 2307 quia

120 2319 198 2349 sicut
214 2318 294 2349 Deus
309 2320 354 2348 est
375 2318 530 2358 optimus,
554 2319 597 2348 ita
617 2321 647 2349 et
665 2320 861 2358 justissimus
880 2333 884 2351 :

119 2373 171 2403 sed
187 2373 262 2413 quia
271 2373 412 2412 optimus
426 2375 483 2410 est,
493 2373 611 2411 optime
622 2373 706 2411 agit:
722 2383 802 2413 ergo
813 2375 887 2414 quia

116 2426 321 2466 justissimus,
337 2425 510 2465 Justissime
528 2426 606 2464 agit.

161 2479 248 2517 item⁷
263 2481 381 2519 quanto
391 2478 505 2517 aliquis
518 2480 565 2508 est
582 2479 702 2517 justior,
721 2482 807 2510 tanto
823 2490 888 2511 ma-

121 2533 170 2571 gis
187 2532 305 2563 accedit
331 2532 369 2562 ad
392 2532 532 2562 medium
549 2531 581 2560 in
600 2532 771 2569 judicando
786 2544 792 2563 :
810 2543 888 2573 crgo

156 2633 161 2647 Ι
187 2631 226 2660 Cf.
250 2630 319 2654 Alex.
351 2630 443 2659 litans„
471 2638 495 2661 p.
521 2632 538 2661 t,
562 2638 585 2661 q.
611 2637 705 2660 xxxix,
734 2632 840 2655 membr.
864 2634 886 2661 3,

122 2670 168 2690 art.
179 2669 208 2696 ὃς
223 2669 302 2695 scot„
315 2667 344 2690 Ν
359 2667 437 2694 Serzl.,
449 2666 506 2689 dist.
520 2672 588 2695 xlm,
599 2674 623 2697 q.
637 2673 656 2695 ¹3
670 2667 759 2690 Thoni.
773 2669 886 2697 Argent.‚

123 2703 154 2726 lV
178 2704 256 2731 Sem,
281 2702 336 2726 dist..
360 2707 434 2731 xLV1,
458 2708 482 2732 q.
505 2707 526 2730 1,
551 2703 596 2724 nrt.
617 2704 645 2731 15
672 2702 758 2732 Steph.
782 2702 885 2731 mules„

1644 241 1697 269 531

936 305 959 334 si
974 304 1184 342 justissimus,
1205 313 1330 335 summe
1345 305 1462 336 accedit
1480 305 1519 335 ad
1541 304 1699 335 medium:

934 366 1006 387 cuni
1023 365 1101 395 ergo
1114 366 1238 387 summe
1251 381 1257 393 ‚
1275 366 1337 387 non
1352 360 1399 388 est
1420 358 1463 387 ibi
1480 358 1583 396 magis
1596 359 1626 387 et
1640 357 1700 388 mi-

935 419 1004 440 nus.

975 462 1066 499 ltem,
1084 463 1163 491 sicut
1185 462 1295 492 Petrus
1309 466 1353 492 est
1369 463 1486 501 dignus
1504 463 1607 502 gloria
1625 473 1700 501 sua,

935 515 976 544 ita
991 517 1020 545 et
1040 515 1181 545 Clemens
1201 525 1258 545 sua
1277 526 1283 546 t
1301 525 1378 555 ergo
1393 517 1536 547 similiter
1559 526 1598 547 ex
1615 519 1702 556 parte

935 577 1099 607 poenarum
1124 579 1130 598 z
1155 569 1181 598 si
1209 577 1287 607 ergo
1313 570 1487 600 considerat
1514 570 1702 609 dignitatem

935 622 1132 658 meritorum,
1149 630 1226 660 ergo
1241 630 1305 651 non
1321 623 1423 661 magis
1443 624 1526 661 J'uste
1549 624 1616 661 agit
1630 632 1702 653 cum

934 683 1008 711 uno.
1026 683 1123 713 quam
1139 683 1213 704 cum
1227 674 1299 704 alio.

1211 790 1424 822 CONCLUSIO.

939 876 1002 901 Deus
1018 875 1116 909 justius
1134 877 1190 909 agit
1210 876 1366 910 quandoque
1384 884 1442 902 cum
1463 883 1528 909 uno,
1545 884 1624 910 quam
1647 885 1705 904 cum

971 920 1024 945 αῖίο
1034 940 1042 953 ,
1058 921 1124 953 quia
1138 921 1263 953 set-erius,
1280 921 1340 946 licet
1359 921 1503 954 aequissz'me
1517 920 1620 947 ordinet
1632 929 1704 956 proe-

972 965 1026 990 mia
1039 966 1063 990 et
1078 972 1180 998 poenas.

978 1046 1066 1086 Resp.
1085 1047 1124 1076 ad
1143 1056 1213 1085 arg.
1238 1047 1407 1078 Dicendum
1431 1049 1515 1087 quod
1529 1049 1654 1088 justitia
1674 1049 1706 1079 in

937 1108 1029 1138 opere
1045 1108 1108 1129 uno
1121 1100 1213 1129 modo
1225 1099 1298 1130 dicit
1312 1101 1524 1138 severitatem,
1542 1102 1602 1132 alio
1614 1102 1707 1132 modo

937 1152 1097 1189 ordinem3
1116 1153 1197 1182 sicut
1209 1155 1239 1183 et
1250 1153 1430 1184 benefacere
1447 1163 1509 1184 uno
1527 1155 1618 1185 modo
1633 1164 1709 1194 qua-

938 1205 1055 1234 litatem
1071 1205 1247 1236 absolutam
1261 1230 1268 1243 ,
1285 1206 1346 1236 alio
1374 1207 1465 1237 modo
1489 1208 1644 1238 ordinem.
1675 1207 1708 1238 Si

935 1258 1057 1296 justitia
1072 1259 1104 1288 in
1119 1268 1213 1298 opere
1226 1259 1307 1289 dieat
1322 1260 1533 1297 severitatem,
1551 1261 1617 1291 sive
1633 1270 1710 1300 qua-

939 1310 1056 1340 litatem
1071 1311 1258 1349 absolutam,
1272 1312 1340 1342 dico
1351 1313 1434 1351 quod
1450 1313 1623 1352 sicJustius
1639 1314 1708 1353 agit

939 1372 1011 1393 cum
1028 1373 1102 1401 uno,
1117 1374 1214 1403 qnam
1232 1374 1305 1394 cuni
1327 1365 1405 1403 alio,
1422 1366 1497 1405 quia
1512 1367 1662 1404 severius,
1680 1370 1709 1397 et

939 1417 983 1446 sic
1012 1417 1124 1447 melius
1154 1418 1225 1448 facit
1250 1427 1348 1448 unum
1362 1442 1369 1454 ,
1398 1428 1495 1458 quam
1519 1419 1614 1450 aliud.
1640 1420 1709 1450 Alio

941 1470 1034 1500 modo
1046 1471 1168 1509 justitia
1182 1471 1255 1501 dicit
1274 1471 1415 1501 ordinem
1434 1472 1557 1511 praemii
1579 1472 1618 1502 ad
1644 1482 1707 1503 nie-

942 1523 1055 1553 ritnm:
1071 1526 1099 1553 et
1114 1524 1157 1553 sic
1174 1524 1254 1561 dico,
1266 1524 1351 1563 quod
1362 1525 1536 1563 justissime
1551 1525 1708 1556 retribuit.

942 1574 1027 1605 Sicut
1048 1576 1133 1605 enim
1156 1585 1228 1615 quae
1252 1576 1415 1616 producit,
1432 1577 1550 1616 optime
1565 1578 1708 1616 ordinat3

941 1628 1032 1658 sicin
1059 1629 1310 1666 remunerando,
1328 1629 1446 1668 optime
1474 1632 1504 1660 et
1529 1631 1711 1670 aequissime

942 1681 1065 1711 ordinat
1082 1682 1213 1721 praemia
1227 1682 1266 1712 ad
1282 1683 1406 1713 merita.
1424 1683 1635 1715 Concedendae
1649 1685 1712 1724 igi-

943 1736 995 1764 tur
1017 1737 1090 1764 sunt
1117 1735 1188 1765 duae
1216 1735 1328 1774 primae
1357 1736 1492 1767 rationes
1516 1739 1713 1769 ostendentes

943 1787 1151 1825 quodjustius
1165 1787 1244 1826 agit,
1261 1788 1336 1827 quia
1351 1790 1502 1820 severius.

983 1842 1011 1869 3.
1030 1839 1118 1876 Quod
1132 1849 1208 1871 vero
1224 1841 1390 1879 objicitur:
1406 1854 1420 1870 (ι
1435 1842 1559 1879 Quanto
1570 1845 1640 1884 quis
1654 1854 1715 1875 me-

943 1893 1017 1931 ruit,
1032 1895 1155 1923 tantum
1169 1894 1293 1932 ⁸justum
1316 1897 1361 1924 est
1382 1897 1558 1934 prfemiari,
1576 1908 1588 1924 n
1608 1897 1713 1928 dicen-

943 1946 1039 1983 dum,
1065 1946 1147 1985 quod
1177 1947 1412 1978 concedendum
1432 1951 1494 1987 est,
1516 1950 1659 1981 similiter
1685 1954 1715 1981 et

944 2000 1003 2030 hoc
1017 2011 1022 2030 :
1035 2011 1049 2028 «
1061 1999 1181 2029 Justius
1197 2003 1242 2030 est
1256 2010 1356 2031 unum
1372 2003 1540 2041 praemiari,
1558 2013 1652 2044 quam
1668 2005 1713 2035 al-

944 2055 1065 2090 terum,
1077 2064 1090 2080 ))
1122 2054 1334 2092 comparando
1356 2055 1393 2084 ad
1424 2055 1506 2086 idem
1530 2058 1711 2096 praemium.

944 2105 1031 2136 Unde
1044 2106 1070 2135 si
1086 2106 1165 2136 Deus
1180 2108 1305 2136 tantum
1322 2109 1490 2147 praemium
1506 2110 1593 2141 daret
1609 2111 1712 2149 Petro,

944 2162 1098 2198 quantum
1120 2159 1213 2196 Lino,
1231 2159 1299 2190 dico
1314 2161 1399 2199 quod
1416 2162 1534 2200 justius
1553 2164 1621 2202 agit
1641 2173 1713 2195 cum

946 2213 1051 2249 Petr03
1069 2213 1120 2243 seri
1137 2215 1241 2252 majus
1256 2214 1426 2252 praemium
1450 2215 1542 2246 datur
1558 2216 1647 2248 Petro
1660 2242 1667 2256 ,
1684 2221 1714 2249 et

944 2266 1050 2296 minus
1065 2265 1154 2303 Lino,
1172 2266 1213 2296 ita
1228 2267 1310 2305 quod
1330 2266 1440 2297 Petrus
1459 2277 1522 2299 non
1540 2272 1586 2300 est
1608 2271 1714 2310 magis

944 2319 1063 2357 dignus
1076 2327 1134 2349 suo
1150 2319 1293 2358 praemio,
1312 2329 1409 2358 quam
1425 2320 1522 2352 Linus
1538 2332 1596 2353 suo
1611 2334 1617 2354 :
1633 2334 1713 2364 quo-

945 2373 1030 2402 niam
1045 2381 1125 2410 ergo
1136 2372 1259 2411 justitia
1275 2373 1348 2403 dicit
1364 2374 1592 2406 ordinationem
1607 2387 1714 2408 secun-

944 2425 1021 2455 dum
1048 2425 1261 2456 diversitatem
1294 2427 1500 2465 praemiorum
1530 2438 1712 2471 correspon-

944 2481 1069 2510 dentem
1103 2480 1279 2511 diversitati
1310 2482 1517 2522 meritorum,
1548 2485 1616 2515 ideo
1650 2495 1713 2516 non

947 2533 1058 2571 iustius
1070 2534 1138 2572 agit
1153 2543 1225 2563 cum
1241 2543 1314 2572 uno,
1329 2544 1425 2574 quam
1436 2545 1509 2566 eum
1523 2537 1630 2568 altero.

984 2588 1012 2615 4.
1028 2586 1074 2616 Ad
1090 2586 1165 2616 illud
1182 2587 1265 2626 quod
1282 2587 1430 2627 objicitur
1450 2589 1488 2619 de
1508 2591 1690 2622 remissione
1701 2615 1710 2630 ‚

947 2666 976 2688 {V
993 2666 1071 2696 Sent„
1084 2666 1140 2690 dist.
1156 2672 1224 2696 xrii,
1240 2675 1265 2697 q.
1281 2673 1318 2697 1v;
1334 2669 1399 2693 Patr.
1414 2669 1443 2692 de
1458 2670 1568 2700 Tarum„
1586 2672 1614 2695 tV
1633 2672 1711 2704 svm,

944 2701 1000 2725 dist.
1018 2707 1086 2731 xrvr,
1104 2709 1120 2732 q
1146 2707 1172 2726 ιι.
