1991 3006
650 182 746 214 DlST.
770 181 874 213 XXXI.
899 181 989 212 ART.
1015 182 1036 212 Ι.
1061 181 1211 218 QUAEST.
1236 182 1258 212 1.

158 255 242 292 talia,
257 263 329 293 quae
351 256 451 284 morte
473 262 538 283 non
560 251 798 291 plectebantur:
818 252 924 279 tamen

158 307 234 338 illud
245 307 378 346 gravius
391 306 492 336 scelus
507 307 562 342 est,
580 304 656 334 dum
672 313 711 334 ex
727 304 810 332 certa
824 301 924 331 scien-

157 360 200 390 tia
221 362 368 400 operatur
390 360 497 389 contra
517 359 662 387 naturam
679 365 686 386 t
708 358 816 386 contra
839 354 924 384 euim

158 415 305 443 naturam
318 412 493 442 bestiarum
505 413 562 448 est,
579 419 652 449 quae
674 408 794 448 prolem
810 416 922 446 expec-

158 468 235 496 tant.
254 465 342 502 Quod
357 465 513 504 quaeritur
527 464 586 493 sub
597 472 660 502 quo
675 470 791 501 genere
807 460 924 500 peccati

158 520 208 556 sit,
225 518 392 549 dicendum
417 518 502 557 quod
520 518 637 556 spectat
656 516 695 546 ad
720 514 923 545 maleficium.

159 571 248 608 Quod
258 571 420 610 objicitur,
436 570 521 610 quod
541 570 612 609 plus
628 571 739 605 nocet,
756 567 925 598 dicendum

158 625 243 664 quod
260 633 325 655 non
338 624 555 654 consideratur
569 622 727 662 quantitas
742 621 925 651 nocumenti

159 678 332 708 secundum
343 678 374 707 id
384 677 467 716 quod
480 678 581 716 potest
591 684 669 712 esse,
682 674 736 704 sed
750 673 926 703 secundum

159 730 189 761 id
206 731 291 770 quod
314 732 371 767 est,
388 730 464 769 quia
484 729 659 759 secundum
674 727 704 757 id
722 727 806 766 quod
826 728 927 765 potest

159 792 236 821 esse,
254 793 327 814 cum
338 792 424 813 unus
438 783 533 812 homo
551 790 605 821 per
616 780 845 811 successionem
860 787 928 818 pos-

159 837 199 866 sit
211 845 280 867 esse
294 836 385 875 origo
396 836 493 873 mille,
506 835 560 874 qui
575 835 728 864 occideret
743 842 855 869 unum,
875 841 925 862 oc-

160 889 275 920 cideret
303 889 403 927 mille,
429 888 512 928 quod
536 888 651 918 falsum
679 890 725 917 est
750 898 756 916 z
783 889 813 916 et
843 886 923 923 ideo,

159 942 234 981 quia
247 941 391 972 nondum
407 944 453 971 est
465 941 581 978 anima,
600 940 735 970 necdum
749 940 787 979 (a)
805 942 850 969 est
862 942 929 969 tan-

160 997 228 1024 tum
240 995 373 1030 bonum,
390 994 539 1033 quamvis
554 1002 621 1023 esse
636 993 733 1032 possit
752 1002 758 1022 :
775 992 844 1022 ideo
866 1001 928 1021 non

157 1047 203 1077 sic
217 1047 358 1086 graviter
372 1048 477 1086 peccat
495 1057 501 1076 :
519 1048 549 1077 et
564 1046 607 1076 sic
621 1048 729 1085 patent
743 1045 876 1084 objecta.

481 1140 547 1161 DUB.
573 1140 605 1161 V.

174 1198 231 1222 Non
247 1200 352 1229 propter
366 1198 426 1222 illud
440 1198 534 1221 malum
551 1197 676 1228 culpabile
691 1199 729 1220 est
743 1196 792 1219 hoe
807 1196 912 1219 bonum.

198 1259 329 1290 Videtur
348 1260 430 1290 male
450 1260 570 1293 dicere,
593 1259 669 1298 quia
691 1258 806 1288 dicitur
821 1258 827 1273 ¹
845 1257 929 1296 quod

160 1314 322 1344 modicum
337 1314 529 1344 fermentum
559 1315 657 1343 totam
689 1321 824 1342 massam
859 1320 928 1341 cor-

160 1367 279 1406 rumpit
292 1378 297 1397 :
311 1376 390 1405 ergo
404 1367 531 1397 videtur
541 1365 624 1406 quod
635 1365 793 1395 modicum
809 1363 930 1394 malum

162 1420 254 1450 foedat
268 1421 389 1450 bonum
405 1420 520 1459 potius,
537 1428 636 1459 quam
651 1428 667 1448 e
683 1426 846 1448 converso.

201 1473 293 1512 Resp.
307 1473 481 1515 Dicendum
496 1473 580 1512 quod
597 1472 717 1502 malum
738 1473 784 1501 est
798 1479 930 1509 corrup-

161 1527 203 1556 tio
218 1526 292 1556 boni
309 1537 315 1555 :
334 1526 402 1556 dico
416 1526 516 1564 igitur
531 1525 617 1564 quod
633 1524 753 1554 malum
765 1523 930 1562 dupliciter

162 1581 260 1617 potest
271 1579 369 1618 jungi
389 1579 494 1609 bono:
517 1581 572 1608 aut
592 1581 629 1608 ut
652 1576 860 1616 corruptibili,
876 1579 930 1606 aut

162 1632 193 1661 in
208 1634 364 1671 quantum
378 1631 556 1662 medicinali
571 1643 576 1661 :
597 1631 622 1661 si
642 1631 674 1660 in
690 1631 846 1669 quantum
866 1638 930 1659 cor-

162 1685 316 1724 ruptibili,
346 1685 390 1715 sic
420 1684 540 1715 malum
568 1685 662 1714 foedat
686 1683 822 1719 bonum3
847 1682 871 1712 si
899 1682 931 1711 in

163 1740 317 1777 quantum
336 1738 525 1776 medicinali,
543 1738 587 1767 sic
602 1738 730 1767 curatur
748 1738 778 1766 et
799 1734 929 1774 expelli-

163 1794 225 1821 tur.
242 1791 279 1822 Et
291 1794 335 1821 est
349 1791 545 1830 exemplum,
564 1790 639 1830 quia
657 1789 788 1819 morbus
801 1790 932 1827 junctus

163 1846 284 1875 naturae
299 1854 396 1880 sanae,
413 1854 483 1874 eam
504 1844 594 1873 vitiat
614 1846 644 1873 et
668 1843 826 1878 infirmat3
844 1850 929 1871 mor-

164 1898 222 1928 bus
241 1907 318 1928 vero
329 1899 459 1936 Junctus
481 1896 643 1926 medicinae
661 1904 725 1925 non
748 1894 848 1924 reddit
866 1903 933 1924 me-

163 1950 298 1980 dicinam
321 1949 516 1986 morbidam,
537 1949 590 1979 sed
614 1948 719 1987 potius
739 1950 868 1977 curatur
894 1947 932 1976 ab

164 2003 230 2041 ipsa
248 2013 254 2032 z
269 2005 300 2032 et
312 2002 462 2041 quoniam
485 2001 727 2042 matrimonium
745 2002 790 2030 est
814 2001 931 2030 bonum

164 2055 363 2092 medicinale,
385 2055 454 2085 ideo
475 2063 539 2084 non
556 2054 692 2085 foedatur
713 2064 731 2084 a
752 2053 854 2089 malo,
879 2052 932 2083 sed

164 2101 267 2147 potius
281 2110 372 2138 curat
386 2108 519 2138 malum.

479 2211 546 2231 DUB.
571 2210 616 2230 VI.

200 2272 327 2296 Adminio
341 2272 454 2302 conjugis
469 2272 523 2295 sine
539 2271 622 2295 carnis
637 2270 765 2301 voluptate
782 2270 835 2293 fieri
850 2276 902 2293 non

502 2309 592 2337 potest.

205 2374 242 2404 Et
256 2374 372 2405 iterum
386 2374 458 2404 dicit
476 2385 481 2403 :
502 2385 515 2402 «
533 2373 671 2404 earnalis
695 2372 842 2412 voluptas
865 2372 933 2402 sine

166 2427 257 2467 culpa
278 2428 459 2458 nullatenus
480 2436 546 2457 esse
571 2429 680 2466 potest.
698 2438 711 2454 n
730 2426 795 2456 Hoc
810 2425 935 2456 videtur

168 2480 291 2518 falsum,
308 2481 383 2520 quia
399 2482 474 2511 tunc
490 2479 615 2510 nullum
631 2479 749 2509 coitum
770 2479 935 2517 continge-

201 2543 204 2555 ·
223 2542 229 2564 l
246 2542 314 2571 Cor..
329 2547 352 2568 v.
371 2544 394 2565 8.
409 2556 438 2560 —
460 2542 470 2558 ²
486 2542 525 2572 Cs'.
545 2543 570 2566 S.
585 2541 686 2570 Thom.‚
707 2541 732 2563 iu
748 2540 834 2571 Suppl.
850 2547 874 2570 p.
893 2540 937 2568 111,

168 2584 191 2607 q.
209 2582 278 2606 xux,
288 2579 379 2607 nrt.1;
396 2580 420 2601 et
435 2578 556 2606 1VSent.,
567 2576 934 2607 dist.xxx1.q.1,art.1;1ti-

168 2612 266 2642 thard„
281 2614 310 2635 tv
323 2614 401 2640 Sem..
418 2613 474 2637 dist.
490 2618 561 2642 xxxi,
577 2619 601 2642 q.
616 2618 636 2641 1,
655 2612 797 2641 nummulus,
812 2612 842 2635 {V
857 2612 935 2640 Sent„

168 2648 224 2671 dist.
243 2653 320 2677 xxm,
337 2654 361 2677 q.
377 2654 398 2677 1,-
420 2648 505 2678 steph.
527 2647 629 2676 mules..
648 2648 677 2670 lv
696 2648 774 2677 δοιώ,
789 2647 846 2670 dist.
865 2653 935 2676 mi,

1692 184 1746 212 2¹11

982 252 1029 279 ret
1044 259 1110 280 esse
1127 250 1194 280 sine
1205 251 1330 289 peccato
1348 259 1354 279 :
1375 251 1405 279 et
1419 249 1479 279 hoc
1496 250 1542 279 est
1555 249 1664 279 contra
1678 248 1751 279 Gre-

982 303 1112 340 gorium
1124 327 1131 340 ,
1148 302 1204 342 qui
1219 302 1343 341 excepit
1358 312 1431 332 eum
1441 326 1450 340 ,
1467 302 1522 342 qui
1538 302 1640 341 gratia
1654 302 1751 342 prolis

981 355 1056 393 coit,
1082 357 1148 386 sive
1175 365 1232 394 pro
1247 356 1437 394 'generanda
1460 355 1571 395 prole:
1593 358 1623 386 et
1647 358 1751 386 tamen

982 411 1028 438 est
1044 409 1148 439 carnis
1160 409 1356 439 commixtio.

1022 462 1113 502 Resp.
1132 462 1301 492 Dicendum
1324 462 1409 501 quod
1428 463 1568 493 facienda
1592 464 1639 493 est
1652 462 1702 493 vis
1717 462 1749 492 in

982 516 1090 553 verbo,
1107 516 1183 555 quia
1208 524 1270 545 non
1296 515 1410 545 dicitur
1437 515 1540 545 earnis
1568 515 1752 546 commixtio

983 568 1114 607 quilibet
1130 570 1217 599 actus
1232 568 1422 606 conjugaliS,
1441 569 1495 598 sed
1517 569 1568 598 ille
1589 568 1644 607 qui
1667 568 1700 598 fit
1715 569 1753 599 ad

983 620 1221 651 delectationem
1239 621 1341 651 carnis
1356 621 1406 651 vel
1416 621 1459 659 ,ad
1475 623 1544 660 eius
1561 622 1755 652 exercitatio-

984 681 1068 709 nem,
1081 673 1113 702 in
1128 683 1192 712 qua
1205 673 1334 712 quidem
1342 682 1466 712 semper
1476 675 1522 703 est
1534 673 1639 713 aliqua
1649 674 1753 713 culpa.

1223 794 1465 827 ARTICULUS
1490 795 1515 827 Ι.

1025 889 1072 919 Ad
1087 889 1327 927 intelligentiam
1351 888 1448 927 hujus
1466 888 1674 919 distinctionis
1694 889 1756 919 duo

986 941 1201 980 principaliter
1225 943 1414 980 quaeruntur
1441 950 1448 971 :
1473 941 1576 980 primo
1603 941 1757 980 quaeritur

985 994 1023 1024 de
1040 994 1131 1024 bonis
1149 994 1343 1024 matrimonii
1360 994 1391 1023 in
1407 1003 1455 1030 se;
1473 993 1612 1024 secundo
1624 1017 1633 1031 ‚
1650 994 1756 1033 quali—

985 1049 1032 1077 ter
1044 1049 1197 1077 excusant
1207 1046 1338 1076 coitum.
1352 1046 1437 1077 Circa
1447 1047 1588 1086 primum
1596 1047 1657 1077 tria
1671 1056 1758 1086 quae-

986 1103 1100 1130 runtur
1119 1111 1124 1130 :
1142 1100 1245 1139 primo
1268 1100 1440 1139 quaeritur,
1456 1102 1566 1130 utrum
1589 1100 1673 1130 bona
1689 1109 1755 1130 ma-

986 1153 1127 1183 trimonii
1142 1153 1204 1183 sint
1218 1154 1251 1183 in
1269 1162 1387 1192 genere
1402 1153 1591 1183 conserentis
1610 1153 1675 1184 sive
1692 1154 1755 1183 uti-

986 1205 1036 1243 lis,
1047 1216 1087 1236 au
1100 1206 1236 1244 honesti,
1249 1215 1290 1236 an
1303 1206 1508 1243 delectabitis;
1521 1206 1658 1236 secundo
1668 1215 1758 1245 quae—

986 1259 1066 1289 ritur
1081 1259 1119 1289 de
1134 1268 1268 1289 numero
1280 1262 1310 1289 et
1322 1259 1509 1289 sufficientia
1524 1269 1651 1296 eorum;
1665 1259 1758 1289 tertio

987 1312 1142 1351 quaeritur
1156 1312 1193 1342 de
1209 1313 1392 1343 necessitate
1409 1312 1525 1342 horum
1541 1312 1709 1342 bonorum.

1260 1417 1441 1455 QUAESTIO
1466 1418 1488 1448 l.

1058 1499 1099 1523 An
1119 1499 1319 1524 matrimonium
1337 1500 1375 1525 sz't
1394 1500 1423 1525 in
1443 1506 1533 1532 genere
1552 1499 1652 1525 honesti
1666 1496 1685 1524 ².

1027 1575 1116 1612 Quod
1131 1577 1192 1607 sint
1206 1577 1239 1607 in
1257 1587 1374 1616 genere
1390 1578 1525 1615 honesti,
1542 1577 1678 1608 videtur.
1697 1576 1757 1607 Su·
1773 1590 1878 1611 Fundam.

986 1637 1042 1667 per
1058 1629 1136 1660 illud
1151 1630 1182 1659 ³:
1202 1630 1270 1662 Non
1297 1635 1332 1662 ul
1356 1631 1523 1670 laqueum,
1544 1633 1602 1661 etc.
1625 1630 1732 1660 Glossa
1749 1640 1756 1660 :

992 1693 1005 1709 a
1021 1681 1088 1712 Non
1103 1692 1170 1713 esse
1181 1686 1272 1723 turpe
1287 1684 1525 1721 demonstravit.;
1537 1684 1589 1714 sed
1601 1684 1685 1723 quod
1699 1684 1756 1714 ho—

987 1738 1075 1765 nesto
1089 1736 1251 1767 honestius
1262 1739 1319 1774 est,
1334 1737 1475 1776 generali
1491 1737 1620 1767 nomine
1634 1736 1759 1766 honesti

987 1788 1231 1819 commendavit.
1249 1799 1262 1816 n

1028 1841 1106 1871 Item
1126 1842 1185 1871 hoc
1214 1842 1339 1872 videt-ur
1366 1843 1503 1878 ratione,
1525 1842 1599 1881 quia
1619 1841 1757 1878 castitas,

987 1904 1061 1924 cum
1077 1894 1116 1924 sit
1135 1895 1238 1925 virtus
1250 1919 1258 1932 ,
1276 1897 1321 1925 est
1343 1895 1376 1924 in
1399 1905 1516 1933 genere
1536 1895 1661 1925 honesti
1679 1903 1686 1924 ε
1706 1893 1758 1923 sed

988 1949 1075 1978 actus
1103 1948 1279 1986 conjugalis
1303 1950 1349 1977 est
1373 1950 1460 1978 actus
1484 1948 1651 1984 castitatis,
1676 1955 1759 1986 quo-

988 2001 1073 2030 niam
1089 2003 1136 2030 est
1149 2001 1274 2030 castitas
1289 2001 1466 2040 conjugalis
1477 2025 1485 2038 ,
1500 2001 1581 2031 sicut
1601 1999 1735 2030 vidualis
1752 2010 1759 2029 t

988 2063 1065 2092 ergo
1078 2078 1086 2091 ,
1107 2056 1165 2084 etc.

1029 2109 1107 2139 Item
1123 2111 1211 2139 actus
1226 2110 1281 2149 qui
1307 2110 1384 2139 alias
1409 2111 1489 2139 esset
1511 2108 1710 2145 fornicarius,
1729 2108 1763 2138 fit

988 2171 1053 2192 non
1082 2162 1272 2192 fornicarius
1293 2171 1349 2202 per
1369 2162 1583 2201 eonjugium:
1606 2161 1660 2191 sed
1683 2161 1761 2191 nihil

989 2215 1068 2245 tollit
1082 2215 1321 2245 dehonestatem
1341 2214 1470 2254 peccati,
1489 2214 1550 2244 nisi
1564 2214 1737 2244 honestum
1754 2224 1760 2244 :

989 2277 1067 2306 ergo
1082 2268 1283 2306 conjugium,
1301 2270 1361 2298 etc.

1031 2322 1108 2352 Item
1124 2330 1250 2352 servare
1261 2322 1356 2352 fidem
1374 2323 1442 2361 conj
1450 2322 1531 2360 ugii,
1547 2321 1606 2352 hoc
1621 2323 1668 2351 est
1683 2330 1763 2360 opus

986 2375 1118 2414 Justitiae
1132 2375 1169 2405 de
1195 2385 1249 2405 se:
1274 2376 1327 2405 sed
1350 2375 1423 2405 talia
1444 2375 1559 2405 cadunt
1582 2374 1617 2404 in
1645 2383 1762 2413 genere

991 2426 1112 2455 honesti
1127 2449 1136 2463 ,
1161 2427 1191 2456 et
1216 2426 1275 2456 hoc
1304 2428 1349 2456 est
1378 2426 1500 2456 bonum
1528 2425 1721 2456 matrimonii
1754 2436 1759 2455 :

991 2488 1070 2517 ergo
1081 2502 1090 2515 ,
1107 2481 1168 2508 etc.

991 2569 1016 2592 q.
1040 2568 1060 2591 13
1085 2563 1148 2585 l’etr.
1168 2562 1198 2585 de
1218 2562 1329 2592 Terent„
1349 2563 1379 2585 tv
1397 2564 1475 2591 Sent.‚
1496 2563 1553 2586 dist.
1571 2567 1644 2592 xxxi,
1657 2569 1681 2591 q.
1703 2567 1762 2584 1.—

991 2598 1001 2614 ³
1013 2598 1019 2620 1
1032 2598 1098 2626 Cor„
1113 2603 1157 2627 vn,
1170 2599 1209 2621 35.

1025 2647 1057 2675 (ιι)
1069 2646 1128 2670 Caet.
1146 2646 1206 2670 edit.
1221 2647 1325 2670 nedum.
