1991 3006
121 1302 231 1322 Atium».-

136 1333 175 1352 ilus
191 1333 216 1351 li-

123 1364 194 1389 gandi,
208 1365 227 1381 vt

247 247 266 275 4
807 240 1113 271 sle't'tzx'tiARtJM
1138 240 1208 271 Lm.
1233 240 1282 270 lV.

248 311 306 344 etsi
321 309 440 354 aliquis
455 308 541 352 apud
557 307 661 340 Deum
687 307 727 340 sit
743 307 869 339 solutus
883 334 890 348 ‚
907 318 972 340 non
995 311 1101 339 tamen
1129 307 1162 339 in
1185 307 1265 339 facie
1281 306 1429 339 Ecclesiae
1449 307 1577 339 solutus
1591 306 1730 339 habetur
1742 333 1750 347 ‚
1768 307 1830 340 nisi

250 379 304 412 per
316 366 478 411 judicium
502 364 684 397 sacerdotis.
711 364 747 396 In
763 365 927 397 solvendis
942 375 1018 405 ergo
1043 363 1147 407 culpis
1168 364 1219 395 vel
1245 363 1420 395 retinendis
1444 364 1489 395 ita
1509 367 1663 407 operatur
1686 364 1832 398 sacerdos

247 424 455 466 evangelicus
478 426 509 454 et
525 421 667 464 judicat,
693 422 775 454 sient
799 422 878 454 olim
904 421 1017 462 legalis
1036 420 1070 452 in
1093 420 1176 460 illis,
1199 421 1256 464 qui
1279 421 1490 452 contaminati
1515 425 1607 452 erant
1631 421 1739 464 lepra,
1756 432 1831 464 quae

248 485 414 526 peccatum
436 480 552 521 signat.
583 478 673 511 Unde
700 479 921 522 Hieronymus
944 489 1038 521 snper
1061 477 1270 516 Mattltoeum,
1290 477 1346 509 ubi
1370 477 1528 510 Dominus
1553 478 1597 510 ait
1620 478 1716 510 Petro
1735 490 1741 509 :
1762 477 1831 510 Tibi

247 538 330 571 dabo
347 538 451 571 claves
466 536 558 580 reym'
574 536 744 576 coelorum,
762 542 791 567 et
806 534 1027 579 quodcumque
1049 534 1201 577 liquem-is
1216 545 1310 578 super
1335 541 1476 573 tel-ram,
1501 535 1563 567 erit
1583 535 1724 578 lissamm
1748 541 1779 567 et
1794 535 1830 567 in

248 596 350 635 εωίίε,
368 600 397 627 et
414 593 634 638 quodcumque
649 593 779 625 solveris
794 604 888 636 super
903 598 1024 624 terram
1035 617 1043 631 ,
1062 591 1122 623 erit
1137 591 1280 623 solutum
1295 597 1325 623 et
1341 591 1375 623 in
1391 592 1478 624 coelis
1499 604 1509 623 .·
1534 605 1548 621 ι(
1561 592 1669 633 Hunc,
1686 592 1793 636 inquit
1808 592 1828 631 ¹,

248 655 353 686 locum
371 652 505 696 quidam
530 662 595 683 uon
611 650 851 690 intelligentes,
868 648 992 692 aliquid
1009 652 1145 680 sumunt
1167 649 1206 681 de
1227 648 1399 692 supercilio
1419 648 1651 692 pliarisaeorum
1666 675 1673 689 ,
1691 653 1727 681 ut
1741 648 1832 681 dam-

248 722 324 743 nare
340 709 509 748 innoxios,
524 708 574 741 vel
589 707 713 739 solvere
728 718 760 738 se
777 710 887 750 putent
907 705 1030 746 noxios,
1043 716 1117 737 cnm
1133 705 1219 749 apud
1237 705 1339 737 Deum
1357 716 1420 737 non
1435 705 1595 737 sententia
1608 705 1829 746 sacerdotnm,

247 769 301 801 sed
318 778 448 801 reorum
468 766 534 799 vita
548 769 727 809 quaeratur.
745 764 781 795 ln
798 762 940 796 Levitico
955 774 986 795 se
1002 762 1168 795 ostendere
1182 762 1401 794 sacerdotibus
1414 762 1573 806 jubentur
1590 763 1707 806 leprosi
1728 775 1734 794 z
1750 774 1833 807 quos

246 826 295 858 illi
318 837 382 857 non
406 824 528 856 faciunt
553 823 693 866 leprosos
720 821 768 853 vel
788 820 936 858 mundos,
955 819 1009 851 sed
1024 819 1212 852 discernunt
1231 819 1287 863 qui
1312 819 1427 851 nmndi
1449 820 1498 851 vel
1520 819 1683 852 immundi
1706 824 1793 852 snnt.
1812 832 1828 850 »

247 883 294 914 Ita
320 886 351 914 et
371 881 422 913 hie
444 884 553 924 aperte
576 879 774 918 ostenditur,
792 877 879 921 quod
901 888 965 908 non
992 888 1118 920 semper
1143 877 1291 920 sequitur
1309 877 1392 908 {tens
1408 876 1743 919 Ecclesiaejiidiciu1n,
1756 888 1830 921 (μω),

248 950 305 984 per
321 938 557 982 surreptionem
583 940 613 967 et
636 934 854 977 ignorantiam
877 934 1041 966 interdum
1060 933 1203 977 judicat3
1220 934 1306 966 Deus
1321 937 1429 966 autem
1444 933 1705 977 semperjudicat
1719 945 1832 966 secun-

245 997 325 1029 dum
343 995 524 1028 veritatem.
542 994 581 1026 Et
597 993 630 1025 in
645 991 848 1025 remittendis
863 991 911 1023 vel
934 991 968 1022 in
985 991 1161 1023 retinendis
1175 990 1280 1034 culpis
1294 990 1326 1023 id
1338 990 1423 1034 juris
1437 995 1468 1023 et
1483 990 1583 1023 officii
1598 990 1718 1023 habent
1733 1002 1832 1024 evan-

245 1053 339 1094 gelici
360 1051 539 1085 sacerdotes
553 1076 560 1090 ‚
577 1049 665 1094 qnod
689 1049 767 1081 olim
792 1048 955 1081 habebant
975 1048 1035 1080 suh
1058 1048 1129 1091 lege
1152 1048 1272 1089 legales
1294 1047 1328 1079 in
1352 1048 1505 1079 curandis
1527 1047 1672 1091 leprosis.
1695 1047 1737 1080 Hi
1753 1059 1831 1091 ergo

246 1114 373 1155 peccata
394 1109 565 1141 dimittunt
587 1107 637 1139 vel
660 1106 817 1145 retinent,
843 1105 921 1137 dum
947 1105 1078 1137 dimissa
1094 1117 1112 1137 a
1135 1105 1200 1137 Deo
1225 1105 1276 1137 vel
1292 1108 1416 1136 retenta
1434 1104 1583 1148 judicant
1598 1109 1629 1137 et
1643 1105 1829 1138 ostendunt.

246 1168 380 1200 Ponunt
394 1167 482 1198 enim
497 1164 676 1198 sacerdotes
693 1174 812 1196 nomen
827 1162 957 1194 Domini
980 1173 1077 1206 super
1092 1162 1177 1194 filios
1202 1161 1299 1194 Israel
1313 1187 1321 1202 ‚
1338 1161 1393 1193 sed
1408 1162 1475 1205 ipse
1491 1161 1672 1202 benedicit,
1695 1166 1731 1194 ut
1753 1162 1832 1204 legi—

251 1230 304 1257 tur
318 1224 351 1256 in
366 1223 553 1258 Numeris2.
570 1222 664 1254 llunc
683 1220 817 1252 modum
831 1219 954 1261 ligandi
970 1224 1001 1251 et
1015 1219 1163 1251 solvendi
1177 1219 1398 1262 Hieronymus
1412 1229 1511 1261 supra
1523 1218 1658 1251 notavit.

296 1282 412 1324 Ligant
427 1292 559 1324 quoque
576 1279 754 1312 sacerdotes
769 1304 776 1318 ,
793 1277 873 1309 dum
893 1277 1143 1309 satisfactionem
1159 1276 1360 1319 pienitentize
1383 1275 1612 1308 confitentibus
1637 1275 1830 1319 imponunt;

247 1339 400 1378 solvunt,
417 1349 491 1370 cum
509 1337 547 1369 de
562 1348 599 1368 ea
620 1335 745 1379 aliquid
761 1335 951 1375 dimittunt,
971 1334 1020 1365 vel
1038 1345 1093 1377 per
1117 1345 1187 1365 eam
1213 1337 1369 1376 purgatos
1391 1333 1431 1365 ad
1454 1337 1732 1365 sacramentorum
1747 1344 1833 1366 com·-

122 1401 144 1411 ‘''
157 1400 201 1412 ‘'³¹''
214 1402 224 1413 ¹*
248 1396 437 1428 munionem
454 1394 632 1426 admittunt
647 1418 654 1432 ,
671 1403 767 1436 quem
782 1391 916 1423 modum
932 1391 1081 1434 superius
1096 1397 1117 1422 ³.
1137 1391 1200 1424 Leo
1214 1391 1302 1435 Papa
1314 1391 1449 1423 notavit.
1466 1390 1654 1423 Secundum
1664 1390 1752 1423 hunc
1766 1401 1833 1424 mo-

144 2485 229 2505 [livi-i).

247 1454 326 1485 dum
342 1452 496 1484 dicuntur
512 1451 608 1482 etiam
625 1449 803 1481 sacerdotes
819 1448 983 1480 dimittere
999 1448 1048 1480 vel
1066 1452 1192 1491 peccata
1214 1448 1358 1480 retineri.
1380 1447 1469 1479 Unde
1484 1447 1635 1490 superins
1650 1450 1660 1465 ⁴
1677 1447 1834 1488 Augusti-

248 1521 310 1542 nus
326 1509 409 1541 dixit
427 1521 433 1540 ;
455 1520 471 1538 ιι
486 1507 613 1546 Quibus
629 1506 821 1545 remittunt,
840 1509 870 1537 et
885 1505 1020 1537 remittit
1035 1505 1141 1545 Dens,
1162 1518 1177 1535 »
1195 1508 1253 1537 etc.
1271 1504 1362 1547 Opus
1376 1505 1464 1536 enim
1486 1504 1621 1547 justitiae
1635 1509 1785 1537 exercent
1799 1505 1833 1536 in

249 1570 447 1611 peccatores,
465 1576 539 1596 cum
555 1575 608 1595 eos
619 1563 708 1606 justa
724 1574 819 1606 poena
834 1562 953 1603 ligant3
971 1572 1051 1605 opus
1068 1561 1313 1602 misericordiae‚
1331 1561 1411 1593 dum
1426 1560 1465 1593 de
1481 1572 1518 1593 ea
1532 1561 1657 1604 aliquid
1671 1561 1831 1603 relaxant,

251 1624 299 1656 vel
315 1626 593 1656 sacramentorum
608 1620 832 1652 communioni
848 1619 1021 1651 conciliant
1040 1631 1046 1651 z
1065 1619 1128 1651 alia
1143 1630 1240 1662 opera
1251 1619 1283 1650 in
1300 1623 1478 1662 peccatores
1490 1629 1637 1651 exercere
1651 1623 1830 1663 nequeunt.

250 1681 289 1713 Et
306 1680 487 1712 notandum
503 1683 549 1711 est
563 1704 571 1719 ,
587 1678 666 1721 quia
681 1688 763 1721 quos
783 1677 1000 1709 si‘itisfactione
1019 1676 1218 1720 poenitentiae
1240 1676 1365 1717 ligant,
1383 1687 1419 1708 eo
1436 1675 1505 1719 ipso
1519 1687 1537 1708 a
1552 1676 1689 1719 peccatis
1712 1676 1834 1709 solutos

250 1738 424 1770 ostendunt
442 1749 448 1769 ε
466 1737 544 1781 quia
559 1747 624 1768 non
640 1735 822 1779 imponitur
836 1734 933 1766 alicui
948 1734 1121 1766 satisfactio
1137 1734 1366 1777 prenitentialis
1380 1761 1387 1775 ,
1404 1734 1465 1766 nisi
1478 1745 1575 1778 quem
1591 1734 1738 1766 sacerdos
1759 1745 1835 1767 vere

250 1795 462 1839 poenitentem
480 1793 668 1826 arbitratur.
688 1792 755 1824 Alii
772 1803 848 1824 vero
874 1802 938 1823 non
962 1791 1198 1835 imponuntur,
1217 1796 1248 1823 et
1267 1802 1304 1823 eo
1325 1791 1394 1835 ipso
1410 1796 1574 1835 peccatum
1590 1791 1722 1824 retineri
1736 1802 1754 1823 a
1769 1791 1835 1824 Deo

248 1853 409 1896 judicant.
425 1851 520 1890 Quod
536 1855 644 1883 autem
667 1850 726 1883 hoc
742 1849 781 1881 ad
796 1849 902 1881 claves
917 1848 1087 1892 pertineat,
1107 1848 1313 1891 Augustinus
1325 1848 1464 1881 ostendit
1478 1849 1587 1881 dicens
1602 1852 1611 1866 ⁵
1629 1861 1635 1880 :
1653 1862 1669 1880 (i
1688 1848 1714 1880 F
1716 1852 1837 1881 rustrat

251 1911 358 1942 claves
372 1908 522 1941 Ecclesiae
536 1934 544 1948 ,
560 1907 618 1951 qui
643 1907 711 1939 sine
737 1906 872 1938 arbitrio
895 1905 1067 1938 sacerdotis
1089 1905 1313 1948 poenitentiam
1329 1906 1416 1947 agit,
1431 1906 1458 1938 si
1473 1906 1544 1938 sine
1558 1905 1623 1938 oris
1637 1905 1836 1939 confessione

252 1967 397 1999 criminis
411 1964 652 2008 indulgentiam
666 1965 876 2007 imprecatur.
892 1976 908 1993 »

438 2108 642 2140 EXPOSITIO
663 2106 826 2138 TEXTUS.

250 2195 295 2219 liic
311 2194 389 2225 quoeri
410 2194 492 2224 solet,
509 2193 529 2217 si
545 2194 677 2223 peccatum
694 2191 747 2221 jum
763 2190 868 2213 omnino
887 2189 1017 2212 dimissum

526 2229 591 2251 esta
607 2228 673 2253 Deo.
693 2227 739 2249 etc.

291 2308 394 2347 Supra
406 2307 472 2345 egit
487 2306 635 2344 Magister
651 2305 687 2335 de
708 2304 899 2334 consessione
914 2312 1017 2342 quan-

252 2365 320 2392 tum
336 2361 374 2392 ad
390 2360 605 2390 necessitatem
622 2368 640 2388 a
654 2359 741 2397 parte
760 2356 951 2396 poenitentis3
968 2355 1019 2385 hic

253 2413 391 2444 secundo
401 2413 469 2450 agit
482 2412 520 2441 de
533 2412 600 2450 ipsa
611 2412 766 2449 quantuni
782 2408 820 2438 ad
835 2409 1019 2447 potestatem

255 2468 392 2505 exparte
403 2463 617 2494 absolutionis.
634 2461 734 2492 Habet
744 2463 850 2491 autem
865 2461 933 2491 haec
948 2470 1020 2500 pars

255 2519 354 2548 duas:
372 2517 405 2547 in
426 2517 528 2555 prima
549 2515 616 2553 agit
631 2515 669 2545 de
688 2516 838 2553 potestate
860 2514 891 2544 in
914 2523 962 2551 se3
986 2514 1020 2544 in

254 2569 391 2602 secunda
415 2569 448 2599 in
470 2567 704 2606 comparatione
726 2566 764 2596 ad
789 2566 994 2606 suscipientes
1010 2591 1018 2604 ,

254 2624 357 2654 infra⁶
380 2632 386 2652 :
414 2622 585 2660 Postquam
615 2623 773 2651 ostensum
795 2622 839 2650 est
860 2627 931 2658 quse
954 2620 1021 2650 sinc

288 2689 291 2700 ¹
311 2687 426 2714 Hieron„
441 2686 466 2708 in
481 2684 580 2712 Mami„
595 2689 648 2713 XVI,
666 2686 701 2706 tt).
717 2696 746 2700 —
760 2684 770 2698 ²
783 2683 868 2710 Num„
885 2688 920 2711 Vl,
936 2684 974 2705 27.
991 2695 1019 2700 .-

1072 2094 1185 2131 claves,
1202 2096 1259 2123 ete.
1271 2093 1377 2123 Prima
1390 2102 1462 2133 pars
1477 2093 1571 2124 habet
1581 2094 1659 2124 duas
1672 2104 1679 2124 :
1691 2094 1724 2124 in
1738 2095 1842 2134 prima

1073 2147 1262 2177 determinat
1272 2147 1309 2176 de
1321 2146 1462 2176 clavibus
1479 2149 1510 2177 et
1524 2156 1635 2177 earum
1650 2156 1710 2178 usu
1726 2148 1759 2177 in
1774 2148 1841 2178 foro

1074 2199 1294 2238 poenitentiali;
1314 2199 1346 2228 in
1363 2199 1500 2229 secunda
1522 2208 1596 2229 vero
1618 2199 1651 2229 in
1672 2199 1740 2230 foro
1751 2200 1835 2239 judi-

1074 2252 1158 2289 ciali,
1176 2252 1218 2282 ibi
1235 2263 1241 2281 :
1259 2252 1299 2283 Et
1313 2256 1357 2283 est
1372 2252 1456 2283 alius
1471 2251 1582 2283 modus
1595 2251 1723 2291 ligandi
1737 2255 1766 2284 ec
1780 2252 1842 2284 sol-

1074 2304 1181 2340 vendi,
1192 2307 1250 2335 etc.
1268 2304 1374 2335 Prima
1386 2313 1458 2344 pars
1470 2304 1563 2334 habet
1577 2303 1654 2334 duas
1669 2314 1676 2334 t
1694 2304 1725 2334 in
1741 2305 1842 2343 prima

1075 2357 1189 2396 quaerit
1205 2359 1235 2387 et
1250 2357 1439 2387 determinat
1455 2356 1635 2393 veritatem3
1658 2356 1690 2385 in
1705 2357 1842 2387 secunda

1075 2410 1113 2440 ad
1138 2411 1290 2449 majorem
1315 2409 1533 2439 enodationem
1559 2408 1712 2448 opponit:
1734 2411 1765 2439 et
1783 2409 1842 2439 hoc

1076 2463 1117 2493 ibi
1136 2473 1142 2492 :
1160 2462 1221 2494 Sed
1236 2463 1390 2502 quoen'cm·
1410 2465 1516 2493 utrum
1537 2469 1556 2492 a
1579 2464 1703 2500 peccato
1724 2462 1842 2493 solvere

1075 2516 1189 2548 valeat.
1215 2515 1320 2546 Prima
1342 2524 1414 2555 pars
1437 2515 1515 2545 duas
1541 2513 1634 2544 habet
1656 2515 1759 2553 partes
1778 2524 1784 2543 ε
1810 2514 1842 2543 in

1077 2569 1180 2608 prima
1193 2570 1298 2599 movet
1313 2577 1403 2599 suam
1415 2567 1637 2607 quaestionem3
1655 2567 1689 2597 iu
1706 2567 1844 2598 secunda

1077 2648 1085 2661 ³
1100 2648 1160 2672 Dist.
1181 2654 1244 2672 xvii.
1260 2655 1284 2678 p.
1302 2648 1332 2670 Η.
1348 2660 1378 2664 -
1392 2647 1400 2660 ⁴
1417 2646 1468 2670 Hac
1486 2645 1540 2676 ipsu
1559 2645 1615 2669 dist.
1630 2651 1702 2670 xviu.
1721 2658 1750 2665 —
1767 2646 1842 2669 ⁶1mo

1077 2686 1164 2707 unctor
1177 2683 1220 2706 lib.
1234 2682 1263 2705 de
1277 2689 1326 2706 ver.
1342 2685 1364 2705 el
1376 2681 1437 2711 fals.
1453 2681 1541 2705 Poenit.
1554 2694 1577 2697 a
1591 2681 1601 2697 θ
1612 2680 1673 2704 nist.
1689 2687 1743 2705 nx,
