1991 3006
179 141 216 168 Μ
732 135 1039 166 SENTENTIARUM
1061 134 1134 165 [ΑΒ.
1160 133 1208 165 lv.

179 217 244 239 non
261 209 374 250 potest.
393 205 532 238 Arbitrii
549 204 636 236 enim
652 204 835 236 libertatem
850 203 968 248 quaerit
983 203 1070 235 Deus
1084 228 1092 243 ,
1109 207 1146 234 ut
1159 202 1259 235 deleri
1276 203 1398 246 possint
1412 204 1602 243 commissa:
1621 216 1684 238 non
1709 217 1764 238 ne-

178 263 356 296 cessitatem
369 289 377 304 ,
393 263 448 295 sed
463 262 652 295 charitatem
667 274 675 302 ;
692 272 758 294 non
775 265 902 293 tantum
921 260 1070 292 timorem
1082 285 1089 299 ‚
1110 259 1188 303 quia
1205 269 1270 291 non
1287 258 1321 291 in
1341 260 1409 293 solo
1425 260 1542 293 timore
1556 261 1638 294 vivit
1654 262 1761 296 homo.

179 320 283 360 Quem
309 331 369 363 ego
390 332 460 352 sero
483 319 633 363 poenitet,
651 323 776 363 oportet
800 330 866 350 non
891 317 998 349 solum
1021 317 1134 349 timere
1153 316 1317 360 judicem,
1341 318 1395 350 sed
1419 318 1574 361 diligere,
1598 319 1676 363 quia
1698 320 1766 353 sine

179 377 334 411 charitate
356 388 452 410 nemo
477 376 587 409 salvus
611 387 677 409 esse
705 380 805 420 potest
823 375 841 407 ¹.
859 375 930 407 Non
946 385 1023 415 ergo
1041 378 1167 406 tantum
1185 374 1340 406 timeatur
1358 386 1417 418 pro
1432 387 1545 419 poena,
1561 376 1615 408 sed
1638 381 1766 410 ametur

180 446 238 479 pro
254 435 369 477 gloria.
394 434 471 473 Quae
491 434 659 467 conversio
683 434 708 465 si
731 432 903 474 contigerit
927 431 1024 464 alicui
1046 431 1143 463 etiam
1167 431 1201 463 in
1223 431 1308 473 fine,
1324 431 1561 476 desperandum
1584 444 1650 466 non
1665 437 1712 466 est
1726 434 1766 466 de

180 493 249 536 ejus
274 492 472 524 remissione.
500 491 562 524 Sed
587 491 743 535 quamiam
769 490 841 530 vix,
857 489 909 522 vel
935 500 1007 521 raro
1030 492 1076 520 est
1099 493 1165 521 tam
1186 488 1275 532 justa
1297 489 1485 530 conversio,
1513 490 1695 523 timendum
1721 495 1770 523 est

180 550 219 582 de
237 549 412 594 poenitente
436 560 526 591 sero,
544 549 685 581 maxime
709 559 782 580 cum
810 547 890 587 tilii,
911 557 993 590 quos
1020 546 1131 578 illicite
1158 546 1292 588 dilexit,
1319 547 1384 579 sint
1408 552 1595 591 praesentes,
1612 560 1712 590 uxor,
1738 553 1770 581 et

182 607 325 640 mundus
339 606 379 639 ad
394 617 426 639 se
442 611 557 639 vocent
575 619 580 638 :
602 606 721 638 multos
743 605 829 637 enim
855 604 935 636 solet
959 603 1100 636 serotina
1124 604 1316 647 poenitentia
1338 604 1497 648 decipere.
1526 604 1589 638 Sed
1611 606 1768 650 quoniam

182 666 267 697 Deus
284 675 410 708 semper
426 668 538 707 potens
552 668 616 704 est,
633 673 759 706 semper
773 662 871 694 etiam
890 661 922 693 in
945 664 1047 694 morte
1064 661 1182 705 juvare
1197 661 1301 703 valet,
1319 662 1438 706 quibus
1454 662 1567 706 placet.
1590 662 1673 696 Cum
1693 674 1770 707 ergo

181 733 264 766 opus
287 722 328 753 sit
350 733 416 754 non
442 721 598 761 hominis,
620 720 674 752 sed
704 719 759 751 llei
780 719 948 752 fructifera
973 719 1182 762 poenitentia,
1207 719 1364 763 inspirare
1389 731 1460 752 eam
1482 724 1602 764 potest,
1624 720 1771 764 quando-

181 790 322 824 cumque
339 779 409 812 vult
424 789 482 811 sua
499 777 737 818 misericor-dim
755 781 785 809 et
799 787 1011 809 remunerare
1026 788 1066 808 ex
1083 776 1324 817 misericordia,
1342 788 1423 821 quos
1441 777 1595 810 damnare
1611 781 1713 822 potest
1731 788 1771 811 ex

178 837 315 881 justitia.
334 835 397 868 Sed
413 836 568 880 quoniam
587 835 690 867 multa
704 839 781 867 sunt
797 845 869 878 quae
885 833 1089 877 impediunt,
1107 838 1137 866 et
1153 834 1363 877 languentem
1380 835 1570 876 retrahunt,
1587 835 1769 879 periculum

182 898 247 935 est,
264 899 295 926 et
309 894 455 926 interitui
472 893 637 932 vicinum,
658 892 697 925 ud
719 896 854 924 mortem
881 891 1068 935 protrahere
1093 891 1291 935 poenitentiae
1315 892 1508 925 remedium.
1533 892 1596 924 Sed
1615 904 1770 936 magnum

183 956 244 992 est,
262 952 314 984 cui
330 951 415 983 Deus
431 956 509 982 tunc
524 950 681 994 inspirat,
696 950 721 981 si
737 950 811 993 quis
826 954 871 981 cst
882 975 889 990 ,
902 960 1013 981 veram
1029 949 1267 993 poenitentiam.
1281 951 1291 965 ²
1307 950 1372 982 Sed
1387 949 1413 981 si
1428 950 1524 982 etiam
1541 950 1585 982 sic
1597 961 1772 983 conversus

184 1010 249 1042 vita
268 1009 354 1042 vivat
369 1034 376 1048 ,
396 1012 426 1040 et
441 1019 507 1040 non
524 1007 700 1047 moriatur,
720 1017 784 1039 non
802 1006 1022 1050 promittimus
1037 1006 1125 1050 quod
1142 1006 1257 1039 evadat
1273 1018 1402 1039 omnem
1422 1018 1564 1050 poenam.
1583 1007 1664 1040 Nam
1681 1008 1772 1051 prius

184 1066 374 1111 purgandus
390 1071 435 1098 est
459 1066 534 1107 igne
550 1065 774 1109 purgationis,
791 1064 848 1108 qui
872 1064 906 1096 in
929 1063 1019 1096 aliud
1044 1064 1201 1096 saeculum
1226 1064 1353 1096 distulit
1374 1065 1518 1096 fructum
1537 1065 1768 1098 conversionis.

184 1124 244 1156 Hic
265 1127 374 1156 autem
399 1123 502 1166 ignis,
529 1123 587 1154 etsi
608 1127 749 1155 {eternus
772 1133 839 1153 non
861 1121 919 1159 sit,
945 1121 1027 1153 miro
1051 1125 1159 1153 tamen
1185 1121 1280 1153 modo
1304 1121 1412 1163 gravis
1435 1126 1481 1154 est
1504 1134 1510 1153 ε
1537 1122 1661 1155 excedit
1684 1123 1771 1155 enim

184 1192 313 1214 omnem
328 1191 475 1224 poenam,
492 1191 591 1224 quam
611 1191 757 1223 unquam
774 1190 886 1222 passus
902 1179 942 1210 sit
957 1178 1077 1222 aliquis
1094 1179 1127 1211 in
1144 1179 1202 1211 hac
1217 1180 1294 1212 vita.
1314 1179 1492 1224 Nunquam
1511 1180 1545 1212 in
1573 1191 1669 1212 carne
1685 1184 1773 1213 tanta

186 1240 317 1271 inventa
332 1243 379 1270 est
392 1248 506 1282 poena,
523 1237 597 1269 lieet
613 1236 775 1269 mirabilia
793 1240 950 1279 martyres
967 1236 1051 1280 passi
1067 1236 1133 1268 sint
1147 1240 1326 1277 tormenta,
1344 1241 1374 1269 et
1388 1237 1485 1269 multi
1500 1237 1650 1281 nequiter
1665 1237 1772 1282 iniqui

185 1300 307 1340 quanta
325 1307 406 1340 saepe
421 1295 649 1328 sustinuerunt
674 1294 851 1338 supplicia!
873 1306 888 1322 »
907 1293 955 1325 Ex
980 1293 1030 1325 his
1050 1293 1126 1325 satis
1148 1293 1347 1336 ostenditur,
1365 1306 1464 1338 quam
1489 1295 1708 1339 periculosum
1731 1296 1773 1328 sit

185 1354 317 1386 differre
334 1352 559 1396 poenitentiam
576 1363 678 1395 usque
694 1351 727 1383 in
750 1351 849 1382 finem
867 1351 952 1382 vitae.
979 1350 1014 1382 Si
1035 1354 1143 1383 tamen
1169 1350 1265 1383 etiam
1291 1355 1367 1383 tunc
1392 1362 1468 1394 vera
1491 1351 1648 1385 habeatur
1670 1353 1773 1396 poeni-

187 1411 286 1444 tentia
300 1436 308 1452 ‚
327 1410 493 1443 hominem
518 1409 655 1448 liberat,
676 1412 707 1441 et
727 1408 827 1441 vitam
850 1412 980 1440 mortuo
1001 1408 1153 1452 impetrat
1171 1421 1177 1440 :
1195 1419 1261 1440 non
1275 1408 1320 1440 sic
1334 1412 1442 1441 tamen
1463 1415 1500 1441 ut
1515 1409 1641 1442 nullam
1657 1410 1774 1443 sentiat

187 1479 317 1513 poenam
329 1494 336 1508 ,
354 1468 416 1500 nisi
431 1467 515 1499 forte
532 1471 620 1499 tanta
634 1467 675 1498 sit
689 1466 896 1500 vehementia
913 1466 1054 1506 gemitus
1070 1470 1100 1498 et
1116 1465 1341 1507 contritionis,
1359 1477 1431 1510 quae
1447 1466 1590 1499 sufficiat
1612 1467 1650 1499 ad
1665 1467 1774 1500 delicti

188 1525 404 1570 punitionem.
422 1525 509 1557 Licet
534 1536 610 1567 ergo
633 1524 673 1556 sit
687 1523 821 1556 difficile
842 1527 877 1555 ut
903 1527 978 1555 tunc
1001 1523 1042 1555 sit
1068 1534 1144 1555 vera
1168 1523 1359 1567 poenitentia
1373 1549 1381 1564 ‚
1398 1535 1472 1567 quae
1495 1528 1559 1556 tam
1575 1535 1645 1557 sera
1662 1524 1770 1567 venit,

189 1582 320 1626 quando
335 1582 497 1614 cruciatus
513 1582 659 1614 membra
672 1581 754 1624 ligat
767 1607 774 1621 ,
792 1584 823 1613 et
838 1580 930 1613 dolor
945 1592 1076 1613 sensum
1093 1580 1248 1624 opprimit
1262 1607 1270 1621 ,
1287 1585 1324 1613 ut
1339 1581 1395 1614 vix
1419 1581 1516 1614 homo
1538 1581 1664 1626 aliquid
1689 1582 1776 1624 cogi-

190 1644 256 1672 tare
272 1640 395 1679 valeat;
413 1640 529 1672 melior
544 1644 590 1671 est
611 1643 718 1671 tamen
738 1649 827 1679 sera,
845 1649 945 1682 quam
963 1638 1066 1670 nulla.
1087 1638 1096 1654 ³
1115 1650 1132 1668 ι(
1145 1638 1342 1671 Paenitentia
1361 1638 1448 1670 enim
1462 1664 1470 1679 ,
1492 1638 1551 1671 etsi
1571 1639 1607 1672 in
1629 1642 1775 1672 extremo

189 1697 264 1730 vitae
280 1697 373 1729 hiatu
387 1696 517 1729 advenit
531 1722 539 1737 ,
556 1700 648 1729 sanat
662 1700 693 1728 et
709 1696 835 1728 liberat.
854 1696 997 1727 Multum
1013 1706 1083 1727 sera
1097 1695 1160 1728 fuit
1180 1696 1316 1728 latronis
1332 1696 1523 1739 poenitentia
1534 1721 1543 1738 ‚
1560 1696 1615 1729 sed
1630 1708 1697 1729 non
1712 1696 1776 1729 fuit

189 1765 261 1786 sera
274 1754 491 1796 indulgentia.
515 1754 577 1786 Sed
601 1753 675 1785 licet
689 1753 772 1785 latro
788 1753 919 1786 veniam
935 1752 1106 1785 meruisset
1121 1753 1154 1784 in
1169 1753 1235 1785 tine
1250 1753 1290 1785 de
1306 1753 1394 1785 omni
1410 1753 1546 1786 crimine
1559 1779 1567 1795 ,
1584 1765 1652 1786 non
1667 1758 1775 1788 tamen

189 1811 276 1844 dedit
291 1811 461 1855 baptizatis
476 1810 649 1854 peccandi,
668 1814 699 1843 et
714 1810 939 1854 perseverandi
955 1810 1191 1842 auctoritatem.
1212 1823 1227 1841 »

70 1870 160 1894 0²¹oe⁵²¹⁰
235 1868 269 1901 Si
285 1879 362 1901 vero
376 1868 535 1912 quaeritur
550 1867 589 1900 de
603 1868 689 1908 illis,
707 1868 814 1912 quiin
835 1868 895 1900 hac
919 1868 985 1900 vita
1007 1867 1231 1912 poenitentiam
1253 1879 1318 1900 non
1344 1869 1528 1913 complent,
1545 1873 1656 1902 utrum
1675 1874 1777 1903 trans·

70 1901 268 1968 dduiiiilz'‚ituri
283 1926 348 1958 sint
365 1937 421 1971 per
436 1927 544 1969 iguem
561 1926 742 1969 purgatorii
757 1951 765 1966 ,
782 1929 820 1957 ut
834 1925 879 1957 ibi
895 1924 1080 1969 compleant
1098 1925 1186 1969 quod
1207 1925 1259 1957 hic
1281 1925 1390 1958 minus
1412 1926 1558 1959 fecerunt
1572 1939 1580 1968 ;
1597 1927 1683 1959 idem
1698 1927 1778 1960 dici-

67 1967 177 2017 Efflfflxi
194 1995 267 2016 mus
282 1987 312 2015 et
327 1983 366 2015 de
392 1983 460 2015 istis
481 1994 546 2015 esse
572 1983 798 2023 sentiendum,
816 1987 846 2014 et
860 1982 898 2014 de
917 1982 965 2013 liis
978 2007 986 2022 ,
1003 1982 1060 2025 qui
1085 1982 1119 2013 in
1139 1982 1290 2014 extremis
1315 1983 1484 2026 poenitent.
1509 1984 1544 2016 Si
1575 1984 1662 2017 enim
1689 1988 1779 2018 tanta

72 2027 178 2093 “23⁸3
195 2041 295 2073 fuerit
310 2040 414 2072 cordis
428 2040 580 2072 contritio
595 2043 625 2071 et
640 2039 747 2071 delicti
763 2039 970 2082 exprobratio
983 2064 991 2076 ,
1004 2042 1040 2071 ut
1055 2038 1194 2071 sufficiat
1207 2038 1245 2070 ad
1263 2039 1465 2082 puniendum
1482 2045 1666 2083 peccatum3
1683 2041 1778 2074 liberi

73 2080 142 2124 ssasssp
195 2098 235 2129 ab
249 2097 322 2130 aliis
338 2097 441 2141 poenis
456 2100 627 2129 transeunt
642 2096 681 2128 ad
697 2096 816 2137 vitam,
833 2095 891 2128 etsi
907 2095 1070 2139 inexpleta
1084 2095 1183 2128 fuerit
1202 2095 1409 2139 poenitentia,
1427 2096 1504 2140 quia
1522 2097 1660 2141 perfecte
1677 2098 1779 2141 poe-ni-

197 2158 330 2188 luerunt
344 2180 352 2195 ,
368 2159 399 2187 et
414 2155 647 2197 ingemuerunt
670 2153 776 2186 corde.
793 2153 858 2192 Qui
874 2164 950 2186 vero
972 2164 1038 2186 non
1054 2153 1132 2185 adeo
1153 2156 1368 2185 conteruntur
1390 2153 1485 2186 corde
1507 2157 1538 2186 et
1558 2154 1780 2198 ingemiscunt

196 2224 253 2256 pro
270 2215 417 2256 peccato,
435 2212 460 2243 si
475 2218 549 2244 ante
564 2212 780 2256 expletionem
797 2210 996 2255 pcenitentiae
1011 2210 1235 2251 discesserint,
1253 2210 1362 2253 ignem
1375 2211 1600 2254 purgatorium
1616 2212 1776 2254 sentient,

195 2274 226 2301 et
240 2269 373 2312 gravius
387 2269 582 2313 punientur,
602 2280 700 2313 quam
723 2269 749 2301 si
770 2269 821 2301 hic
840 2268 1028 2312 implessent
1052 2267 1285 2311 poenitentiam.
1304 2267 1513 2300 Horrendam
1535 2274 1581 2300 est
1601 2269 1688 2302 enim
1703 2271 1714 2290 ⁴
1728 2270 1780 2302 in-

195 2326 300 2359 cidere
315 2326 350 2358 z'n
368 2338 486 2359 mames
500 2327 561 2359 Dee·
578 2326 713 2359 viventis
730 2339 739 2357 :
755 2326 841 2358 Deus
856 2325 955 2366 enim,
971 2336 1046 2357 cum
1063 2325 1103 2357 sit
1118 2325 1299 2357 misericors
1314 2329 1344 2356 et
1355 2325 1464 2368 justus
1477 2351 1485 2366 ‚
1503 2336 1543 2358 ex
1558 2325 1778 2359 misericordia

193 2383 367 2427 poenitenti
381 2383 517 2426 ignoscit
534 2409 541 2425 ,
559 2395 624 2416 non
640 2394 808 2416 reservans
823 2386 988 2426 peccatum
1012 2382 1051 2415 ad
1073 2393 1203 2426 poenam
1223 2385 1375 2414 aeternam
1390 2394 1397 2423 ;
1414 2393 1453 2414 ex
1467 2382 1594 2425 justitia
1618 2394 1694 2416 vero
1716 2384 1779 2417 im-

195 2440 347 2484 punitum
362 2451 428 2473 non
444 2440 578 2473 dimittit
600 2440 754 2473 delictum
769 2440 789 2472 ⁵.
808 2441 876 2472 Aut
891 2440 978 2472 enim
993 2440 1089 2482 punit
1111 2439 1225 2480 homo,
1242 2444 1297 2471 aut
1319 2438 1416 2471 Deus.
1434 2438 1540 2472 Homo
1555 2444 1665 2473 autem
1681 2442 1775 2485 punit

225 2556 230 2571 ¹
248 2556 252 2578 Ι
272 2556 339 2584 Cora,
355 2559 436 2585 x111,1
462 2570 491 2574 —
508 2558 516 2573 ²
535 2557 567 2579 De
585 2564 632 2579 rer.
652 2560 673 2578 «4
693 2557 757 2585 salvo
775 2557 873 2585 meniu,
889 2564 910 2580 ei
928 2562 1000 2586 xviii,
1017 2564 1041 2580 u.
1059 2558 1097 2580 δῶ.
1113 2568 1142 2573 -
1159 2556 1168 2571 ¹
1184 2554 1256 2585 Ibat,
1275 2561 1376 2583 ¹·,xV1l‚
1394 2556 1515 2577 11.d3.-
1532 2555 1540 2569 ¹·
1556 2555 1639 2582 nebia.
1655 2561 1680 2584 x,
1697 2558 1734 2580 31.
1748 2570 1777 2575 --

192 2592 200 2607 “
215 2592 248 2615 Ex
267 2593 338 2622 Aug„
356 2592 447 2615 Enurr.
465 2599 488 2614 ιιι
507 2593 545 2615 wc.
563 2598 631 2619 ΧΗ»,
648 2596 670 2621 ὅ,
688 2600 711 2614 11.
732 2594 773 2618 ἰδ’,
791 2594 870 2614 §esur
895 2598 945 2620 xlx,
965 2599 988 2614 u.
1009 2594 1027 2614 t.
