1991 3006
53 968 130 993 Ros-vul.
143 970 153 989 2

169 200 227 229 424

169 265 325 295 notandae.
343 264 448 294 Prima
463 266 525 301 est,
543 263 625 304 quod
643 264 674 293 in
691 264 793 303 primo
819 272 936 302 genere

169 317 330 348 affinitatis
358 326 420 347 non
449 317 520 347 licet
547 317 732 347 contrahere
763 325 862 356 usque
899 316 935 346 ad

169 372 318 410 quartum
333 369 470 407 gradum
481 369 652 408 inclusive,
670 370 750 399 sicut
764 372 794 399 et
809 369 845 399 dc
861 378 935 399 con-

169 422 394 461 sanguinitate.
411 423 499 460 Quod
517 423 542 452 si
566 426 716 463 quartum
732 422 868 461 graiium
882 431 938 452 ve—

169 474 206 504 lis
230 483 437 513 cognoscere,
455 484 581 505 recurre
608 475 647 505 ad
678 482 844 514 personam
869 482 937 504 me-

169 528 273 559 diante
294 537 358 568 qua
381 530 539 558 contracta
557 530 603 558 est
623 528 773 562 affinitas,
791 529 820 557 ct
842 530 938 566 quoto

170 582 273 620 gradu
286 582 381 612 (listas
396 582 435 612 ab
449 582 515 619 illa,
535 583 600 612 toto
614 581 716 620 gradu
732 581 828 611 distas
838 590 855 610 a
870 590 939 620 por-

170 645 245 666 sona
266 635 316 665 cui
341 645 374 665 es
394 636 497 665 affinis
521 645 528 665 ι
550 639 584 665 ut
606 636 631 664 εἰ
661 634 844 665 contraxisti
864 643 937 664 cum

169 689 304 719 muliere
317 713 325 726 ,
355 689 453 719 factus
487 698 521 720 es
555 689 658 719 affinis
691 688 939 726 consanguineis

169 742 236 780 ejus
251 752 258 779 ;
275 743 306 772 et
320 743 417 781 quoto
433 742 536 781 gradu
551 741 664 781 aliquis
685 742 731 771 est
746 741 939 779 consangui-

168 803 247 825 neus
262 795 372 825 uxoris
391 797 472 833 tuae,
489 796 552 824 toto
567 794 669 833 gradu
685 796 731 824 est
747 794 801 823 tibi
818 794 937 831 affinis3

169 850 197 878 et
223 848 247 877 si
269 848 380 878 attinet
404 848 432 877 ei
456 848 489 877 in
506 849 621 887 quarto
645 847 766 886 gradu,
783 848 894 877 attinet
910 850 940 877 et

168 901 243 939 tibi;
260 902 290 930 et
305 901 384 931 sicut
401 909 465 930 non
476 900 584 930 liceret
596 899 689 930 uxori
706 901 892 931 contrahere
908 901 938 931 in

169 954 223 984 tali
239 954 362 993 gradu,
379 954 421 984 ita
436 963 492 984 nec
509 954 577 984 tibi.
592 954 736 984 Secunda
750 954 857 984 notula
873 956 917 984 cst
930 978 938 992 ,

169 1008 251 1048 quod
267 1017 305 1038 ex
328 1016 391 1047 quo
404 1010 564 1038 contracta
577 1010 624 1038 est
639 1008 775 1038 affinitas
788 1032 795 1045 ,
815 1011 941 1038 moi-tua

168 1070 302 1101 persona
328 1061 484 1091 mediante
512 1071 574 1101 qua
593 1063 752 1091 contracta
776 1064 838 1099 est,
857 1062 942 1092 nihi-

171 1114 310 1145 lominus
335 1117 441 1145 manet
465 1115 600 1145 affinitas
616 1139 624 1152 ,
648 1124 705 1154 pro
729 1124 766 1145 eo
789 1115 872 1154 quod
897 1118 943 1145 est

171 1167 336 1199 vinculum
352 1169 554 1207 perpetuum,
572 1168 654 1197 sicut
669 1170 699 1198 et
711 1169 942 1207 consanguini-

170 1223 236 1257 tas;
254 1220 323 1251 ideo
342 1220 475 1250 minime
496 1223 597 1260 potest
615 1221 758 1251 contrahi
782 1230 855 1251 cum
870 1230 943 1260 per-

170 1282 246 1304 sona
260 1274 359 1311 affini,
377 1275 470 1313 (caus.
487 1283 588 1312 xxxv,
607 1285 638 1314 q.
655 1285 687 1312 x,
703 1284 728 1305 e.
748 1275 940 1307 Fraterm'ca-

73 1351 83 1363 ρ
111 1344 133 1364 a.
172 1328 214 1358 tis
225 1328 360 1367 vestroe).
378 1327 482 1358 Tertia
498 1329 608 1359 notula
622 1331 667 1359 est
679 1353 686 1366 ,
706 1329 788 1368 quod
806 1330 944 1360 affinitas

63 2191 156 2214 Fundam
161 2207 166 2212 .

170 1381 369 1411 contrahitur
393 1390 455 1411 non
480 1381 582 1411 solum
604 1391 661 1421 per
681 1383 942 1421 matrimonium,

171 1434 223 1464 sed
240 1434 335 1464 etiarn
351 1443 406 1473 per
418 1435 537 1464 coitum
558 1435 762 1466 fornicarium
778 1460 785 1474 ,
802 1436 882 1466 sicut
897 1436 942 1465 di-

171 1486 263 1525 citur,
274 1486 404 1517 Extrav.
415 1487 453 1518 cle
463 1496 496 1519 eo
507 1489 564 1527 qui
574 1490 721 1527 coqnovz'l
730 1491 942 1529 consonantia.

172 1549 198 1570 c.
211 1540 423 1571 Fraterm‘tati
433 1543 504 1578 tiae,
514 1543 572 1571 etc.
588 1541 648 1571 Sed
658 1542 799 1581 quiahoc
810 1543 944 1573 dubium

172 1594 233 1629 est,
252 1592 321 1623 ideo
350 1593 430 1623 ratio
449 1593 546 1632 hujus
567 1594 764 1633 inquisitioni
790 1596 947 1635 relinqua-

173 1647 235 1675 tur.
253 1645 308 1675 His
323 1648 430 1676 autem
446 1646 618 1685 praelibatis
630 1671 638 1684 ,
655 1648 690 1677 ut.
705 1648 800 1677 modo
816 1648 946 1687 inquisi-

173 1698 253 1728 torio
268 1698 476 1737 procedamus
486 1723 493 1737 ,
509 1702 639 1739 possunt
654 1700 724 1730 haec
740 1701 800 1730 tria
816 1702 919 1740 quaeri
936 1712 943 1732 ε

175 1751 277 1790 primo
301 1752 455 1790 quaeritur
468 1754 579 1782 utrum
604 1761 660 1792 per
681 1761 810 1783 omnem
826 1755 943 1785 coitum

174 1804 379 1834 contrahatur
398 1805 554 1841 affinitas3
572 1806 710 1835 secundo
724 1829 733 1843 ,
751 1808 860 1837 utrum
876 1808 945 1838 affi-

176 1857 257 1887 nitas
279 1860 417 1888 transeat
441 1858 480 1888 ab
505 1867 571 1889 uno
596 1859 628 1888 in
653 1859 806 1896 alterum;
835 1861 946 1900 tertio,

179 1912 287 1941 utrum
300 1911 435 1941 affinitas
449 1911 599 1951 impediat
615 1911 869 1943 matrimonium.

452 2019 630 2056 QUAESTJO
654 2021 676 2050 Ι.

200 2100 242 2126 An
257 2107 304 2134 per
319 2107 417 2126 omnem
432 2101 529 2127 coitum
543 2102 625 2135 possit
639 2102 759 2128 contrahi
774 2103 898 2136 affinitas
911 2104 930 2129 ¹.

221 2179 309 2209 Circa
334 2188 430 2219 quam
446 2179 489 2209 sic
505 2180 702 2219 proceditur,
721 2184 749 2212 et
775 2184 950 2215 ostenditur

182 2230 266 2269 quod
284 2239 340 2269 per
360 2239 489 2260 omnem
509 2231 643 2269 coitum,
661 2232 727 2262 sive
747 2233 928 2272 legitimum
940 2261 947 2273 ,

184 2282 251 2313 sive
273 2283 489 2321 fornicarium⁷
514 2284 658 2314 contrahi
677 2286 774 2324 possit
802 2288 951 2327 affinitas,

183 2336 272 2367 Caus.
294 2346 400 2374 xxxv,
424 2347 454 2376 q.
478 2347 510 2367 111
530 2349 536 2367 ς
563 2349 577 2367 «
602 2338 634 2368 Si
656 2339 752 2370 homo
780 2341 952 2373 fornicatus

182 2390 277 2421 tuerit
297 2399 369 2420 cum
394 2390 543 2428 muliere,
560 2393 590 2421 et
608 2391 703 2422 frater
725 2394 793 2432 cJus
808 2395 951 2425 nesciens

183 2443 326 2474 eamdem
351 2452 485 2473 uxorem
512 2444 657 2479 duxerit,
683 2454 720 2475 eo
746 2447 830 2485 quod
855 2448 952 2479 frater

184 2498 253 2536 eJus
276 2496 396 2527 crimen
417 2496 504 2527 fratri
524 2497 690 2535 celaverit,
712 2499 861 2538 poeniteat
883 2511 950 2541 sep-

217 2595 274 2625 ¹Cs.
291 2596 316 2619 S.
332 2595 432 2623 Thom,
450 2595 475 2618 in
495 2594 582 2625 Suppl.
600 2602 624 2625 p.
643 2596 688 2625 ΙΙΙ,
706 2603 730 2627 q.
750 2603 794 2626 ιν,
816 2600 862 2622 art,
879 2602 910 2629 :55
928 2602 953 2623 et

184 2630 216 2653 lV
237 2630 315 2660 Sene„
330 2630 388 2654 dist.
409 2636 465 2660 xm,
482 2638 506 2661 ‹1-
524 2636 547 2660 1,
565 2632 612 2653 art.
630 2632 655 2660 43
674 2632 799 2661 mebant,
820 2634 849 2657 tv
873 2634 951 2664 Sem..

184 2665 241 2690 dist.
261 2671 319 2697 xm,
334 2672 358 2696 q.
378 2671 404 2696 15
419 2665 509 2690 Thom.
532 2666 646 2697 Argent,
666 2667 697 2690 lV
718 2668 794 2695 Sent„
816 2668 871 2692 dist.
893 2675 951 2700 xri,

720 195 1028 228 SENTENTIARUM
1051 197 1124 228 LlB.
1147 197 1196 228 IV.

992 266 1055 295 tem
1071 265 1172 295 annis.
1188 276 1202 292 n
1223 264 1283 295 Sed
1304 264 1363 294 hoc
1383 273 1446 295 non
1461 266 1507 294 est
1522 265 1562 295 ob
1577 265 1661 295 aliud
1673 289 1680 303 ‚
1698 266 1759 297 nisi

993 318 1067 357 quia
1083 317 1135 347 illa
1150 318 1229 347 facta
1239 320 1283 347 est
1300 318 1403 347 affinis
1418 317 1506 348 fratri
1525 329 1531 348 ι
1550 319 1638 357 ergo,
1656 320 1715 349 etc.

1034 370 1122 407 Item,
1147 370 1276 401 Extrav.
1297 370 1334 402 de
1351 379 1383 402 eo
1398 372 1455 411 qm·
1468 372 1613 410 cognovit
1627 379 1761 402 consan-

994 425 1141 463 guineam
1156 425 1271 455 uxoris
1288 432 1365 462 suce,
1381 433 1529 463 expresse
1543 424 1764 464 dicum-‚quod

995 486 1057 508 non
1072 478 1141 507 licct
1158 480 1262 517 petere
1277 478 1429 515 debitum⁷
1448 478 1479 508 in
1496 477 1643 508 decretali
1658 478 1711 508 illa
1727 482 1738 498 ¹
1755 489 1761 508 :

998 531 1205 562 Transmissoe
1219 531 1308 563 nobis
1323 534 1386 562 tuce
1400 531 1532 567 litterae,
1551 533 1609 561 ete.
1627 530 1687 562 Sed
1705 531 1766 562 hoc

995 593 1058 614 non
1082 587 1127 614 est
1148 584 1207 614 nisi
1232 587 1358 624 propter
1383 585 1567 615 affinitatem
1590 595 1596 614 z
1615 593 1695 623 ergo
1711 593 1766 623 per

995 637 1113 667 coitum
1130 638 1331 668 fornicarium
1350 638 1548 668 contrahitur
1567 638 1715 668 affinitas.

1037 691 1113 720 ltcm
1133 691 1252 721 ratione
1281 691 1406 722 videtur
1423 702 1429 721 τ
1460 692 1534 731 quia
1558 701 1622 723 non
1651 694 1697 722 est
1725 692 1766 722 ob

996 744 1092 780 aliud,
1108 744 1191 783 quod
1206 744 1402 774 contrahitur
1415 744 1551 774 affinitas
1562 754 1619 785 per
1633 746 1764 784 coitum,

996 797 1054 827 nisi
1076 799 1151 837 quia
1174 800 1219 827 est
1244 798 1345 828 carnis
1365 798 1565 835 commixtio,
1590 807 1645 837 per
1670 807 1767 838 quam

997 850 1046 880 vir
1061 853 1090 881 ct
1106 850 1220 881 mulier
1230 852 1357 881 fuerunt
1372 860 1435 881 una
1449 860 1521 881 caro
1535 862 1541 881 2
1559 851 1613 881 sed
1629 851 1689 882 hoc
1704 860 1768 882 non

997 906 1119 934 tantum
1136 906 1181 934 est
1201 907 1272 934 actu
1288 904 1447 943 legitimo,
1465 913 1578 935 verum
1594 904 1689 935 etiam
1704 905 1769 935 for-

997 957 1133 993 nicario,
1151 957 1323 987 secuudum
1342 958 1424 997 quod
1440 957 1555 988 dicitur
1571 960 1580 976 ³
1599 968 1605 988 :
1631 957 1692 993 Quz·
1707 957 1766 989 ad-

997 1011 1089 1042 tereret
1112 1011 1273 1042 meretrici
1286 1035 1292 1047 ,
1310 1018 1409 1041 unum
1425 1018 1535 1050 corpus
1550 1018 1621 1041 cum
1643 1019 1680 1042 ea
1694 1011 1767 1049 effi-

998 1064 1092 1094 citur.

1039 1116 1114 1147 item
1130 1116 1213 1147 tilius
1227 1116 1330 1146 fratris
1344 1117 1390 1146 tui
1407 1119 1497 1147 natus
1509 1117 1547 1147 de
1563 1116 1768 1147 fornicatione

999 1170 1040 1199 ita
1060 1171 1105 1199 est
1126 1170 1182 1199 tibi
1207 1170 1477 1207 consanguineis,
1497 1170 1577 1200 sicut
1595 1170 1620 1200 si
1637 1172 1717 1200 esset
1732 1169 1771 1200 de

998 1223 1143 1262 legitimo
1160 1223 1363 1254 matrimonio
1380 1225 1470 1253 natus
1488 1234 1494 1253 ι
1512 1223 1536 1253 si
1553 1231 1630 1262 ergo
1646 1231 1702 1262 per
1717 1231 1769 1253 ac-

999 1279 1068 1306 tum
1093 1276 1297 1306 fornicarium
1326 1276 1523 1306 contrahitur
1547 1275 1771 1315 consanguini-

999 1332 1047 1359 tas
1061 1354 1068 1365 ,
1082 1329 1148 1369 pari
1165 1329 1287 1359 ratione
1301 1329 1449 1359 affinitas.

1041 1385 1154 1412 Contra
1172 1394 1178 1412 ι
1199 1385 1227 1412 l.
1245 1383 1334 1412 (laus.
1352 1392 1452 1420 xxxv,
1471 1392 1501 1422 q.
1520 1392 1551 1413 111
1571 1391 1578 1412 :
1598 1393 1612 1411 a
1626 1382 1773 1414 Extraor-

1001 1436 1123 1466 (linaria
1143 1435 1273 1475 pollutio
1295 1436 1378 1465 circa
1401 1436 1576 1465 maritalem
1603 1435 1769 1473 affectum,

1002 1490 1026 1518 εἰ
1046 1489 1087 1518 ita
1102 1498 1168 1519 esse
1183 1488 1370 1525 constiterit,
1388 1497 1453 1518 non
1469 1488 1592 1518 videtur
1610 1489 1772 1520 matrimo-

1003 1542 1092 1571 nium
1115 1541 1279 1581 impedire.
1296 1552 1309 1568 »
1336 1540 1396 1571 Sed
1415 1541 1603 1571 fornicarius
1625 1544 1712 1572 actus
1727 1545 1773 1573 est

1003 1598 1092 1625 extra
1114 1596 1235 1624 rectum
1258 1594 1401 1624 ordinem
1422 1605 1428 1624 t
1455 1603 1534 1633 ergo
1558 1603 1623 1625 non
1643 1595 1773 1634 impedit

1004 1647 1242 1678 matrimonium
1263 1656 1269 1677 :
1295 1647 1348 1677 sed
1368 1647 1502 1677 affinitas
1522 1647 1652 1687 impedit
1670 1659 1675 1678 :
1696 1657 1774 1687 ergo

1003 1701 1046 1731 ihi
1063 1710 1125 1731 non
1141 1700 1338 1730 contrahitur
1354 1700 1500 1730 affinitas.

1045 1757 1074 1786 ἓ.
1094 1755 1172 1785 ltem
1187 1754 1322 1784 affinitas
1336 1756 1382 1784 est
1398 1753 1563 1784 vinculum
1577 1754 1772 1794 legitimum,

1005 1808 1088 1848 quod
1110 1809 1155 1838 est
1175 1807 1354 1837 institutum
1379 1816 1397 1836 a
1413 1806 1475 1837 Deo
1497 1809 1528 1837 et
1545 1807 1585 1837 ab
1606 1807 1741 1838 Ecclesia
1765 1819 1772 1839 ι

1005 1872 1083 1901 ergo
1099 1870 1171 1892 cum
1185 1860 1347 1891 fornicatio
1362 1860 1401 1890 sit
1416 1860 1496 1890 actio
1511 1862 1619 1891 contra
1628 1860 1776 1900 legitimi-

1006 1917 1103 1946 tatem
1123 1917 1152 1945 et
1167 1916 1274 1944 contra
1291 1913 1437 1944 divinum
1455 1915 1608 1944 statutum
1622 1938 1630 1952 ‚
1644 1923 1701 1954 per
1715 1914 1777 1945 for-

1007 1968 1196 1999 nicationem
1222 1975 1388 2005 nunquam
1408 1966 1606 1998 contrahitur
1627 1967 1688 1998 tale
1707 1967 1777 1999 vin-

1007 2022 1128 2052 culum.

1049 2078 1074 2105 3.
1095 2075 1171 2105 Item
1187 2073 1323 2103 affinitas
1338 2074 1383 2102 est
1401 2073 1568 2102 vinculum
1583 2073 1749 2103 insolubile
1765 2082 1774 2104 ε

1008 2129 1061 2159 scd
1077 2126 1258 2166 conjunctio
1281 2134 1338 2165 per
1352 2125 1470 2155 coitum
1487 2125 1692 2156 fornicarium
1712 2135 1778 2157 non

1005 2182 1116 2222 jungit
1137 2178 1360 2213 insolubiliter,
1382 2178 1447 2208 imo
1469 2178 1668 2209 solubiliter:
1694 2188 1774 2218 ergo

1008 2240 1173 2272 nunquam
1193 2239 1249 2270 per
1269 2229 1360 2259 illum
1382 2229 1501 2259 coitum
1520 2229 1717 2260 contrahitur
1732 2230 1778 2260 af-

1008 2286 1140 2317 finitatis
1155 2284 1332 2315 vinculum.

1049 2344 1078 2370 4.
1101 2340 1177 2369 Item
1203 2347 1258 2377 per
1283 2337 1401 2366 coitum
1427 2337 1515 2365 extra
1537 2336 1778 2367 matrimonium

1009 2403 1073 2425 non
1102 2390 1298 2422 contrahitur
1320 2388 1535 2427 irregularitas
1564 2388 1603 2418 ad
1632 2388 1778 2419 ordinem

1009 2444 1241 2485 suscipiendum
1261 2453 1268 2473 τ
1285 2451 1363 2481 ergo
1378 2441 1446 2481 pari
1460 2441 1581 2471 ratione
1597 2450 1655 2471 nec
1670 2441 1779 2481 illegi-

1008 2499 1127 2530 timitas
1145 2497 1184 2527 ad
1204 2494 1444 2526 matrimonium
1464 2494 1727 2525 contrahendum.
1745 2494 1778 2526 Si

1008 2606 1033 2629 q.
1050 2604 1067 2625 i,
1083 2598 1129 2619 art.
1145 2596 1177 2624 23
1193 2592 1280 2624 Stcpli.
1301 2591 1402 2622 Brulel’.,
1422 2591 1451 2614 tv
1467 2592 1545 2620 &2an
1562 2591 1621 2615 dist.
1638 2598 1692 2620 ιιιι,
1711 2599 1735 2623 q.
1753 2598 1777 2623 ις

1010 2635 1098 2658 Petrus
1111 2632 1140 2654 dc
1151 2631 1261 2658 Tarum„
1276 2629 1304 2652 ΙΥ
1319 2628 1394 2656 Seni„
1406 2627 1454 2650 dist
1475 2632 1527 2657 xm,
1539 2634 1564 2658 q.
1577 2633 1594 2651 1.
1606 2640 1635 2645 —
1650 2628 1658 2642 ²
1669 2628 1776 2658 Dec-ret„

1009 2670 1045 2694 tit.
1061 2673 1118 2696 χιιι,
1132 2674 1154 2690 c.
1166 2667 1188 2690 4.
1198 2664 1246 2683 -3
1260 2665 1266 2688 Ι
1279 2664 1348 2692 σωκ,
1362 2668 1398 2691 νι,
1414 2663 1450 2687 16.

1789 1396 1824 1417 Ad
1839 1402 1891 1423 opp.
