1991 3006
82 2121 175 2141 Fundam

710 180 804 211 DIST.
826 179 886 210 XL.
911 179 1001 210 ART.
1026 179 1048 209 Ι.
1073 179 1220 216 QUAEST.
1246 179 1267 208 l.

194 250 344 281 animalia
358 251 451 280 bruta
465 250 684 289 propagantur
695 256 735 278 ex
747 255 811 277 uno
823 257 828 277 z
840 246 866 276 si
880 255 960 285 ergo

197 304 249 334 ubi
264 303 334 334 talis
348 311 457 339 causa,
474 304 504 332 et
525 301 595 331 talis
616 300 761 337 effectuS,
780 299 806 329 si
828 308 959 329 consan-

195 357 335 396 guinitas
350 357 476 395 propter
492 353 753 394 propagationem
772 361 811 382 ex
830 360 895 382 uno
910 360 962 391 po-

193 410 281 440 nitur
294 409 328 439 in
344 408 538 443 hominibus,
557 407 666 437 eadem
682 406 803 436 ratione
817 405 850 434 in
862 404 962 434 brutis

194 461 386 492 animalibus
403 470 410 490 1
428 460 482 490 sed
501 469 565 490 non
581 459 706 498 pon'tur
724 459 756 488 in
773 457 962 488 animalibus

194 514 298 544 brutis
311 525 317 544 ;
330 522 419 552 ergo,
436 515 494 543 etc.

235 570 264 597 ⁶2.
285 566 362 596 Item
383 565 641 604 consanguinitas
664 566 709 594 est
726 563 890 594 vinculum
911 572 961 593 ra-

196 620 279 650 tione
308 619 444 657 alicujus
473 618 602 657 maJoris
630 617 885 647 convenientiae:
910 619 964 647 aut

195 681 274 711 ergo
287 671 514 709 substantialis,
529 673 585 701 aut
600 670 799 701 accidentalis
817 679 824 700 :
845 670 870 699 si
885 670 963 700 sub-

194 724 357 762 stantialis,
369 726 423 754 aut
433 724 609 754 secundum
621 724 757 753 formam
773 723 963 762 specificam,

195 780 250 808 aut
261 778 459 808 numeralem
472 789 477 807 :
490 777 516 808 si
532 777 706 807 secundum
718 777 853 807 formam
869 776 964 815 speci-

197 831 300 868 ficam,
317 833 392 861 tunc
407 840 483 870 ergo
500 839 611 861 omnes
632 830 777 860 homines
801 831 874 859 sunt
889 838 962 859 cou-

198 884 367 923 sanguinei
381 893 390 922 ;
420 883 445 914 si
476 883 650 914 secundum
685 883 819 913 formam
856 892 966 913 nume-

199 937 297 968 ralem
323 938 360 976 (a)
375 962 382 974 ,
404 939 477 967 tunc
503 937 611 967 nullus
631 939 678 967 est
710 937 967 975 consanguineus

199 990 327 1021 alterius
340 1013 347 1028 ,
362 1000 433 1021 cum
455 990 693 1028 distinguantur
715 990 889 1020 secundum
907 999 965 1020 nu-

199 1053 335 1075 merum.
349 1043 381 1073 Si
396 1052 472 1073 vero
485 1043 559 1073 dicit
573 1041 827 1072 convenientiam
843 1042 877 1071 in
892 1042 968 1072 acci-

199 1097 300 1133 dente,
319 1105 392 1127 cum
417 1096 482 1126 nati
510 1096 548 1126 de
572 1095 704 1126 diversis
732 1094 904 1133 generibus
931 1097 968 1124 ut

199 1150 372 1190 plurimum
396 1149 468 1189 plus
490 1149 692 1185 conveniant,
720 1157 816 1187 quam
838 1148 905 1178 nati
931 1148 968 1178 de

199 1203 308 1234 eadem
322 1202 493 1242 parentela,
513 1204 586 1232 tunc
602 1201 705 1240 magis
725 1203 817 1232 erunt
832 1210 967 1232 consan-

200 1256 321 1296 guinei.

241 1312 269 1340 3.
294 1309 370 1340 Item
391 1309 555 1348 generatio
571 1311 617 1338 est
636 1308 673 1339 de
689 1309 851 1348 superfluo
867 1310 970 1340 nutri-

202 1363 298 1394 menti
312 1375 318 1394 2
331 1363 384 1393 sed
394 1362 595 1402 superfluitas
607 1362 727 1392 nullam
739 1362 806 1392 colli
812 1363 968 1401 gantiam,

201 1426 259 1447 nec
273 1416 438 1447 vinculum
450 1416 545 1446 habet
560 1425 632 1446 cum
645 1425 691 1453 eo,
703 1417 751 1455 cuj
758 1426 794 1446 us
807 1418 852 1446 est
864 1426 971 1456 super-

201 1470 326 1500 fluitas:
350 1478 429 1507 ergo
453 1478 510 1499 nec
534 1471 705 1507 generatus
726 1469 764 1498 de
788 1468 841 1499 illa
859 1479 970 1509 super-

200 1523 322 1553 ssuitate
343 1521 470 1561 aliquod
493 1521 656 1551 vinculum
677 1521 772 1551 habet
797 1530 869 1551 cum
891 1531 927 1552 eo
952 1531 969 1552 a

200 1584 264 1614 quo
285 1576 472 1614 generatur:
497 1583 575 1612 ergo
597 1574 621 1603 si
645 1574 699 1604 illa
718 1576 765 1604 est
784 1575 852 1604 fons
872 1575 970 1605 totius

201 1629 320 1658 vinculi
338 1628 634 1666 consanguinitatis,
653 1627 777 1659 videtur
792 1628 875 1667 quod
894 1628 969 1659 illud

202 1681 365 1712 vinculum
382 1681 507 1712 nullum
522 1681 571 1711 sit.

240 1737 269 1765 4.
302 1735 380 1765 Item
392 1759 400 1772 ,
429 1735 455 1765 si
486 1734 743 1773 consanguinitas
771 1735 970 1766 contrahitur

202 1790 328 1828 propter
341 1788 443 1818 carnis
467 1788 726 1827 propagationem
739 1812 748 1825 ,
766 1791 922 1828 quantum
938 1799 970 1819 se

201 1841 341 1872 extendit
362 1841 548 1880 propagatio
561 1865 568 1877 ‚
592 1843 715 1871 tantum
731 1850 763 1871 se
786 1842 926 1872 extendit
941 1844 971 1872 et

202 1893 366 1924 vinculum
380 1904 386 1924 z
402 1893 454 1924 sed
466 1894 654 1933 propagatio
668 1903 700 1924 se
715 1894 855 1924 extendit
869 1904 970 1934 usque

202 1946 240 1977 ad
262 1946 399 1976 infinitas
421 1946 642 1985 generationes
655 1970 662 1983 ,
680 1955 737 1976 nec
751 1946 846 1977 habet
861 1948 968 1978 termi-

202 2008 280 2030 num
294 2008 351 2039 per
364 2002 529 2030 naturam:
546 2008 623 2038 ergo
639 2008 696 2029 nec
710 1999 875 2030 vinculum
891 2009 969 2031 con-

201 2053 430 2091 sanguinitatis.

242 2105 371 2136 Contra:
392 2106 572 2136 Ostenditur
588 2115 643 2145 per
656 2108 730 2146 Jura
744 2116 827 2137 nova
841 2110 871 2137 et
884 2109 969 2138 auti-

201 2168 282 2198 qua,
306 2168 378 2198 quae
398 2159 705 2198 consanguinitatem
730 2162 913 2200 assignant,
939 2164 970 2192 et

201 2211 320 2251 gradus
343 2212 558 2251 distinguunt,
581 2213 661 2244 sicut
682 2216 766 2253 patet
780 2214 909 2246 Extrav.
929 2215 968 2246 de

204 2264 494 2304 consanguinitate,
512 2268 542 2295 et
556 2275 640 2296 cauS.
667 2276 772 2305 xxxv,
796 2270 908 2307 quaest.
928 2270 966 2305 5,

201 2328 227 2349 c.
244 2319 343 2351 Series
358 2320 661 2359 consanquinicatis.

242 2372 318 2403 Item
343 2373 402 2403 hoc
425 2373 575 2412 probatur
602 2383 656 2413 per
680 2375 857 2406 rationem:
887 2376 970 2406 Con-

202 2426 292 2456 fessio
307 2428 430 2456 naturae
452 2426 586 2456 mendax
607 2435 674 2457 esse
688 2437 751 2457 non
771 2430 892 2467 potest:
918 2430 971 2460 sed

203 2487 258 2517 per
272 2481 419 2509 naturam
434 2479 579 2509 homines
596 2479 699 2519 magis
714 2480 887 2519 alligantur
903 2491 972 2521 pro-

203 2531 330 2571 pinquis
353 2541 450 2571 quam
469 2533 644 2571 extraneis,
670 2534 754 2573 quod
773 2536 872 2574 patet,
896 2535 971 2574 quia

203 2584 308 2623 magis
329 2584 470 2624 diligunt
496 2594 570 2623 eos;
595 2587 625 2616 et
647 2585 707 2617 hoc
730 2595 899 2618 commune
925 2590 973 2618 est

235 2646 268 2675 (a,
285 2645 343 2670 Coet.
358 2646 418 2670 edit.
434 2647 583 2671 naturalem.

1730 183 1784 210 411

1017 246 1101 285 apud
1126 255 1237 276 omnes
1259 255 1266 275 :
1297 255 1373 284 ergo
1403 246 1530 285 aliquod
1554 246 1719 277 vinculum
1743 249 1789 277 est

1017 300 1099 329 inter
1114 299 1207 339 ipsos,
1221 299 1304 338 quod
1318 308 1382 328 non
1397 301 1442 329 est
1455 299 1536 329 inter
1551 299 1638 329 alios.

1060 352 1135 382 item
1166 352 1329 391 generatio
1353 354 1399 381 est
1421 352 1458 382 «le
1483 352 1659 382 substantia
1687 361 1789 391 gene-

1018 405 1132 443 rantis,
1151 409 1186 436 ut
1201 405 1268 435 vult
1283 405 1510 436 Damascenus:
1531 415 1610 445 ergo
1625 415 1699 436 cum
1714 415 1790 445 pro-

1018 459 1122 489 ductio
1153 458 1284 488 humani
1308 460 1433 497 generis
1458 459 1496 489 sit
1523 468 1577 497 per
1608 459 1788 498 generatio-

1019 520 1103 548 nem⁷
1122 511 1247 541 videtur
1262 511 1346 550 quod
1361 511 1417 541 filii
1432 512 1493 541 sint
1510 512 1548 542 de
1565 512 1742 542 substantia
1760 513 1791 542 et

1019 564 1057 593 de
1069 564 1224 603 sanguine
1240 564 1335 603 patris
1350 566 1380 594 et
1395 564 1503 593 matris
1516 574 1523 594 :
1540 565 1591 594 sed
1609 574 1720 595 omnes
1735 565 1791 604 qui

1019 619 1093 646 sunt
1105 617 1142 647 de
1153 617 1263 647 eodem
1278 617 1445 655 sanguine,
1458 620 1531 647 suut
1542 618 1787 657 consanguinei:

1020 676 1110 706 ergo,
1127 670 1184 698 etc.

1062 721 1137 751 Item
1149 721 1230 752 Deus
1241 721 1378 751 vindicat
1390 723 1514 760 peccata
1527 723 1652 760 patrum
1667 722 1699 752 in
1711 723 1791 753 tilios

1021 783 1121 813 usque
1136 774 1168 804 in
1186 775 1310 804 tertiam
1327 777 1355 804 et
1375 776 1521 814 quartam
1538 775 1790 814 generationem,

1022 827 1102 857 sicut
1120 828 1299 867 frequenter
1321 828 1435 858 dicitur
1450 828 1483 858 iu
1506 828 1596 866 lege,
1614 830 1645 858 et
1659 828 1793 858 habetur

1022 881 1055 910 in
1082 881 1189 912 Exodo
1206 882 1238 911 ¹:
1270 882 1335 921 qu
1360 890 1430 913 sum
1464 882 1544 913 Dens
1569 881 1702 919 zelotes,
1734 884 1791 912 etc.

1022 934 1119 972 Ergo,
1138 935 1161 964 si
1192 944 1254 965 non
1272 935 1411 965 vindicat
1432 935 1463 965 in
1485 935 1571 971 aliis,
1587 935 1640 965 sed
1660 935 1692 964 ln
1710 935 1793 973 istis,

1023 987 1129 1026 aliquo
1152 988 1279 1018 vinculo
1298 989 1482 1027 junguntur
1507 988 1556 1018 isti
1578 988 1617 1018 ad
1639 988 1794 1026 invicem,

1023 1049 1087 1079 (1110
1102 1049 1164 1070 11011
1175 1042 1360 1079 jiinguntur
1375 1041 1427 1070 alii
1443 1052 1449 1071 :
1467 1041 1526 1072 hoc
1541 1043 1647 1071 autem
1663 1050 1795 1071 consan-

1025 1093 1214 1131 guinitatem
1229 1094 1444 1134 appellamus:
1462 1103 1557 1132 ergo,
1576 1097 1633 1124 etc.

1298 1214 1521 1247 CONCLUSIO.

1029 1304 1170 1330 Vinculum
1205 1304 1447 1336 consanqnz'nz'tatz's
1476 1306 1513 1330 est
1548 1306 1572 1330 ct
1604 1304 1740 1336 fundatur
1768 1305 1798 1330 z'n

1060 1349 1190 1375 relatione
1211 1348 1246 1374 (111
1262 1348 1379 1375 eamdem
1401 1350 1543 1381 originem,
1565 1350 1589 1374 et
1610 1349 1639 1374 in
1660 1348 1798 1382 affectione

1060 1393 1202 1425 naturali,
1223 1400 1280 1426 quoe
1300 1394 1460 1419 ecctenuatnr
1483 1391 1624 1418 secundum
1644 1392 1713 1426 quod
1732 1399 1796 1426 pro-

1062 1437 1181 1464 tenditur
1190 1437 1367 1471 propasltztz'o.

1067 1523 1156 1562 Resp.
1179 1523 1217 1552 ad
1239 1531 1308 1561 arg.
1335 1522 1507 1552 Dicendum
1530 1523 1614 1562 quod
1634 1523 1797 1553 vinculum

1025 1575 1309 1614 consanguinitatis
1331 1577 1395 1611 est,
1415 1575 1491 1614 quia
1512 1575 1573 1605 hoc
1595 1576 1662 1615 ipsa
1685 1578 1799 1606 natura

1026 1631 1174 1665 testatur3
1200 1631 1230 1658 et
1253 1628 1291 1658 de
1314 1628 1374 1658 hoc
1395 1637 1488 1658 nemo
1512 1628 1650 1666 dubitat,
1669 1628 1729 1658 nisi
1744 1629 1799 1668 qui

1026 1685 1109 1712 caret
1124 1691 1239 1712 seusu:
1257 1682 1310 1711 sed
1328 1681 1410 1712 unde
1427 1681 1534 1711 veniat
1551 1681 1635 1712 istud
1647 1706 1655 1719 ‚
1675 1682 1799 1712 dubita-

1026 1736 1143 1766 tionem
1158 1737 1188 1765 et
1200 1735 1448 1765 controversiam
1460 1734 1557 1764 etiam
1569 1734 1675 1765 habet.
1692 1735 1799 1775 Aliqui

1025 1789 1110 1818 enim
1141 1788 1290 1818 dixerunt
1322 1787 1485 1818 vinculum
1515 1788 1800 1826 consanguinitatis

1025 1841 1200 1880 specialiter
1221 1850 1288 1871 csse
1309 1841 1340 1870 in
1364 1849 1481 1879 genere
1508 1840 1664 1878 hominis,
1687 1841 1800 1871 nonin

1027 1904 1145 1933 genere
1171 1894 1365 1931 bestiarum,
1393 1895 1520 1933 propter
1545 1894 1710 1924 veritatem
1734 1894 1799 1925 hu-

1026 1957 1130 1978 manae
1143 1950 1279 1984 naturae,
1296 1956 1367 1987 quae
1384 1949 1449 1977 tota
1464 1947 1523 1977 fuit
1536 1947 1568 1976 111
1581 1956 1656 1985 uuo,
1672 1949 1800 1987 propter

1025 2011 1122 2042 quam
1138 2004 1168 2032 et
1187 2001 1344 2040 originale
1367 2002 1529 2040 peccatum
1551 2000 1583 2029 in
1600 2009 1710 2030 omnes
1724 2009 1796 2040 pro-

1024 2055 1115 2085 cessit
1130 2064 1194 2085 uno
1209 2056 1352 2094 peccato3
1370 2055 1498 2093 propter
1514 2053 1574 2083 hoc
1590 2053 1686 2083 etiam
1700 2077 1707 2091 ‚
1723 2053 1798 2093 quia

1025 2108 1233 2139 substantiam
1252 2109 1349 2137 totam
1365 2106 1463 2137 trahit
1482 2106 1566 2136 filius
1581 2116 1599 2136 a
1613 2108 1719 2146 patre,
1736 2108 1766 2137 et
1779 2116 1798 2137 a

1026 2163 1124 2191 matre
1144 2172 1150 2191 :
1171 2161 1245 2191 hinc
1260 2162 1308 2190 est
1325 2160 1410 2199 quod
1425 2159 1562 2199 quodam
1582 2159 1705 2198 speciali
1725 2159 1795 2190 vin-

1025 2215 1093 2245 culo
1111 2214 1304 2244 vinciuntur.
1328 2213 1387 2244 Sed
1409 2213 1435 2242 si
1456 2213 1499 2242 ita
1513 2214 1610 2249 esset,
1629 2212 1714 2252 quod
1734 2214 1798 2243 tota

1025 2267 1200 2298 substantia
1228 2275 1298 2296 mea
1320 2268 1351 2296 et
1376 2268 1432 2296 tua
1465 2266 1499 2295 in
1529 2265 1639 2296 eodem
1667 2265 1797 2296 homine

1025 2321 1201 2350 secundum
1225 2319 1392 2350 veritatem
1413 2319 1538 2356 fuisset,
1562 2327 1661 2358 quare
1684 2327 1745 2356 ego
1768 2321 1797 2348 et

1025 2372 1120 2409 alius,
1145 2373 1199 2411 qui
1220 2381 1285 2402 non
1310 2372 1519 2403 convenimus
1542 2371 1602 2401 nisi
1625 2372 1657 2401 iu
1679 2371 1795 2408 Adam,

1026 2435 1089 2456 non
1105 2435 1246 2456 essemus
1261 2426 1372 2456 fratres
1391 2426 1581 2465 propinqui,
1599 2427 1629 2455 et
1644 2426 1676 2455 iu
1694 2425 1797 2464 primo

1025 2481 1147 2521 gradu?
1161 2481 1199 2511 Et
1214 2482 1340 2518 iterum,
1357 2481 1433 2521 quia
1451 2481 1691 2512 fundamentum
1707 2479 1797 2510 istius

1025 2534 1248 2574 propositionis
1264 2543 1329 2565 non
1345 2536 1391 2565 est
1405 2534 1529 2572 stabile,
1546 2534 1628 2564 sicut
1640 2532 1712 2563 alibi
1731 2541 1797 2563 me-

1025 2587 1087 2619 lius
1115 2589 1219 2627 patet·,
1251 2587 1324 2618 hinc
1353 2591 1399 2618 est
1428 2587 1511 2627 quod
1541 2587 1639 2618 alium
1667 2585 1798 2617 modum

1061 2649 1171 2678 ¹Eaeml.,
1188 2657 1232 2679 xx,
1249 2651 1270 2673 Ξ».

1816 1747 1877 1773 (11ιί11.
1901 1750 1917 1768 l.

1823 2221 1918 2249 improb.

1814 2491 1877 2518 Opin.
1897 2493 1917 2516 2,

1822 2524 1843 2542 ct
1852 2528 1907 2542 vcra.
