1991 3006
19 528 121 550 Fundam.

14 1856 48 1877 Ad
68 1863 118 1884 opp.

533 181 630 213 DIST.
654 180 730 212 XXI.
755 179 867 210 PART.
895 178 932 209 11.
956 179 1046 210 ART.
1072 178 1109 209 lI.
1133 179 1283 216 QUAEST.
1309 182 1346 213 lI.

376 308 593 347 QUAESTIO
624 308 669 339 II.

139 389 185 415 Αη
203 391 324 423 confitens
338 389 428 424 possit
448 389 586 415 licentiore
604 389 792 420 confessorem,
814 389 844 413 ut
861 394 909 414 sua

400 435 513 467 peccata
533 433 607 459 dicat
626 436 642 457 ¹.

177 511 289 543 Utrum
308 513 460 543 confitens
480 513 578 552 possit
598 512 791 543 sacerdotem
812 510 909 540 licen-

135 565 213 595 tiare
223 576 231 602 3
250 567 280 595 et
294 566 377 605 quod
398 575 478 603 non,
494 565 619 596 videtur
633 574 640 595 ε
657 565 732 604 quia
750 564 789 594 ad
804 563 910 594 celan-

136 617 210 648 dam
233 619 461 649 confessionem
485 621 624 649 arctatur
644 627 701 658 per
724 617 909 648 mandatum

136 671 325 710 superioris,
355 672 471 702 scilicet
498 672 590 712 Papae
617 681 624 701 :
653 671 707 702 sed
733 670 861 700 inferior
891 679 910 700 a

137 723 285 754 mandato
308 725 480 764 superioris
504 734 568 755 non
592 725 691 763 potest
712 722 874 753 absolvere
900 733 906 752 :

136 783 214 814 ergo
232 785 290 807 nec
303 777 343 807 ad
365 777 558 808 contrarium
574 776 722 807 mandato
737 776 908 806 licentiare.

177 829 254 860 Item
276 831 419 870 sigillum
441 830 645 861 confessionis
662 830 842 860 institutum
864 832 911 859 est

136 891 201 912 non
213 883 314 914 solum
326 886 453 923 propter
466 884 631 914 vitandum
643 882 825 913 scandalum
837 891 910 912 con-

136 934 270 973 fitentis,
294 936 347 966 sed
367 936 464 966 etiam
483 946 577 967 causa
596 937 633 975 (a)
653 936 799 966 Ecclesiae
815 936 910 965 totius

136 988 266 1018 unitatis
295 999 302 1018 τ
327 998 404 1028 ergo
432 992 726 1028 quantumcumque
757 989 908 1018 confitens

134 1039 227 1077 velit,
248 1041 274 1070 si
289 1041 418 1080 revelet,
440 1042 663 1081 praejudicium
683 1042 739 1072 toti
762 1040 908 1072 Ecclesiae

134 1092 207 1124 facit
221 1104 227 1124 ε
246 1103 326 1132 ergo
347 1104 411 1125 non
428 1097 529 1134 potest
544 1096 583 1125 ab
598 1104 635 1125 eo
650 1095 816 1125 licentiarI.

175 1146 252 1177 Item
268 1147 411 1186 sigillum
426 1148 509 1179 istud
524 1149 704 1179 institutum
720 1150 766 1178 est
781 1150 909 1188 propter

135 1201 318 1232 scandalum
331 1202 495 1232 vitandum
508 1213 515 1232 :
530 1202 583 1232 sed
599 1202 625 1232 si
636 1201 708 1241 quis
720 1201 838 1231 revelat
854 1211 909 1241 per

135 1254 308 1293 licentiam,
330 1257 432 1294 potest
453 1256 597 1285 suscitari
619 1255 703 1285 idem
725 1255 908 1285 scandalum

135 1307 219 1346 quod
240 1307 308 1338 sine
330 1308 470 1345 licentia,
493 1309 569 1348 quia
589 1309 742 1338 confitens
758 1308 911 1347 poenitere

135 1362 239 1400 posset
253 1361 291 1391 de
302 1361 428 1391 licentia
442 1361 525 1399 data,
538 1363 567 1391 et
578 1361 741 1400 imponere
757 1361 911 1391 sacerdoti

135 1414 338 1445 confessionis
363 1415 589 1445 revelationem
617 1426 622 1445 ι
649 1416 679 1444 et
700 1423 773 1444 cum
795 1414 910 1444 habeat

131 1467 287 1506 judicium
302 1477 359 1507 pro
374 1468 487 1507 seipso,
503 1471 607 1507 posset
624 1467 707 1497 idem
724 1467 908 1497 scandalum

134 1520 298 1558 concitari,
315 1521 398 1560 quod
415 1524 445 1551 et
459 1521 528 1551 sine
544 1520 679 1550 licentia.

173 1573 262 1612 Item,
280 1574 306 1604 si
320 1573 472 1604 licentiari
489 1576 632 1613 possunt,
651 1582 730 1612 ergo
744 1582 818 1603 cum
833 1573 909 1603 mali

133 1628 164 1657 et
178 1626 267 1666 impii
277 1627 452 1658 sacerdotes
463 1628 591 1666 possent
604 1626 800 1666 praetendere
812 1626 908 1656 licen-

133 1679 209 1709 tiam
228 1679 287 1710 sibi
309 1680 432 1715 datam,
452 1679 614 1710 videretur
628 1683 721 1717 tunc,
743 1680 827 1719 quod
848 1680 908 1710 sub

132 1732 192 1762 hoc
201 1733 295 1772 pallio
305 1733 536 1764 confessionem
547 1733 678 1772 impune
689 1733 830 1764 revelare
839 1742 909 1772 pos-

133 1787 203 1816 sent
219 1797 225 1816 :
242 1786 296 1817 sed
309 1787 370 1817 hoc
387 1788 432 1817 cst
446 1786 671 1817 inconveniens
688 1797 695 1816 ι
712 1795 801 1825 ergo,
818 1789 876 1816 etc.

173 1839 287 1870 Contra
304 1851 310 1870 :
331 1839 446 1871 Celatio
469 1839 672 1870 confessionis
695 1841 742 1869 est
762 1839 794 1869 in
816 1840 908 1870 favo-

132 1901 200 1922 rem
223 1893 399 1923 confitentis
419 1903 426 1923 z
451 1893 505 1923 sed
523 1892 654 1931 quilibet
675 1894 776 1931 potest
798 1893 907 1923 cedere

130 1945 198 1984 juri
211 1945 246 1984 (b)
262 1954 336 1983 suo3
353 1955 433 1984 ergo
446 1947 544 1985 potest
556 1946 708 1976 confitens
722 1945 796 1976 dare
809 1945 904 1976 licen-

133 1997 209 2028 tiam
223 1998 396 2029 revelandi.

172 2051 250 2082 Item
265 2052 320 2092 qui
336 2054 437 2092 potest
455 2052 559 2082 dicere
575 2054 739 2092 peccatum
754 2061 810 2092 per
824 2053 906 2092 seip-

131 2113 214 2142 sum,
230 2106 331 2144 potest
345 2114 402 2144 per
415 2104 608 2136 sacerdotem
619 2105 674 2136 alii
687 2106 839 2136 sacerdoti
855 2105 906 2136 de-

131 2157 253 2188 nudare
271 2168 277 2188 z
294 2166 374 2196 ergo
389 2159 419 2188 et
434 2167 490 2198 per
502 2158 606 2198 ipsum
623 2158 676 2188 alii
691 2158 841 2189 revelare.

173 2210 250 2241 Item
271 2210 356 2250 quod
374 2210 488 2241 dicitur
509 2211 631 2241 homini
642 2236 650 2249 ,
667 2213 703 2242 ut
717 2211 854 2249 homini,
872 2212 905 2243 in

131 2273 207 2294 casu
226 2263 314 2302 utili,
340 2265 441 2303 potest
462 2265 494 2294 et
515 2263 606 2294 dvbet
628 2264 668 2295 ab
690 2273 727 2295 eo
749 2265 809 2295 dici
827 2276 832 2295 :
851 2266 904 2296 sed

131 2317 282 2348 confitens
298 2316 354 2357 qui
374 2317 448 2347 dicit
462 2317 633 2347 confessori
653 2319 688 2348 ut
707 2317 784 2355 Deo,
804 2320 904 2358 potest

131 2369 234 2400 dicere
248 2371 283 2400 ut
296 2369 437 2400 homini:
452 2379 531 2409 ergo
544 2372 645 2410 potest
660 2370 735 2401 dare
746 2371 902 2402 licentiam

133 2424 292 2455 revelandi
306 2423 368 2455 alii.

169 2504 174 2516 ¹
190 2504 229 2533 Cf.
247 2504 316 2528 Alex.
331 2504 426 2534 Mens„
441 2512 466 2535 p.
484 2505 525 2534 IV,
541 2512 565 2535 q.
580 2510 634 2534 xlx,
649 2505 757 2536 membr,
776 2507 799 2529 2.
817 2508 862 2530 art.
882 2508 903 2537 ¹,

135 2539 149 2568 ξ
166 2540 191 2568 ¹3
208 2540 234 2563 S.
249 2540 350 2571 Thom.‚
365 2540 391 2563 in
405 2539 493 2570 Suppl.
509 2547 533 2570 p.
550 2541 594 2570 Ill,
609 2547 634 2571 q.
650 2546 687 2569 xl,
705 2542 752 2564 art.
771 2542 798 2570 4;
815 2541 902 2571 steph.

237 2699 310 2722 Tou.
333 2699 378 2722 Vl.

1677 190 1735 219 113

1005 245 1081 276 ltem
1096 248 1217 277 constat
1236 249 1318 288 quod
1334 250 1479 290 superior
1492 252 1593 290 potest
1611 253 1735 285 mittere

963 299 1002 329 ad
1018 298 1211 337 inferiorem,
1228 302 1258 330 et
1273 303 1492 334 auctoritatem
1503 304 1686 336 absolvendi
1696 307 1735 337 ab

963 352 1069 392 aliquo
1086 355 1212 392 peccato
1228 356 1349 384 enormi
1369 356 1397 386 ei
1418 357 1560 395 praebere
1578 369 1584 388 z
1601 358 1655 388 sed
1676 358 1736 389 hoc

964 415 1027 436 non
1042 407 1162 445 posset,
1178 405 1240 436 nisi
1255 410 1359 446 posset
1378 418 1434 448 per
1448 410 1644 441 voluntatem
1659 420 1733 442 con-

964 459 1081 489 fitentis
1095 462 1258 498 peccatum
1273 460 1325 490 alii
1340 463 1482 493 revelare
1498 475 1504 494 2
1522 473 1611 504 ergo,
1628 468 1686 496 etc.

1239 575 1463 609 CONCLUSIo.

967 664 1097 698 Confitens
1109 667 1199 699 potest
1216 666 1355 694 licentiore
1370 669 1555 700 consessorem,
1570 672 1599 697 ut
1612 679 1660 698 sua
1672 680 1735 707 pec-

1000 711 1061 734 cata
1079 709 1162 742 dicat,
1180 711 1285 744 quando
1304 711 1372 743 facit
1394 720 1453 738 eum
1472 715 1596 741 nuntium
1612 717 1641 742 in
1658 724 1735 751 casu,

1002 754 1029 779 in
1044 761 1094 787 quo
1109 761 1161 780 non
1175 755 1302 781 timeatur
1313 755 1486 788 scandalunm
1500 759 1566 791 quia
1577 760 1602 785 si
1615 761 1738 787 scandali

1001 797 1148 830 periculum
1162 797 1245 830 adsit,
1261 806 1313 825 non
1328 799 1400 826 debet
1415 808 1548 828 accusare.

1006 885 1098 925 Resp.
1110 886 1148 917 ad
1160 896 1230 926 arg.
1242 887 1413 918 Dicendum
1422 890 1517 929 quod,
1528 890 1608 921 sicut
1619 891 1737 923 dictum

965 940 1026 976 est,
1043 939 1186 970 sacerdos
1201 949 1266 970 non
1281 941 1372 972 debet
1386 945 1514 982 propter
1529 944 1604 982 duo,
1623 945 1739 976 scilicet

965 992 1040 1031 quia
1054 993 1143 1022 novit
1159 993 1262 1023 solum
1281 996 1317 1024 ut
1332 994 1428 1033 Deus,
1450 998 1481 1025 et
1495 996 1610 1027 iterum
1625 1007 1664 1029 ne
1679 1008 1738 1038 po-

965 1044 1076 1083 pulum
1098 1045 1300 1085 scandalizet,
1325 1048 1375 1078 vel
1397 1050 1491 1078 eliam
1511 1050 1618 1089 ipsum
1640 1052 1736 1081 confi-

966 1100 1093 1128 tentem.
1115 1098 1153 1129 Et
1166 1100 1240 1139 quia
1255 1102 1406 1132 confitens
1427 1104 1526 1142 potest
1540 1104 1640 1135 facere
1655 1106 1739 1145 quod

966 1151 1031 1190 ipse
1047 1153 1136 1183 novit
1150 1157 1185 1183 ut
1201 1153 1312 1192 homo7
1330 1156 1455 1194 quando
1476 1157 1547 1187 facit
1562 1167 1636 1189 eum
1651 1168 1738 1190 nun-

966 1205 1061 1242 tium,
1086 1208 1185 1245 potest
1205 1215 1279 1237 eum
1294 1207 1453 1239 licentiare
1474 1211 1506 1240 in
1521 1220 1610 1249 casu,
1628 1212 1659 1241 in
1675 1222 1739 1252 quo

966 1266 1030 1287 non
1042 1257 1172 1288 timetur
1188 1261 1366 1298 periculum
1382 1263 1530 1300 scandali,
1545 1265 1625 1295 sicut
1637 1268 1740 1296 osten-

967 1309 1045 1340 dunt
1068 1311 1206 1341 rationes
1228 1313 1364 1343 secundo
1387 1315 1534 1347 inductae.
1555 1317 1612 1347 Ubi
1632 1321 1738 1349 autem

966 1363 1143 1402 pericnlum
1168 1365 1305 1396 scandali
1331 1367 1534 1407 formidatur,
1565 1374 1737 1409 qnantum-

966 1425 1104 1456 cumque
1119 1419 1274 1457 poenitens
1292 1420 1429 1452 licentiat
1444 1424 1651 1463 sacerdotem,
1674 1435 1738 1456 non

965 1470 1057 1500 debet
1070 1472 1214 1502 sacerdos
1227 1482 1398 1504 assumere.
1416 1474 1503 1505 Tunc
1516 1479 1622 1508 antem
1639 1481 1739 1517 potest

966 1523 1070 1554 timeri
1087 1525 1264 1563 periculum
1279 1527 1431 1564 scandali,
1453 1530 1579 1568 quando
1597 1531 1740 1569 probabi-

964 1575 1035 1606 liter
1050 1577 1148 1616 possit
1167 1578 1295 1617 conjici,
1313 1581 1396 1619 quod
1412 1583 1556 1613 sacerdos
1570 1584 1739 1615 confessio-

964 1638 1038 1659 nem
1054 1639 1145 1660 suam
1164 1631 1326 1662 revelavit.
1351 1632 1438 1664 Unde
1454 1635 1476 1664 si
1492 1635 1574 1666 dicat
1588 1638 1671 1676 quod
1687 1637 1740 1667 alii

964 1683 1078 1713 reserat
1092 1686 1272 1722 peccatum,
1291 1685 1382 1716 debet
1396 1687 1461 1726 ipse
1477 1689 1621 1720 sacerdos
1635 1692 1737 1730 poeni-

963 1738 1082 1767 tentem
1104 1746 1199 1767 suum
1221 1740 1428 1779 constituere,
1450 1751 1514 1772 non
1534 1753 1567 1774 se
1587 1746 1738 1776 nuntium

963 1788 1074 1826 facerej
1087 1790 1171 1820 etsie
1186 1790 1306 1822 vitatur
1318 1793 1512 1833 scandalum,
1528 1798 1559 1826 et
1572 1806 1637 1827 non
1650 1807 1738 1829 rum-

962 1842 1049 1880 pitur
1072 1843 1215 1882 sigillum
1239 1845 1454 1877 confessionis.
1480 1848 1518 1879 Et
1540 1849 1737 1890 intelligatur

962 1894 1021 1925 hoc
1049 1905 1122 1925 cum
1149 1896 1202 1926 illa
1227 1898 1370 1936 generali
1394 1902 1626 1941 suppositione,
1652 1905 1736 1944 quod

962 1950 1124 1987 peccatum
1142 1948 1275 1988 alicujus
1289 1950 1367 1981 nulli
1387 1954 1432 1982 est
1452 1954 1734 1995 manifestandum,

961 2001 1022 2031 nisi
1038 2002 1066 2031 ei
1082 2002 1137 2041 qui
1153 2003 1251 2041 possit
1270 2004 1430 2043 prodesse,
1452 2015 1510 2037 nec
1525 2009 1601 2039 velit
1614 2010 1733 2042 obesse.

960 2053 1154 2093 Intelligitur
1176 2056 1272 2086 etiam
1293 2056 1354 2087 hoc
1375 2058 1412 2088 de
1434 2061 1566 2098 peccatis
1586 2064 1732 2103 propriis,

961 2116 1026 2137 non
1047 2108 1086 2138 de
1111 2108 1232 2139 alienis,
1258 2108 1339 2140 Nam
1363 2111 1465 2143 aliena
1486 2117 1612 2153 peccata
1632 2116 1734 2148 dicere

961 2168 1024 2190 non
1053 2162 1172 2199 potest,
1207 2171 1310 2202 neque
1335 2163 1426 2195 debet
1453 2167 1608 2205 poenitens
1637 2169 1733 2200 alicui

961 2213 1173 2250 committere,
1195 2214 1257 2244 nisi
1274 2215 1352 2245 forte
1372 2217 1405 2247 in
1427 2227 1517 2257 casu,
1536 2220 1569 2250 in
1589 2230 1654 2261 quo
1668 2223 1734 2262 ipse

960 2266 1087 2297 deberet
1100 2267 1204 2297 dicere
1223 2278 1229 2297 ;
1251 2270 1281 2298 et
1298 2269 1412 2300 melius
1430 2280 1485 2310 per
1502 2273 1617 2311 alium,
1636 2285 1733 2315 quam

960 2328 1016 2358 per
1033 2328 1080 2357 se,
1096 2322 1198 2359 potest
1212 2320 1331 2351 bonum
1346 2322 1430 2354 illius
1446 2333 1633 2366 procurare,
1648 2338 1730 2359 sem-

960 2380 1015 2411 per
1031 2372 1171 2402 adhibita
1185 2373 1320 2412 cautela,
1343 2377 1378 2405 ut
1396 2385 1436 2407 ex
1449 2377 1508 2408 hoc
1523 2388 1588 2410 non
1601 2382 1729 2412 scanda-

959 2423 1070 2455 lizetur
1085 2424 1232 2456 Ecclesia.
1248 2426 1286 2457 Et
1298 2427 1342 2458 sic
1356 2431 1464 2468 patent
1478 2431 1609 2471 obJecta.

963 2505 1065 2535 Brulef„
1089 2506 1118 2529 tv
1140 2506 1219 2535 Sem„
1240 2507 1296 2532 dist.
1315 2515 1378 2539 ΧΠ,
1397 2517 1422 2540 q.
1437 2516 1480 2541 X1;
1504 2513 1578 2537 Gahr.
1604 2515 1676 2545 niel„
1698 2517 1727 2539 IV

959 2541 1036 2570 Sem„
1053 2540 1109 2564 dist.
1126 2547 1180 2572 XXI,
1195 2549 1219 2572 q.
1235 2548 1252 2572 1,
1269 2544 1327 2568 dub.
1345 2546 1406 2568 4.—
1421 2547 1455 2576 (a)
1467 2547 1509 2571 Al.
1522 2548 1587 2572 deest
1603 2558 1685 2574 causa.
1700 2565 1729 2568 —

961 2575 995 2605 (b)
1010 2576 1065 2605 lay.
1083 2576 1114 2599 tle
1130 2576 1193 2606 jure.

1754 1123 1856 1145 Sacerdos

1754 1158 1823 1182 polest

1754 1188 1852 1208 consessi-

1754 1225 1815 1239 onem
1827 1226 1860 1240 re·

1754 1250 1825 1270 velare
1832 1251 1859 1271 de

1755 1281 1839 1301 licentia

1755 1314 1858 1339 poeniten-
