1991 3006
22 736 118 762 Explica.

513 180 610 211 DIST.
634 177 738 209 xxiv.
762 175 877 207 PART.
903 173 939 203 ll.
965 174 1053 204 ART.
1079 175 1100 205 l.
1127 175 1276 212 QUAEsT.
1303 175 1352 204 IV.

134 254 241 282 tamen
257 249 283 279 si
298 248 401 286 vellet,
420 247 556 287 incipere
570 247 674 286 posset
691 254 709 274 a
725 241 902 284 posteriori,

134 304 205 334 licet
219 302 337 332 nonita
352 301 491 331 ordinate
504 309 510 329 :
528 299 571 328 sic
586 299 619 327 in
634 296 798 327 ordinibus
813 303 904 334 opor-

134 358 179 386 tet
208 355 355 393 intelligi.
383 354 461 383 Cum
484 352 569 382 enim
593 351 719 381 ordines
744 347 906 378 inferiores

137 409 314 439 ministrent
324 406 428 443 sacris,
446 407 475 435 et
489 405 568 435 sacri
583 404 709 434 ordines
725 401 906 432 ministrent

137 461 327 497 sacerdotio,
352 462 381 490 et
403 459 533 488 inferior
557 457 676 496 gradus
700 456 785 496 prior
810 455 849 484 sit
873 454 907 483 in

138 513 347 548 ascendendO,
368 513 398 542 et
419 512 555 550 potestas
575 508 785 540 ministerialis
803 507 842 537 sit
856 507 905 536 in-

138 568 251 604 ferior,
266 567 351 605 patet
365 564 449 604 quod
471 564 515 593 ibi
538 565 584 594 est
607 563 703 599 orde,
721 570 785 591 non
801 563 906 590 tamen

139 619 348 656 necessitatis,
387 617 539 656 quoniam
573 617 740 655 potestates
773 614 907 644 diversze

140 675 230 711 sunt,
254 674 285 702 et
306 680 362 711 per
377 671 492 710 seipsas
513 669 649 700 obtineri
665 670 696 698 et
711 667 819 698 haberi
835 675 906 706 pos-

140 727 224 763 sunt,
250 725 320 754 licet
344 733 408 753 non
431 723 474 753 ita
498 723 632 762 persecte
655 721 723 751 sine
748 720 828 750 aliis.
858 719 910 749 Est

140 778 240 817 igitur
254 777 330 807 ordo
343 776 377 806 in
392 776 442 806 his
457 775 610 814 gradibus
625 774 798 804 secundum
812 773 911 811 majo-

140 840 208 861 rem
223 839 382 861 accessum
399 829 435 859 ad
452 829 602 859 ultimum
620 827 755 866 gradum
769 850 776 863 ,
794 826 910 856 scilicet

140 883 361 914 sacerdotium.
376 881 464 912 Unde
474 881 577 921 primo
588 881 684 911 homo
697 879 910 910 introducitur

141 938 173 967 in
189 937 352 967 ecclesiam
366 945 421 975 per
436 935 619 971 ostiarium,
636 934 783 970 secundo,
802 942 911 962 manu-

140 991 265 1021 ducitur
291 998 346 1028 per
371 989 518 1018 lectorem
547 986 794 1026 Prophetarum3
819 986 911 1015 tertio

140 1043 311 1082 adjuvatur
334 1051 390 1081 per
415 1040 604 1071 exorcistam
618 1064 624 1075 ‚
650 1041 685 1069 ut
714 1039 866 1069 liberetur
894 1047 912 1068 a

141 1097 241 1134 malm
269 1097 383 1136 quarto
407 1095 562 1124 excitatur
587 1103 643 1133 per
671 1093 852 1132 acolytum,
876 1095 912 1122 ut

141 1149 283 1189 proficiat
297 1148 330 1177 in
345 1148 444 1185 bouo3
461 1147 573 1177 deinde
591 1148 664 1177 sunt
680 1146 732 1176 alii
748 1146 809 1176 duo
824 1146 912 1176 ordi-

141 1212 212 1240 nes,
235 1202 289 1242 qni
316 1201 495 1232 ministrant
520 1199 671 1230 sacerdoti
698 1200 731 1229 in
754 1199 913 1230 oblatione

142 1256 296 1293 sacrificii,
315 1255 351 1285 Et
365 1254 409 1284 sic.
422 1256 516 1293 patet,
533 1253 617 1293 quod
632 1254 677 1282 est
692 1252 735 1282 ibi
751 1253 828 1283 ordo
844 1262 914 1283 con-

142 1308 309 1347 gruitatis,
326 1316 392 1338 non
414 1306 616 1336 necessitatis.
641 1305 704 1336 Nec
726 1306 831 1336 valent
852 1305 913 1335 itlae

143 1362 279 1392 rationes
299 1361 331 1390 in
346 1359 541 1390 contrarium
561 1359 597 1388 de
621 1358 774 1389 exorcista
791 1353 828 1389 et
841 1368 912 1389 aco-

143 1416 219 1455 lyto,
239 1423 294 1454 pro
310 1423 347 1444 eo
362 1413 444 1453 quod
460 1422 570 1443 omnes
586 1412 713 1442 ordines
729 1414 913 1452 potestatem

144 1467 340 1507 spiritualem
362 1466 485 1501 dicunt,
502 1468 532 1495 ct
554 1474 610 1504 pro
626 1474 662 1495 eo
676 1465 760 1504 quod
780 1466 914 1495 eruditio

143 1520 291 1560 praecedit
306 1519 521 1549 liberationem
541 1527 559 1547 a
574 1517 657 1547 malo
678 1527 685 1547 z
709 1519 739 1547 et
755 1517 823 1547 ideo
838 1527 913 1548 con-

144 1573 318 1604 cedendum
333 1574 398 1609 est,
415 1571 498 1610 quod
514 1571 553 1600 sit
574 1571 617 1600 ibi
638 1570 714 1600 ordo
734 1570 765 1600 iu
785 1571 915 1601 charae<

143 1627 274 1664 teribuS,
287 1626 340 1656 sed
355 1634 419 1655 non
435 1627 480 1655 est
492 1625 568 1655 ordo
582 1624 766 1654 essentialis.
783 1624 869 1654 Sicut
883 1625 914 1654 in

147 1679 310 1709 elementis
324 1678 400 1709 ordo
417 1680 474 1715 est,
493 1679 600 1707 tamen
618 1677 765 1707 ultimum
782 1677 916 1707 elemen-

144 1735 227 1770 tum,
243 1733 311 1763 sive
325 1732 438 1769 littera,
457 1733 529 1761 ante
544 1731 637 1760 scribi
653 1733 771 1770 potest,
787 1740 859 1761 cum
876 1731 916 1761 sit

146 1786 248 1826 prima
269 1785 389 1821 littera,
407 1785 519 1815 ultima
543 1784 652 1814 ordine
673 1784 860 1822 retrograrb
884 1783 916 1814 in

146 1839 309 1870 scribendo
322 1849 329 1875 ;
346 1838 400 1868 sed
415 1840 520 1867 tamen
534 1837 677 1867 ordinate
691 1837 856 1867 scribendo
871 1839 917 1866 est

147 1893 249 1932 primo
264 1892 379 1931 scripta
393 1902 399 1921 z
417 1891 461 1920 sic
473 1893 502 1920 et
516 1890 640 1920 ordines
658 1892 788 1928 possunt
800 1891 916 1930 suscipi

147 1944 372 1981 descendendo,
391 1943 458 1973 sive
471 1943 704 1973 retrocedendo.

190 2001 216 2028 1.
240 1997 288 2028 Ad
304 1997 381 2027 illud
403 2005 482 2034 ergo
506 1996 589 2035 quod
614 1995 762 2034 objicitur
782 1996 819 2025 de
840 1996 916 2036 bup-

149 2050 257 2087 tismo,
274 2048 441 2079 dicendum
457 2048 541 2087 quod
556 2057 618 2077 non
633 2050 680 2078 est
698 2048 818 2086 simile;
837 2058 915 2088 quo-

148 2103 247 2140 niam,
264 2102 345 2132 sicut
359 2104 478 2131 tactum
499 2101 537 2140 (a)
552 2101 611 2131 fuit
627 2110 723 2140 supra
737 2102 768 2131 ln
786 2104 918 2133 tractatu

149 2156 186 2187 de
203 2157 412 2195 Baptismate,
429 2157 459 2185 tt
476 2155 505 2184 in
520 2154 655 2185 Concilio
671 2155 754 2194 apud
767 2154 918 2195 Compen-

148 2209 236 2240 dium
265 2212 273 2227 ¹
301 2208 546 2239 determinatum
582 2208 640 2237 fuit
652 2231 660 2244 ,
694 2211 723 2237 et
757 2209 918 2239 decretalis

151 2262 319 2292 lnnocentii
337 2262 373 2291 de
390 2261 573 2300 presbytero
591 2270 653 2290 non
669 2261 824 2300 baptizato
840 2271 917 2291 con-

151 2315 265 2352 firmat,
280 2315 459 2354 Baptismus
469 2317 515 2344 est
527 2314 768 2344 fundamentum
781 2317 920 2354 etjziuua

150 2369 295 2399 omnium
309 2369 578 2398 sacramentorum
595 2378 600 2397 ι
619 2369 649 2397 et
664 2367 827 2406 quoniam,
845 2369 919 2398 t'un-

151 2420 297 2452 damento
314 2430 379 2451 non
398 2421 571 2457 existente,
594 2420 672 2449 nihil
689 2423 788 2460 potest
807 2431 918 2461 super-

152 2474 310 2512 aediticari,
328 2475 397 2505 ideo
412 2475 573 2505 character
588 2474 734 2513 baptismi
750 2474 827 2504 alios
842 2484 921 2514 prze-

152 2526 232 2557 cedit
247 2527 401 2558 essentiali
416 2528 526 2558 ordine
542 2537 549 2558 :
566 2536 632 2557 non
648 2527 691 2557 sic
705 2527 736 2557 in
752 2527 831 2557 aliis.

187 2609 192 2623 ¹
207 2608 280 2631 Cone.
297 2607 427 2637 Compend.
451 2615 510 2632 aun.
528 2609 580 2636 756,
596 2607 627 2630 al.
642 2608 695 2637 7557,
711 2615 755 2631 cau
783 2609 804 2632 9.
816 2609 862 2625 -2
879 2609 918 2638 Cf.

153 2644 178 2666 S.
201 2643 302 2672 Titum„
328 2643 352 2666 in
373 2644 460 2674 Suppl.
481 2651 505 2674 p.
533 2644 578 2673 lll,
603 2650 626 2673 q.
652 2650 754 2673 xxxvii,
778 2647 825 2667 art.
851 2647 876 2673 LJ;
897 2647 918 2667 et

1674 179 1729 207 173

1001 243 1030 271 ἰ).
1062 241 1108 272 Ad
1130 241 1208 272 illud
1229 241 1310 280 quod
1335 241 1480 279 objicitur
1504 240 1542 271 de
1566 242 1727 279 numeris,

962 294 1130 325 dicendum
1160 295 1244 333 qnod
1268 303 1330 324 nou
1359 296 1404 323 est
1433 293 1554 331 simile,
1580 295 1731 334 quoniam

963 356 1116 378 numerus
1140 357 1274 387 sequens
1296 347 1390 377 habet
1410 347 1639 386 praecedentem
1655 357 1731 387 par—

964 402 1025 430 tem
1046 401 1095 431 sui
1110 412 1117 438 3
1135 401 1189 431 sed
1206 410 1269 430 uon
1289 400 1333 430 sic
1354 400 1473 438 gradus
1489 410 1624 440 sequens
1639 401 1734 432 habet

964 454 1192 491 praecedentem
1209 455 1330 492 pzwtem
1345 453 1413 485 sui,
1434 453 1485 483 sed
1507 456 1542 483 ut
1564 453 1733 493 disponen-

964 508 1028 536 tem
1045 507 1082 538 de
1098 516 1253 546 congruo.

1005 562 1033 590 3.
1058 561 1105 591 Ad
1127 560 1203 590 illud
1223 559 1306 598 quod
1328 559 1491 599 objicitur,
1509 560 1592 599 quod
1608 570 1647 590 ex
1663 561 1732 600 plu-

965 613 1053 644 ribus
1067 613 1287 644 differentibus
1301 623 1366 643 non
1381 613 1417 643 fit
1432 622 1532 643 unum
1543 638 1550 650 ,
1567 614 1735 644 dicendum

965 667 1050 706 quod
1078 676 1191 697 verum
1215 669 1261 697 est
1286 667 1370 706 quod
1398 675 1460 696 non
1488 668 1522 696 fit
1551 676 1654 697 unum
1681 677 1736 707 per

966 720 1154 757 essentiam;
1172 721 1206 750 tit
1229 725 1335 750 tamen
1359 729 1461 749 uuum
1484 722 1734 758 sacramentum,

966 781 1037 812 quae
1062 775 1107 803 est
1132 773 1238 803 unitas
1262 773 1293 803 in
1317 773 1550 812 comparatione
1574 773 1613 803 ad
1636 782 1738 803 unum

967 827 1158 865 signandum
1174 828 1308 866 perfecte
1327 838 1333 857 2
1357 829 1386 857 et
1403 829 1637 857 sacramentum
1653 827 1736 857 ordi-

966 879 1016 909 nis
1043 889 1108 910 non
1132 880 1227 910 habet
1254 879 1437 909 omnimode
1465 880 1620 910 unitatem
1643 880 1739 911 abso-

967 933 1085 970 lutam,
1103 934 1156 963 sed
1179 943 1233 972 per
1256 933 1525 972 comparationem
1547 944 1553 963 z
1580 933 1618 963 ad
1643 943 1738 973 quam

968 986 1121 1016 unitatem
1145 985 1396 1016 constituendam
1419 995 1483 1016 non
1497 987 1669 1026 requiritur
1690 996 1738 1017 es-

969 1039 1108 1069 sentialis
1123 1039 1329 1078 dependentia
1348 1039 1378 1068 in
1394 1039 1547 1079 partibus,

1009 1094 1027 1121 4
1042 1094 1073 1122 et
1088 1094 1117 1122 5.
1141 1092 1188 1122 Ad
1205 1092 1256 1122 illa
1278 1101 1350 1131 quae
1374 1093 1569 1131 objiciuntur
1584 1092 1627 1122 ibi
1643 1093 1675 1122 in
1692 1093 1740 1123 ul-

969 1146 1045 1175 timo
1061 1145 1098 1175 de
1121 1146 1203 1175 saltu
1219 1148 1249 1175 et
1270 1145 1308 1175 de
1328 1145 1447 1184 gradu,
1465 1145 1634 1176 dicendum
1657 1146 1741 1186 quod

968 1197 1030 1228 11]ae
1045 1198 1117 1228 duae
1133 1199 1271 1228 rationes
1288 1198 1323 1238 (b)
1339 1199 1508 1229 ostendunt
1523 1199 1607 1238 quod
1622 1208 1683 1229 non
1700 1200 1739 1229 sit

969 1251 1013 1281 ibi
1034 1251 1095 1280 nisi
1121 1251 1197 1281 ordo
1214 1251 1440 1290 congruitatis,
1457 1255 1613 1292 quantum
1638 1254 1684 1282 est
1704 1252 1742 1282 de

969 1304 1151 1342 integritate
1169 1305 1381 1334 sacramenti:
1408 1307 1453 1334 est
1479 1307 1584 1335 tamen
1608 1305 1649 1335 ibi
1665 1305 1742 1335 ordo
1774 1327 1776 1331 .

971 1357 1164 1387 necessitatis
1176 1381 1185 1394 ,
1218 1360 1372 1396 quantum
1403 1360 1449 1387 est
1481 1358 1520 1388 de
1547 1358 1742 1396 obligatione

971 1410 1137 1449 praecepti,
1155 1419 1218 1449 qua
1233 1411 1304 1449 quis
1325 1413 1449 1441 tenetur
1470 1411 1612 1441 ordinate
1629 1420 1742 1441 ascen-

971 1465 1083 1500 dendo,
1100 1474 1163 1495 non
1178 1466 1318 1495 saltando
1337 1466 1486 1495 ordinari.

1232 1579 1411 1618 QuAEsrw
1435 1580 1485 1611 iv.

1010 1660 1100 1686 Utrum
1120 1661 1255 1688 character
1274 1663 1446 1696 imprimatur
1465 1663 1493 1688 in
1512 1663 1648 1695 unctione,
1671 1671 1707 1688 an

1175 1706 1262 1739 potius
1282 1707 1311 1732 in
1330 1706 1511 1733 benedictione
1528 1705 1547 1731 ².

1013 1785 1144 1822 Quando
1161 1785 1361 1825 imprimatur
1384 1786 1545 1816 character
1564 1786 1597 1815 in
1611 1786 1743 1816 diversi,-

973 1838 1151 1875 ordinibus;
1165 1842 1195 1869 et
1210 1848 1283 1869 cum
1298 1839 1331 1869 in
1344 1839 1509 1869 ordinibus
1524 1840 1564 1869 sit
1579 1840 1638 1869 ista
1652 1840 1744 1879 quili—

973 1901 1034 1931 que
1058 1892 1205 1930 reperiri,
1229 1894 1336 1931 utpote
1357 1892 1390 1921 in
1410 1893 1520 1922 ordine
1541 1893 1742 1928 sacerdotali,

973 1945 1088 1975 scilicet
1117 1945 1385 1981 benedictionem,
1414 1945 1647 1982 inunctionem,
1675 1954 1743 1975 ma-

973 2007 1072 2028 nnum
1092 1998 1341 2037 impositionem,
1363 2001 1394 2028 et
1415 1998 1548 2037 alicujus
1571 1999 1744 2038 porrectio-

974 2060 1046 2080 nem
1066 2051 1108 2088 (ut
1125 2050 1208 2088 libri,
1224 2050 1274 2081 vel
1290 2051 1388 2087 vasis,
1408 2051 1457 2081 vel
1471 2051 1588 2090 clavis),
1611 2054 1642 2082 et
1656 2052 1744 2082 verbi

973 2104 1220 2143 expressionem,
1239 2103 1393 2143 quaerilur
1412 2104 1445 2134 in
1462 2114 1525 2143 quo
1540 2104 1676 2134 istorum
1691 2105 1746 2135 fiat

974 2158 1162 2187 ‹zharacteris
1192 2157 1368 2197 impressio.
1399 2157 1437 2187 Et
1467 2158 1568 2197 primo
1598 2158 1742 2196 videtur,

974 2212 1057 2250 quod
1074 2220 1137 2241 non
1152 2211 1185 2240 in
1204 2211 1437 2248 lieneisslictione,
1455 2211 1606 2250 quoniam
1622 2221 1746 2252 semper

974 2265 1006 2293 in
1027 2264 1188 2293 ordinibus
1213 2263 1272 2293 fuit
1291 2263 1479 2294 characteris
1506 2264 1689 2304 iinpressio;
1716 2268 1747 2295 et

975 2317 1051 2346 illud
1076 2319 1122 2346 est
1143 2316 1246 2346 ordini
1270 2317 1436 2346 essentiale
1451 2341 1458 2354 ,
1485 2317 1518 2346 in
1542 2326 1605 2356 quo
1632 2318 1745 2357 impri-

975 2370 1071 2399 mitur
1086 2370 1249 2399 character
1269 2380 1275 2399 ;
1298 2370 1348 2399 sed
1372 2370 1544 2400 benedictio
1561 2380 1624 2400 non
1647 2373 1693 2400 cst
1709 2371 1746 2400 de

974 2422 1111 2452 essentia
1133 2422 1302 2460 ordinum,
1329 2432 1402 2453 cnm
1431 2432 1494 2453 non
1521 2423 1648 2461 legatur
1679 2423 1746 2453 talis

977 2494 1007 2517 [V
1024 2494 1102 2523 Seni„
1118 2493 1174 2517 dist.
1189 2499 1259 2523 xxiv,
1276 2501 1300 2524 q.
1318 2499 1347 2523 τι,
1364 2495 1410 2517 art.
1429 2495 1459 2523 3;
1474 2494 1602 2523 Richard„
1620 2494 1650 2517 lV
1665 2495 1744 2523 Seni„

975 2529 1032 2552 dist.
1057 2535 1125 2557 xxw,
1147 2531 1193 2553 art.
1220 2530 1246 2559 4,
1267 2536 1290 2559 q.
1313 2535 1359 2558 111;
1381 2529 1468 2558 steph.
1492 2530 1596 2560 Brulet„
1615 2530 1643 2553 lV
1665 2529 1745 2557 Sene„

976 2564 1032 2588 dist.
1060 2570 1133 2595 xxiv,
1163 2572 1188 2595 q.
1218 2570 1272 2594 xu3
1304 2565 1391 2588 Petrus
1415 2565 1445 2588 de
1471 2565 1582 2594 Tarant„
1609 2565 1639 2588 lV
1667 2564 1746 2592 Sem„

976 2599 1032 2624 dist.
1048 2606 1120 2630 xxw,
1136 2607 1161 2630 q.
1178 2607 1218 2623 xx.

1011 2646 1045 2675 (a)
1060 2646 1121 2668 Caet.
1137 2644 1196 2667 edzt.
1212 2645 1315 2667 factum.
1342 2655 1357 2658 ν·
1376 2643 1404 2673 (b)
1420 2645 1478 2667 Item
1494 2643 1551 2667 adel.
1568 2650 1627 2667 uon.

1761 1806 1863 1827 Fundam.
