1991 3006
810 235 924 265 LIBER
948 233 1126 266 TERTIUS.

169 301 237 341 Ipse
252 301 437 332 reformator
451 302 545 341 pacis,
564 312 656 333 verus
672 303 836 333 mediator.

170 353 232 385 Nos
256 354 371 385 etenim
395 354 433 393 (a)
458 355 553 385 David
580 355 730 396 Patrique
756 353 936 386 reconcilia-

251 407 306 436 vit.

171 458 229 490 Sed
251 462 320 499 post
342 460 547 501 baptismum,
569 472 626 493 nos
641 463 706 493 vita
721 470 854 502 sequens
869 469 938 490 ma-

251 512 376 544 culavit.

406 619 620 652 DISTINCTIO
643 621 704 652 XX.

173 696 247 728 Quod
259 697 313 723 alio
329 697 403 724 modo
417 699 508 732 potuit
524 699 637 726 liberare
651 699 781 726 hominem
799 707 805 725 :
823 701 846 725 ct
860 706 941 733 quare

473 744 563 776 potius
579 744 638 770 isto.

173 823 197 846 Si
213 829 273 847 vero
285 823 417 853 quaeritur,
439 826 524 848 utrum
539 825 586 849 alio
602 825 678 849 modo
695 826 779 856 posset
792 826 858 849 Deus
869 844 876 855 ,
892 827 939 849 etc.

212 883 291 915 Vere
306 894 362 915 nos
377 885 466 916 aliter
482 887 602 917 salvare
618 886 699 917 Deus
714 887 879 926 potuisset,

174 938 234 968 Sed
254 939 366 969 modus
387 939 439 970 hic
459 940 562 970 decuit
584 940 631 979 (b),
653 942 688 970 ut
703 941 823 970 cunctis
843 941 943 970 forma

254 992 373 1022 fuisset.

174 1044 251 1075 Cum
272 1045 332 1075 fuit
352 1045 475 1076 oblatus
496 1046 567 1085 pius
587 1047 717 1085 Agnus,
741 1048 771 1076 et
790 1047 943 1077 immacu-

255 1098 348 1137 latus,

177 1151 280 1192 Seque
292 1152 376 1182 dedit
390 1152 525 1192 pretium
540 1161 596 1192 pro
607 1153 729 1183 cunctis
742 1153 944 1189 sufficienter,

178 1204 288 1235 Eiectis
304 1214 378 1235 vere
395 1206 530 1244 pretium
544 1206 602 1236 fuit
617 1206 797 1236 efficienter,

179 1257 216 1288 Et
231 1257 332 1296 Pater,
349 1260 380 1288 et
394 1258 533 1296 Genitus,
551 1261 582 1289 et
594 1258 689 1289 Judas
704 1259 870 1289 traditione

179 1310 292 1341 Christi
307 1312 514 1350 conveniunt,
535 1313 779 1343 disconveniunt
793 1312 924 1342 ratione.

408 1423 622 1455 DISTINCTIO
645 1423 721 1454 XXI.

214 1501 244 1527 Si
262 1502 290 1528 in
307 1501 408 1528 Christo
424 1501 525 1528 divisio
539 1502 569 1527 in
583 1503 666 1528 morte
680 1502 736 1534 fuit
751 1502 860 1533 animoe,
876 1502 917 1527 vel

327 1547 430 1577 carnis,
448 1554 464 1572 α
484 1546 583 1577 Verbo,
600 1546 641 1572 vel
656 1546 799 1572 amborum.

182 1626 241 1648 Post
253 1624 373 1655 praedicta
383 1624 596 1648 considerandum
610 1626 657 1655 est,
669 1626 752 1648 utrum
764 1625 788 1648 iu
800 1626 891 1653 morte,
903 1627 950 1648 ete.

221 1687 389 1727 Expositus
404 1687 514 1723 morti,
531 1687 650 1718 divisus
666 1697 778 1727 nempe
794 1688 919 1718 videtur

184 1740 328 1771 Exterius
347 1739 504 1777 Christus;
526 1740 636 1770 unitus
656 1742 685 1770 et
700 1741 786 1770 intus
803 1740 950 1771 habetur.

181 1793 316 1834 Spiritus
330 1802 348 1823 a
362 1802 456 1823 carne
471 1802 526 1832 per
540 1795 674 1823 mortem
690 1793 890 1829 dissociatur·y

181 1848 208 1878 A
223 1847 336 1878 deitate
350 1848 455 1877 tamen
470 1848 622 1877 neutrum
638 1855 711 1876 vere
724 1848 897 1886 separatur,

181 1899 258 1930 Cum
274 1909 347 1930 caro
363 1900 519 1935 mortalis,
540 1899 592 1929 sed
608 1909 671 1930 non
687 1899 784 1929 deitas
800 1900 949 1939 patiatur.

400 2005 617 2037 DISTINCTIO
638 2005 730 2036 XXII.

333 2082 363 2109 Sz·
378 2082 494 2109 Christus
508 2083 535 2108 in
550 2083 631 2108 morte
645 2082 701 2114 suit
718 2081 801 2108 homo.

238 2162 283 2186 Hic
298 2162 429 2193 quaeritur,
445 2164 530 2185 utrum
544 2162 568 2185 in
582 2161 623 2185 illo
635 2161 719 2185 triduo
734 2161 831 2190 mortis,
849 2162 896 2184 etc.

223 2219 334 2250 Unitus
346 2219 448 2250 Verbo
464 2218 603 2249 Christus
619 2227 743 2258 semper
754 2217 951 2257 perhibetur.

185 2272 261 2303 Hinc
280 2272 364 2312 quod
383 2272 478 2302 homo
492 2271 551 2302 fuit
564 2271 598 2302 in
610 2271 716 2302 triduo
731 2271 888 2311 plerisque
903 2270 951 2302 vi-

261 2326 353 2356 detur
369 2336 375 2355 :

184 2379 209 2409 A
224 2378 333 2408 multis
347 2378 439 2408 aliter
453 2379 537 2408 recta
550 2376 671 2407 ratione
686 2377 820 2406 tenetur.

184 2430 326 2461 Christus
340 2430 459 2470 ubique
479 2429 538 2460 fuit
557 2429 670 2466 homo,
690 2429 716 2458 si
739 2437 874 2468 persona
895 2437 951 2459 no-

264 2485 362 2519 tetur;

186 2535 245 2566 Sed
260 2535 285 2564 si
303 2537 430 2565 naturas
444 2535 633 2573 distinguas,
651 2535 709 2565 hoc
724 2534 919 2574 reprobetur,

186 2588 245 2619 Sed
263 2589 287 2619 si
303 2589 458 2620 descendit
473 2589 510 2619 de
525 2589 614 2626 coelo‚
631 2589 826 2619 discutietur.

218 2668 253 2698 (α)
268 2669 328 2692 Caee.
341 2668 401 2692 edit.
417 2668 526 2693 euim.—
541 2669 574 2699 (ὁ)
591 2668 652 2693 Coee.
663 2669 721 2693 edit.
731 2668 841 2693 licuit.—
853 2669 880 2699 (c)
894 2669 953 2693 (ἴαν,

187 2703 248 2727 edit.
264 2703 378 2728 habetur.
394 2717 424 2722 ——
440 2704 481 2735 (d)
499 2704 592 2728 Primo.

1703 235 1762 264 645

1203 362 1420 393 DISTINCTIO
1442 362 1547 394 XXIII.

1016 439 1046 466 Si
1064 439 1184 466 Christus
1203 438 1295 465 habuit
1314 438 1403 472 fidem,
1423 446 1513 472 spem,
1535 440 1559 465 et
1578 438 1744 465 charitatem.

1051 523 1112 547 Cum
1129 530 1190 547 vero
1205 530 1281 554 supra
1293 523 1406 547 habitum
1419 523 1458 552 sit,
1470 523 1596 547 Christum
1609 523 1710 554 plenum

1307 558 1400 589 gratia,
1411 560 1458 582 etc.

1036 620 1155 656 Virtus,
1180 630 1243 660 qua
1262 620 1361 651 credis
1380 629 1443 651 non
1466 620 1550 658 visa,
1572 620 1648 651 sides
1664 620 1769 660 perhi-

1076 673 1168 704 betur
1183 675 1232 713 (c).

997 727 1064 764 Quo
1079 728 1190 766 eredis,
1207 728 1258 759 vel
1273 729 1369 768 quod,
1384 729 1409 758 si
1424 729 1595 765 discernaS,
1612 727 1768 764 variatum

997 780 1094 811 Credo
1110 781 1183 818 Deo,
1198 782 1354 822 credoque
1368 782 1478 820 Deum,
1493 782 1564 811 licet
1578 781 1771 817 inveniatur,

997 833 1029 863 Si
1046 843 1109 864 non
1121 835 1221 865 credis
1238 835 1272 865 in
1288 835 1385 872 hunc,
1404 843 1478 864 vere
1493 836 1595 864 totum
1609 833 1772 864 nihilatur.

999 886 1241 927 Formatamque
1263 888 1356 918 fidem
1379 888 1502 918 dilectio
1526 886 1772 923 concomitatur3

1000 939 1145 970 Informis
1161 941 1230 978 fiet,
1247 941 1271 970 si
1287 940 1387 971 dulcis
1401 949 1490 970 amor
1505 939 1695 970 retrahatur.

1001 993 1040 1024 Ut
1056 994 1136 1025 Deus
1149 996 1195 1024 cst
1209 1003 1305 1032 unus,
1320 1003 1423 1024 unum
1439 993 1596 1033 baptisma
1611 993 1773 1031 probatur.

1003 1048 1070 1078 Una
1084 1049 1161 1079 fides
1176 1057 1304 1087 genere,
1322 1057 1386 1087 qua
1401 1048 1540 1078 creditur
1553 1046 1734 1085 accipiatur.

1003 1102 1083 1132 Vera
1098 1102 1175 1132 fides
1189 1102 1285 1132 rebus
1300 1110 1364 1131 non
1381 1100 1458 1131 visis
1472 1099 1704 1139 appropriatur.

1003 1155 1109 1185 PrIma
1119 1154 1158 1193 (d)
1170 1155 1247 1185 fides
1262 1154 1360 1184 veluti
1374 1153 1615 1184 fundamentum
1630 1152 1777 1182 situatur.

1004 1207 1134 1237 Credere
1149 1217 1274 1247 sperare
1290 1207 1457 1247 praecedit,
1474 1206 1554 1236 sicut
1570 1214 1688 1235 amare.

1005 1259 1043 1289 Ut
1057 1261 1162 1290 tamen
1178 1262 1224 1290 est
1240 1260 1356 1297 virtus,
1381 1263 1531 1289 neutrum
1550 1258 1667 1298 poteris
1687 1266 1779 1297 sepa-

1083 1322 1164 1344 rare.

1221 1383 1439 1415 DISTINCTIO
1462 1382 1567 1414 XXIV.

1010 1460 1064 1492 Quo
1076 1460 1151 1486 modo
1168 1460 1348 1493 intelligitur,
1364 1460 1435 1494 quod
1449 1460 1578 1493 scriptum
1595 1460 1632 1485 est
1645 1466 1651 1484 ε
1669 1458 1700 1484 Ut
1714 1466 1779 1484 cum

1042 1505 1146 1531 factum
1163 1504 1256 1538 fuerit,
1272 1504 1404 1537 credatis;
1423 1506 1446 1531 et
1465 1504 1497 1530 de
1511 1503 1574 1536 fidei
1588 1503 1686 1536 objecto
1704 1504 1780 1536 atque

1042 1550 1166 1576 materia.

1024 1629 1068 1652 Hic
1083 1629 1204 1659 quaeritur
1214 1647 1220 1658 ,
1237 1629 1257 1652 si
1274 1628 1336 1652 fides
1351 1630 1449 1652 tantum
1464 1628 1495 1651 de
1509 1634 1559 1651 non
1572 1627 1633 1650 visis
1648 1628 1685 1650 est
1697 1644 1702 1653 ,
1716 1627 1763 1649 etc..

1047 1685 1184 1716 Thomas
1206 1686 1355 1724 tangebat
1374 1694 1518 1721 carnem,
1539 1693 1635 1723 quam
1655 1683 1778 1722 conspi-

1087 1738 1206 1774 ciebat,

1007 1791 1067 1822 Sed
1082 1791 1164 1822 Deus
1179 1791 1310 1822 interius
1326 1791 1359 1820 in
1374 1789 1485 1820 Christi
1501 1798 1595 1819 carne
1610 1789 1738 1825 latebat,

1009 1844 1042 1874 In
1057 1854 1152 1884 quem
1169 1844 1314 1875 credebat
1329 1854 1335 1873 z
1351 1843 1426 1874 visis
1440 1843 1543 1873 invisa
1556 1842 1691 1872 videbat.

1007 1897 1057 1928 Sic
1072 1898 1166 1928 etiam
1187 1897 1298 1927 Petrus
1313 1896 1472 1926 Christum
1494 1896 1552 1926 sub
1571 1904 1664 1925 carne
1680 1895 1777 1925 laten-

1086 1953 1149 1981 tem

1007 2004 1141 2035 Credidit
1162 2013 1228 2034 esse
1251 2003 1364 2040 Deum,
1383 2011 1478 2042 quem
1495 2001 1642 2031 cernebat
1657 2000 1778 2040 patien-

1086 2059 1160 2087 tem.
1298 2048 1301 2051 ⁵

1007 2111 1059 2141 Est
1074 2119 1113 2140 ex
1127 2109 1252 2147 auditu,
1272 2109 1298 2139 si
1312 2108 1460 2148 percipis,
1478 2106 1617 2137 interiori

1007 2163 1076 2203 Ipsa
1092 2163 1169 2193 fides
1182 2162 1325 2202 proprie,
1344 2161 1397 2192 sed
1413 2170 1475 2191 non
1492 2170 1532 2191 ex
1547 2159 1706 2190 exteriori.

1007 2215 1158 2253 Quaedam
1173 2224 1238 2246 non
1250 2214 1350 2245 credis
1365 2214 1431 2244 sine
1445 2213 1548 2243 vivaci
1565 2212 1695 2249 ratione,

1007 2269 1044 2300 Et
1058 2268 1205 2309 quaedam
1219 2267 1327 2298 credas
1343 2267 1409 2297 sine
1423 2268 1505 2296 certa
1522 2265 1714 2304 cognitione.

1204 2371 1462 2404 DISTINCTIO
1493 2370 1589 2401 XXV.

1245 2451 1281 2476 De
1295 2449 1344 2483 fide
1361 2450 1539 2483 antiquorum.

1035 2531 1163 2555 Proedictis
1176 2529 1345 2561 adjiciendum
1360 2531 1398 2553 est
1412 2529 1442 2552 de
1458 2527 1608 2551 sufficientia
1618 2526 1685 2556 fidei,
1702 2528 1750 2550 etc.

1050 2589 1087 2619 Et
1106 2587 1317 2628 praecedentes
1336 2587 1523 2622 adventum,
1550 2584 1616 2615 sive
1639 2592 1776 2623 sequen-

1089 2644 1145 2679 tes,

1012 2696 1076 2726 Non
1092 2697 1165 2726 sunt
1177 2694 1299 2725 salvati.
1318 2693 1376 2723 nisi
1393 2702 1473 2732 puro
1487 2691 1643 2731 sanguine
1658 2689 1737 2721 Nati.
