1991 3006
96 1415 199 1436 Fundam.

218 218 276 248 426
777 213 1084 246 SENTENTIARUM
1103 214 1178 245 LIB.
1200 214 1249 244 IV.

218 292 290 314 rum
306 280 622 322 consanguineorum
645 292 760 314 uxores
784 282 841 313 uni
857 282 926 312 viro
941 281 987 311 al-

218 338 317 366 teram
331 338 399 375 post
415 336 545 366 alteram
556 337 675 368 nubere
692 336 825 376 publicae
842 335 986 365 honesta-

219 388 256 418 tis
267 389 391 427 ¹iustitia
405 388 599 419 contradicit.
620 399 633 416 n

258 445 286 473 3.
299 442 376 473 Item
393 443 526 473 carnalis
541 443 724 473 commixti0
735 443 812 473 adeo
823 442 939 481 Jungit
950 443 985 471 ut

218 496 404 535 propagatio
416 520 424 533 ‚
451 496 535 535 quod
561 498 644 536 patet
661 521 667 534 ‚
701 495 777 534 quia
804 497 928 525 tantum
953 504 985 524 se

217 550 372 587 extendit,
386 552 415 580 et
430 559 485 590 per
510 552 554 580 tot
570 550 688 588 gradus
699 574 708 587 ‚
722 552 752 579 et
771 549 809 579 ad
824 549 900 579 tales
914 548 983 578 des-

217 603 319 633 cendit
333 604 486 641 affinitas,
503 603 541 633 ad
555 613 634 643 quos
651 603 770 641 gradus
788 602 986 642 protenditur

216 657 493 695 consanguinitas,
510 657 625 687 scilicet
645 666 745 696 usqne
769 656 806 686 ad
834 658 984 695 quartum

216 710 364 749 gradum.
381 710 459 741 Cum
474 720 554 749 ergo
568 710 827 749 consanguinitas
848 712 985 740 transeat

216 763 249 794 in
270 764 417 801 alterum,
436 774 514 804 ergo
535 767 565 794 et
589 764 734 794 at'finitas.
754 763 856 793 Minor
880 765 984 802 patet,

216 818 291 857 quia
314 818 339 848 si
367 818 480 858 aliquis
504 818 582 848 mihi
605 820 651 848 est
671 816 929 855 consanguineus
953 816 985 846 in

214 870 318 909 primo
333 871 446 909 gradu⁷
464 873 596 910 generat
612 871 691 901 mihi
707 870 984 909 consanguineum

214 922 246 953 in
262 924 398 954 secundo
420 935 426 954 ε
444 933 536 963 ergo,
553 927 611 955 etc.

253 980 283 1007 4.
301 976 378 1007 Item
389 986 483 1008 omne
495 978 598 1007 siuille
612 979 744 1016 generat
755 977 814 1007 sibi
830 976 943 1013 simile,
956 979 986 1006 et

214 1039 426 1070 quaecumque
444 1031 501 1061 uni
526 1033 554 1061 et
577 1031 679 1061 eidem
700 1033 775 1061 sunt
796 1031 918 1068 eadem,
936 1030 983 1060 in-

213 1085 260 1113 ter
274 1092 306 1113 se
317 1086 389 1113 sunt
399 1085 508 1113 eadem
525 1094 531 1114 :
549 1093 627 1122 ergo
642 1107 649 1121 ‚
667 1084 693 1113 si
708 1083 814 1123 aliqua
834 1093 916 1114 uxor
932 1084 985 1114 lia-

214 1136 317 1166 buerit
325 1137 364 1175 (a)
374 1137 552 1175 duosviros‚
562 1137 714 1176 etaliquis
723 1137 810 1177 virm>
823 1137 899 1167 alias
907 1137 986 1167 duas

213 1198 339 1225 uxoreS‚
350 1198 423 1219 cum
438 1190 487 1219 isti
500 1190 562 1220 duo
574 1190 633 1220 viri
645 1190 805 1229 conjuncti
820 1190 936 1225 suerint
948 1190 982 1228 (c)

212 1242 315 1272 eidem
334 1242 481 1280 mulieri,
498 1245 533 1273 ut
547 1245 631 1282 patet
646 1243 872 1280 consideranti,
890 1243 985 1273 etiam

212 1295 281 1326 istae
297 1296 369 1326 duae
384 1295 532 1326 mulieres
546 1296 649 1326 eidem
664 1296 733 1326 viro
755 1307 761 1326 ε
778 1305 858 1335 ergo
875 1305 986 1326 omnes

214 1349 272 1379 sibi
287 1349 419 1379 attinent
438 1358 445 1379 :
463 1358 554 1387 ergo,
571 1351 628 1379 etc.

256 1402 370 1432 Contra
387 1413 393 1432 z
413 1401 471 1432 Ubi
485 1404 533 1433 est
547 1411 623 1433 vera
643 1401 797 1437 affinitas,
814 1401 892 1432 adeo
906 1401 987 1440 ligat

216 1456 251 1485 ut
274 1456 533 1495 consanguinitas
550 1467 556 1486 :
576 1456 629 1486 sed
651 1464 816 1494 nunquam
833 1464 905 1485 curn
921 1455 986 1485 tilia

215 1509 318 1539 fratris
332 1510 381 1540 sui
402 1511 503 1548 potest
518 1509 590 1549 quis
608 1508 794 1539 contrahere
811 1520 817 1539 ι
834 1517 914 1547 ergo
930 1518 987 1539 nec

214 1571 287 1593 cum
302 1562 366 1592 filia
379 1563 488 1593 uxoris
498 1562 613 1599 fratris,
625 1570 697 1601 quae
707 1564 753 1591 est
765 1561 878 1600 affinis,
893 1562 986 1592 fratre

214 1618 360 1646 mortuo:
379 1616 471 1655 cujus
492 1615 687 1646 contrarium
713 1615 858 1652 liabetur,
877 1615 984 1646 Extra.

214 1668 253 1700 de
269 1670 563 1709 consanqaim'taze,
581 1678 606 1699 e.
624 1668 695 1700 Non
710 1668 797 1700 debet
815 1669 983 1707 reprehen-

215 1722 306 1754 sibile
316 1723 476 1762 „iudicem-i,
490 1723 679 1760 ubidicitur,
695 1723 779 1761 quod
796 1725 894 1761 potest
910 1731 985 1752 con-

209 1777 308 1815 jungi
321 1777 391 1807 talis
402 1777 466 1807 tali.

254 1830 331 1860 Item
346 1830 372 1860 si
388 1830 522 1860 affinitas
541 1830 645 1868 surgit
662 1838 701 1859 ex
721 1828 891 1866 affinitate,
909 1838 986 1867 ergo

214 1893 287 1914 cum
304 1884 418 1923 aliquis
442 1884 492 1913 vir
506 1883 669 1922 cognoscit
690 1883 799 1913 decem
815 1882 983 1920 mulieres,

214 1946 292 1976 ergo
312 1937 374 1967 illae
394 1945 505 1967 omnes
520 1938 595 1966 sunt
614 1936 724 1966 affines
741 1946 747 1965 t
765 1944 844 1974 ergo
859 1938 983 1965 contra-

213 1991 292 2020 hens
307 1999 380 2020 cum
398 1999 478 2027 una,
496 1998 561 2019 non
586 1991 687 2028 potest
703 1988 890 2018 contrahere
910 1998 985 2018 cum

214 2043 274 2074 alia
291 2054 297 2074 ς
315 2043 399 2082 quod
420 2045 466 2073 est
482 2042 644 2072 manifeste
663 2041 776 2071 salsum
789 2065 798 2078 ,
815 2041 890 2080 quia
911 2043 985 2071 tunc

215 2096 310 2126 homo
325 2105 398 2126 cuni
413 2095 502 2126 nulla
518 2097 621 2134 posset
637 2094 833 2124 contrahere.

255 2149 332 2180 Item
356 2151 422 2180 esto
433 2174 440 2187 ,
467 2149 552 2188 quod
579 2148 694 2188 aliquis
720 2147 887 2178 contrahat
912 2157 985 2179 cum

215 2212 315 2234 uxore
343 2203 495 2242 alicujus,
527 2202 596 2242 ipso
631 2203 758 2232 mortuo
772 2213 779 2239 ;
810 2202 983 2241 quaeritur,

214 2258 324 2286 utrum
341 2256 497 2286 efficiatur
517 2256 621 2286 affinis
637 2255 883 2294 consanguineis
898 2256 958 2286 viri
975 2267 980 2285 :

214 2309 297 2348 quod
313 2309 337 2338 si
354 2318 417 2339 non
427 2333 435 2347 ,
451 2311 528 2339 tunc
543 2309 679 2339 affinitas
689 2318 753 2339 non
769 2311 902 2348 generat
916 2310 985 2339 affi-

213 2362 355 2392 nitatem.
372 2362 403 2392 Si
426 2371 501 2393 vero
519 2362 654 2393 efficitur
669 2362 772 2392 affinis
789 2362 981 2401 consangui-

215 2415 299 2452 neis,
316 2423 396 2453 ergo
410 2414 510 2445 multo
525 2415 631 2453 magis
646 2416 704 2455 ipsi
721 2415 790 2446 viro
809 2425 815 2445 :
830 2424 910 2454 ergo
920 2424 985 2445 non

213 2470 314 2507 potest
343 2476 533 2506 cognoscere
556 2468 701 2506 cognitas
728 2469 767 2499 ab
794 2469 855 2499 alio
884 2468 953 2499 viro
974 2494 981 2507 ,

213 2521 298 2560 quod
310 2525 355 2551 est
369 2520 535 2551 manifeste
549 2520 786 2552 inconveniens.

254 2574 331 2604 Item
345 2575 371 2605 si
386 2574 522 2604 affinitas
538 2576 671 2612 generat
692 2574 892 2612 affinitatem,
911 2584 984 2605 cum

213 2628 317 2658 carnis
340 2627 524 2659 commixtio
541 2627 632 2657 faciat
656 2627 829 2665 unitatem,
857 2630 888 2658 et
905 2638 986 2667 gra-

245 2690 277 2711 (w
290 2689 351 2713 Coet.
369 2689 427 2713 edit.
444 2689 579 2713 hahent.—
596 2688 629 2720 (ὁ)
641 2689 716 2720 aliqui
726 2689 813 2714 viri.—
825 2689 855 2720 (c)
872 2689 982 2715 fuerunt.

1044 281 1121 311 dum
1137 280 1309 311 attinentiae
1319 281 1494 311 secundum
1506 282 1644 320 primum
1661 282 1808 322 gradum,

1044 338 1119 365 tunc
1136 344 1261 374 semper
1277 334 1414 365 manebit
1432 335 1568 365 affinitas
1583 338 1710 375 propter
1725 344 1812 366 com-

1044 388 1243 425 mixtionem,
1258 390 1289 417 et
1304 388 1346 417 sic
1357 388 1417 418 erit
1431 397 1594 427 processus
1606 388 1637 418 in
1652 388 1811 419 infinitum

1044 441 1074 470 in
1096 441 1272 471 affinitate:
1296 441 1380 480 quod
1404 443 1450 470 cst
1482 441 1645 471 manifeste
1671 441 1809 472 falsum:

1042 503 1120 532 ergo
1135 496 1164 523 et
1180 494 1320 533 primum
1333 518 1340 530 ‚
1357 494 1490 532 scilicet,
1507 495 1591 534 quod
1606 495 1743 526 affinitas
1757 505 1813 535 per

1042 548 1300 578 commixtionem
1323 548 1427 578 carnis
1453 552 1606 587 generet,
1631 549 1698 580 sive
1722 549 1813 580 faciat

1042 602 1239 632 affinitatem.

1317 685 1539 718 CONCLUSIO.

1042 764 1169 797 Affinitus
1193 772 1245 791 ηοιι
1271 767 1377 798 genera!
1401 767 1557 798 affinitatem
1577 768 1717 795 secundum
1742 771 1813 796 veri-

1080 811 1174 842 tatem,
1195 810 1240 836 sed
1267 811 1327 844 ipsa
1347 810 1519 843 protenditur
1544 813 1684 840 secundum
1704 816 1816 849 proten-

1077 854 1177 879 sionem
1187 855 1444 887 consanquz'm‘tacz's5
1456 862 1526 882 secus
1542 856 1574 883 de
1588 861 1817 893 consanguinitate

1079 898 1227 925 dicendum.

1084 975 1175 1016 Resp.
1193 977 1232 1007 ad
1246 986 1318 1015 arg.
1335 977 1508 1008 Dicendum
1523 979 1607 1018 quod
1622 980 1727 1011 differt
1744 982 1811 1013 vin-

1043 1027 1151 1057 culum
1166 1027 1347 1065 affinitatis,
1367 1031 1398 1058 et
1413 1030 1698 1069 consanguininatis
1709 1056 1717 1070 ‚
1734 1041 1816 1072 quo-

1043 1081 1128 1111 niam
1144 1081 1308 1111 vinculum
1324 1082 1485 1112 affinitatis
1505 1085 1552 1113 est
1574 1083 1740 1115 vinculum
1760 1095 1816 1126 per

1042 1134 1197 1165 accidens,
1210 1134 1380 1165 Vinculum
1391 1136 1678 1174 consanguinitatis
1687 1140 1734 1168 est
1745 1139 1812 1170 vin-

1043 1187 1149 1218 culum
1172 1197 1228 1227 per
1248 1198 1280 1217 se
1297 1199 1302 1217 :
1322 1190 1352 1218 et
1373 1189 1524 1227 quoniam
1548 1198 1643 1221 omne
1660 1200 1716 1230 per
1729 1193 1814 1223 acci-

1042 1240 1119 1271 dens
1130 1241 1307 1271 necessario
1323 1241 1418 1272 habet
1430 1242 1538 1272 reduci
1554 1242 1592 1273 ad
1604 1252 1660 1283 per
1673 1253 1706 1274 se
1717 1269 1724 1282 ,
1737 1245 1812 1277 hinc

1042 1296 1109 1331 est,
1131 1294 1215 1333 quod
1237 1295 1373 1325 affinitas
1398 1296 1575 1326 necessario
1596 1298 1814 1338 praesupponit

1042 1348 1353 1386 consanguinitatem
1367 1372 1374 1385 ‚
1397 1352 1428 1378 et
1450 1348 1632 1388 superaddit
1658 1351 1813 1381 commix-

1043 1400 1172 1438 tionem,
1188 1403 1218 1430 et
1232 1410 1271 1431 ex
1287 1401 1335 1431 his
1350 1401 1473 1431 duobus
1488 1402 1595 1441 surgit
1611 1413 1617 1432 :
1637 1403 1715 1442 quia
1735 1412 1815 1443 ergo

1042 1454 1131 1491 illud,
1148 1454 1232 1493 quod
1248 1457 1294 1484 est
1309 1464 1365 1494 per
1380 1455 1522 1485 accidens
1533 1479 1541 1492 ‚
1559 1465 1623 1486 non
1638 1456 1732 1487 habet
1747 1458 1812 1488 vir-

1042 1510 1142 1538 tutem
1163 1507 1392 1547 multiplicandi
1417 1511 1447 1538 et
1467 1508 1664 1540 diffundendi
1689 1519 1738 1548 se,
1754 1510 1814 1541 nisi

1042 1569 1097 1600 per
1119 1560 1214 1598 illud,
1242 1561 1327 1599 quod
1350 1563 1395 1591 est
1423 1570 1479 1591 ens
1500 1570 1555 1600 per
1573 1571 1629 1600 se,
1656 1563 1729 1593 hinc
1751 1565 1813 1601 est,

1042 1614 1125 1653 quod
1141 1613 1267 1644 (lit‘i'usio
1285 1616 1316 1644 et
1338 1614 1506 1644 descensus
1523 1615 1684 1645 affinitatis
1701 1625 1816 1646 secun-

1043 1667 1117 1697 dum
1149 1668 1314 1698 veritatem
1336 1667 1509 1698 attenditur
1530 1678 1549 1697 a
1571 1670 1658 1707 parte
1682 1678 1816 1701 consan-

1044 1721 1208 1759 guinitatis
1242 1721 1344 1751 solum
1361 1745 1369 1758 ,
1400 1730 1466 1751 non
1495 1730 1514 1751 a
1543 1723 1631 1760 parte
1656 1723 1815 1754 commix-

1043 1774 1144 1811 tionis,
1163 1777 1319 1814 quantum
1334 1777 1381 1805 est
1395 1775 1433 1805 de
1453 1777 1570 1805 natura
1584 1775 1714 1806 vinculi.
1728 1776 1816 1807 Unde

1042 1828 1272 1867 consanguinei
1287 1828 1397 1858 uxoris
1413 1827 1496 1858 Petri
1510 1827 1556 1858 ita
1570 1829 1645 1858 sunt
1660 1829 1771 1860 affines
1785 1830 1815 1860 ei

1042 1891 1144 1921 usque
1160 1881 1199 1912 ad
1215 1883 1366 1921 quartum
1387 1881 1525 1920 gradum
1540 1905 1547 1918 ‚
1564 1881 1646 1912 sicut
1665 1891 1721 1922 per
1739 1892 1812 1913 con-

1042 1934 1290 1973 sanguinitatem
1315 1934 1487 1973 alligantur
1510 1935 1628 1972 uxori3
1654 1935 1708 1966 sed
1730 1944 1815 1966 uxor

1042 1988 1142 2025 Petri,
1160 1998 1200 2019 ex
1221 1989 1281 2019 hoc
1302 1989 1385 2027 quod
1407 1988 1499 2019 nubit
1515 1988 1585 2026 alii,
1599 1998 1673 2020 cum
1689 1999 1744 2030 per
1758 1999 1814 2021 ac—

1041 2042 1147 2072 cidens
1165 2043 1277 2081 ⁴juncta
1297 2042 1337 2071 sit
1355 2042 1602 2080 consanguineis
1628 2042 1734 2080 Petri,
1748 2052 1814 2074 non

1040 2096 1168 2134 propter
1189 2095 1248 2125 hoc
1274 2097 1423 2134 generat⁷
1447 2095 1614 2125 vinculum
1639 2095 1813 2126 attinentiae

1041 2148 1216 2178 secundum
1225 2147 1403 2185 veritatem,
1417 2147 1481 2185 sed,
1499 2147 1524 2177 si
1536 2150 1678 2186 generat,
1695 2147 1755 2178 hoc
1768 2152 1815 2179 est

1041 2202 1145 2232 solum
1160 2201 1336 2231 secundum
1352 2201 1487 2241 pubIIcae
1498 2201 1658 2240 justitiam
1669 2202 1814 2232 honesta-

1041 2255 1097 2292 tis,
1115 2264 1171 2295 per
1185 2264 1281 2294 quem
1295 2254 1427 2284 modum
1446 2254 1646 2284 contrahitur
1667 2254 1700 2284 in
1717 2263 1811 2294 spon-

1041 2308 1178 2338 salibus:
1195 2310 1225 2338 et
1240 2308 1415 2338 secundum
1430 2307 1515 2338 hunc
1532 2307 1662 2338 modum
1684 2308 1814 2338 fuerunt

1042 2361 1219 2400 antiquitus
1245 2360 1419 2391 secundum
1444 2369 1547 2399 genus
1571 2360 1732 2391 affinitatis
1743 2384 1752 2398 ,
1783 2365 1814 2391 et

1041 2415 1183 2451 tertium,
1201 2424 1273 2454 qnae
1288 2414 1393 2453 magis
1413 2414 1612 2453 pertinebant
1624 2413 1663 2444 ad
1677 2413 1813 2453 publicae

1037 2468 1196 2508 justitiam
1211 2468 1401 2505 honestatis,
1421 2475 1519 2506 quam
1539 2466 1578 2497 ad
1600 2466 1810 2505 affinitatem,

1041 2522 1121 2553 sicut
1135 2522 1240 2552 Canon
1256 2521 1393 2552 secundo
1408 2519 1597 2560 praepositus
1606 2527 1752 2559 expresse
1766 2519 1812 2550 di-

1040 2576 1098 2611 cit,
1116 2575 1140 2604 si
1166 2574 1238 2613 quis
1261 2574 1422 2604 attendat:
1446 2575 1477 2603 et
1500 2573 1575 2612 qnia
1595 2572 1811 2612 periculosum

1041 2629 1108 2659 erat
1122 2627 1161 2657 ad
1175 2627 1236 2657 ista
1250 2626 1362 2664 teneri,
1376 2626 1445 2657 ideo
1456 2627 1557 2656 totum
1570 2625 1710 2665 oportuit
1723 2633 1812 2656 revo-

1042 2680 1116 2718 cari,
1133 2682 1265 2720 excepto
1277 2679 1380 2720 primo
1393 2687 1511 2718 genere
1525 2677 1697 2710 affinitatis.
1715 2676 1753 2708 Et
1767 2677 1810 2708 ita

1986 1243 1991 1251 .
1984 1144 1991 1212 Δ..-
1986 586 1991 1113 Α--...----,-ᾼᾼ
