1991 3006
202 177 215 204 ‘l
221 177 259 205 80

201 249 286 276 rum,
303 239 414 270 tertius
428 237 666 275 exorcistarum,
687 239 817 276 quartus
831 236 970 276 acolyto-

200 303 285 330 rum,
301 293 432 332 quintus
449 290 725 327 subdiaconorum,
744 292 850 319 sextus
865 289 968 319 diaco<

200 355 332 383 norum,
349 345 502 384 septimus
517 343 724 373 sacerdotnm.
743 356 755 370 u
778 343 831 372 llic
848 342 969 380 gradus

198 399 337 438 dispares
359 399 389 427 in
410 397 519 427 codem
543 396 650 427 ordiin-
671 396 761 425 habnt
785 395 968 433 dignitates,

198 452 315 482 scilicet
337 450 489 490 episcopi,
506 452 563 480 etc.
579 460 584 480 z
604 458 681 487 ergo
700 449 896 488 epismpatns⁴
917 458 966 477 so-

198 505 263 534 lum
279 503 352 534 dicit
367 503 565 542 dignitatem,⁴
584 511 645 532 non
662 503 816 538 (wdincm,
833 503 892 530 etc.

239 556 316 586 Item
336 556 494 586 distinctio
514 555 673 594 graduum
690 557 719 585 ct
735 554 882 584 ordinum
897 562 966 583 om-

197 611 246 640 nis
266 613 312 640 est
330 612 457 649 propter
477 609 583 638 altaris
603 608 830 644 ministerium,
852 606 967 636 scilicet

197 666 324 704 propter
338 663 536 699 sacrificium,
553 662 658 701 inquo
673 664 718 692 est
735 660 967 691 consummatio

195 717 299 747 omnis
321 716 420 747 divini
444 715 547 746 cultus
564 726 569 744 ς
587 724 666 753 ergo
688 724 759 744 cuin
777 715 966 753 perventum

194 773 241 802 est
263 771 299 801 ad
326 770 418 806 illud,
444 769 485 798 ibi
511 769 601 799 debet
624 778 691 797 esse
715 770 836 797 status:
855 766 906 795 sed
932 766 964 796 in

194 824 414 863 presbyteratu
422 821 606 861 p==rvenitur
614 821 650 850 ad
660 822 775 850 statum
786 828 890 858 :ei-go,
904 821 961 848 etc.

235 877 311 907 item
321 876 440 914 gradus
448 874 643 904 ecclesiastici
657 874 749 903 talem
760 872 964 902 lial‘icntordi-

192 939 277 963 nem,
295 929 379 969 qnod
394 928 538 967 possibile
553 929 596 957 est
610 927 812 966 posteiiorem
824 926 965 963 accipere

191 983 308 1013 omisso
320 981 429 1022 priori,
442 981 522 1020 quod
535 982 619 1019 patet
636 989 690 1018 per
703 979 779 1009 illud
792 978 874 1018 qnod
888 979 964 1008 dici-

192 1037 257 1072 tnr,
273 1044 299 1065 c.
316 1033 518 1070 Sollicitudo,
532 1035 604 1069 ete„
621 1035 649 1061 et
668 1032 774 1068 Extra,
799 1031 836 1061 de
852 1031 964 1060 clei-ico

196 1098 251 1129 per
262 1089 375 1118 saltum
388 1088 542 1124 ordinato,
556 1096 582 1116 c.
602 1086 675 1116 Tene
690 1086 804 1117 litteo-re
813 1109 820 1121 ‚
832 1087 890 1115 etc.
904 1084 964 1114 Sed

191 1140 383 1181 impossibile
398 1143 442 1170 est
459 1140 597 1178 aliquem
610 1139 789 1178 promoveri
804 1138 835 1167 in
847 1137 965 1176 episco-

190 1204 266 1235 pum
281 1194 453 1225 sacerdotio
468 1193 598 1229 omisso,
615 1193 696 1222 sicut
712 1192 836 1228 dicitur,
855 1191 962 1227 Extra,

190 1249 228 1279 de
244 1248 423 1278 excessibus
439 1247 657 1286 praelatorum,
676 1256 702 1275 c.
722 1247 775 1275 istc
790 1245 918 1281 titteris,
934 1246 963 1274 et

191 1302 289 1338 infra,
317 1301 371 1331 ubi
394 1300 468 1330 dicit
494 1299 692 1329 tunm-mitius
715 1309 720 1327 z
745 1309 758 1324 «
782 1296 964 1327 pontificale

189 1355 330 1385 osticium
345 1354 412 1383 sine
424 1352 531 1383 altaris
544 1350 718 1381 ministerio
733 1359 797 1380 non
813 1350 897 1380 valet
911 1350 964 1379 ad-

189 1407 324 1446 impleri.
350 1418 363 1434 »
397 1405 482 1444 Ergo
508 1405 631 1435 videtur
657 1404 742 1443 quod
765 1403 964 1442 episcopatus

190 1469 253 1490 non
268 1460 307 1489 sit
321 1459 396 1489 ordo
412 1459 507 1496 alins,
523 1458 608 1497 quod
624 1457 847 1487 sacerdotium.

229 1513 306 1543 Item
323 1515 485 1552 promotus
503 1512 534 1540 in
549 1511 678 1540 sabbato
697 1510 735 1540 ad
754 1510 896 1539 ordinem
912 1519 959 1539 sa-

189 1576 290 1604 crum,
309 1575 371 1596 non
388 1565 477 1595 delict
496 1565 527 1594 ln
542 1564 591 1594 die
609 1563 750 1602 sequenti
768 1563 866 1592 alium
883 1563 963 1592 ordi-

188 1629 263 1650 nem
278 1629 401 1650 sacrum
418 1618 574 1657 suscipere
593 1629 598 1646 :
616 1617 666 1646 sed
683 1618 847 1655 promotus
864 1616 893 1645 iu
910 1626 961 1645 sa-

188 1673 346 1704 cerdotem
379 1673 479 1711 potest
510 1671 540 1700 iu
569 1670 619 1700 die
649 1670 789 1709 sequenti
804 1693 811 1706 ‚
848 1669 963 1699 scilicet

188 1726 361 1761 dominico,
387 1725 418 1755 in
440 1724 621 1763 episcopum
646 1723 828 1762 pii-‚moveri
850 1734 855 1752 ς
883 1731 962 1760 ergo

189 1780 325 1817 videtur,
343 1778 427 1817 quod
440 1778 638 1818 episcopatus
650 1786 712 1806 non
726 1776 765 1806 sit
774 1775 851 1806 ordo
862 1785 959 1806 sacer.

462 1892 688 1925 CONCLUSIO.

190 1983 369 2017 Episcopatus
382 1981 492 2015 proprie
506 1986 558 2005 mm
573 1980 611 2004 est
627 1977 706 2008 ordo,
721 1977 766 2003 sed
780 1977 884 2003 ordinis
900 1978 962 2003 emi-

226 2027 331 2058 nentia,
349 2025 389 2050 vel
409 2024 529 2057 dignitas
545 2031 552 2047 .·
569 2030 614 2048 nec
632 2023 661 2047 in
680 2029 707 2047 eo
728 2029 809 2047 novus
828 2021 963 2047 character

226 2070 402 2104 imprimitur.

232 2154 322 2193 Resp.
340 2153 379 2183 ad
394 2161 462 2191 arg.
486 2150 656 2181 Dicendum
677 2150 778 2189 qnod,
798 2150 878 2180 sicut
897 2152 963 2180 tac-

192 2210 260 2238 tum
283 2209 344 2243 est,
369 2215 440 2236 cum
456 2204 575 2235 ordinis
594 2205 730 2243 potestas
750 2203 963 2243 principaliter

191 2261 231 2290 sit
250 2260 392 2290 ordinata
406 2259 443 2288 ad
464 2257 729 2296 dispensationem
750 2259 962 2286 sacramento-

191 2322 276 2350 rum,
289 2314 319 2342 et
328 2311 467 2342 maxime
476 2310 559 2340 illius
567 2309 750 2339 sacramenti
760 2309 959 2346 nobilissimi,

190 2366 305 2396 scilicet
326 2364 465 2403 corporis
489 2363 626 2398 Domini,
650 2362 692 2391 ibi
710 2365 754 2391 est
770 2364 869 2391 status
887 2363 961 2399 gra-

191 2419 290 2450 duum
305 2420 335 2447 et
349 2416 496 2447 ordinum
509 2415 741 2445 ascendentium
755 2424 762 2444 z
775 2417 805 2443 ct
821 2415 865 2444 ita
882 2415 963 2444 ultra

190 2472 400 2503 sacerdotium
416 2478 479 2499 non
495 2472 541 2499 est
556 2468 673 2507 gradus
688 2468 818 2498 ordinis.
840 2467 899 2497 Sed
914 2470 963 2497 ta-

191 2535 263 2557 men
274 2526 358 2555 intra
368 2526 452 2553 hunc
462 2522 599 2561 gradum
610 2523 640 2551 et
651 2521 794 2550 ordinem
806 2521 962 2559 contingit

189 2588 256 2610 esse
269 2576 501 2609 distinctionem
514 2574 706 2613 dignitatum
721 2576 751 2603 et
765 2573 956 2611 officiorum,

187 2641 260 2672 quae
272 2634 375 2661 tamen
387 2637 508 2659 novum
520 2628 655 2666 gradum
673 2627 721 2656 vel
735 2627 878 2657 ordinem
895 2637 958 2658 non

766 168 1072 201 SENTENTIARUM
1094 170 1167 201 LlB.
1194 169 1242 200 IV.

1024 237 1236 274 constituunt,
1261 239 1295 266 ut
1318 237 1588 277 Areliipresbyter‚
1615 236 1793 276 Episcopus,

1025 291 1045 320 A
1054 291 1305 329 reliiepiscopus,
1328 290 1525 325 Patriarcha,
1548 289 1692 320 Pontifex
1706 299 1795 320 sum-

1026 352 1107 380 mus,
1125 353 1196 382 quin
1214 343 1296 373 ultra
1310 343 1518 373 sacerdotium
1533 352 1597 372 non
1612 342 1730 372 addunt
1742 351 1795 373 or-

1023 395 1148 433 dinem,
1167 406 1223 425 nec
1247 396 1384 434 gradum
1409 405 1545 433 novum,
1561 395 1614 426 scd
1633 395 1736 426 solum
1751 395 1796 426 di-

1024 449 1178 487 gunnam
1203 451 1231 478 ct
1260 449 1410 479 osticium.
1442 450 1479 480 Et
1507 450 1549 479 ita
1578 449 1793 489 Episcopatus,

1025 504 1115 540 prout
1134 502 1294 531 concernit
1305 502 1448 532 ordinem
1460 503 1636 539 sacerdotii,
1649 502 1727 533 bene
1742 511 1796 542 po-

1023 557 1081 585 test
1096 555 1155 585 dici
1171 555 1266 585 ordo:
1284 556 1336 585 sed
1354 558 1447 596 prout
1461 556 1672 594 distinguitur
1685 557 1796 586 contra

1022 608 1244 645 sacerdotium,
1258 608 1331 638 divit
1346 609 1533 648 dIgnitatem
1549 609 1732 648 quamdam,
1744 609 1794 639 vel

1021 661 1162 691 officinm
1179 661 1320 701 Episcopi
1337 671 1499 692 annexum
1519 673 1525 692 z
1543 664 1648 692 etnon
1663 664 1709 692 est
1726 670 1796 702 pro-

1023 714 1088 753 prie
1104 723 1219 744 nomen
1230 715 1360 751 ordinis,
1375 725 1431 745 nec
1444 724 1546 745 novus
1560 714 1723 745 character
1737 714 1795 744 im-

1022 767 1180 806 primitur,
1198 777 1255 797 nec
1272 776 1355 797 nova
1369 770 1506 806 potestas
1531 767 1622 797 datur
1634 791 1642 805 ‚
1659 767 1713 798 sed
1735 777 1793 808 po-

1022 823 1116 850 testas
1130 821 1199 851 data
1217 820 1398 859 ampliatur.
1421 820 1508 851 Unde
1524 821 1605 850 sicut
1630 830 1694 851 non
1713 821 1793 851 reci-

1022 874 1065 912 pit
1081 874 1156 903 alins
1172 873 1292 910 claves,
1310 873 1353 902 sic
1374 882 1430 903 nec
1449 873 1550 903 alium
1573 874 1727 904 ordinem.
1754 874 1793 904 Et

1021 927 1079 956 hoc
1095 927 1193 956 sensit
1209 927 1361 965 magister
1382 926 1477 965 Ilugo
1492 927 1516 963 ¹;
1534 926 1592 956 hoc
1615 927 1708 957 etiam
1724 935 1794 957 sen·

1021 980 1059 1010 sit
1081 980 1230 1019 Magister
1253 979 1487 1009 Sententiarum
1501 1003 1508 1016 ,
1526 980 1605 1010 sicut
1627 982 1711 1019 patet
1738 989 1793 1019 per

1021 1034 1061 1071 id,
1078 1034 1162 1072 qnod
1177 1033 1249 1063 dicit
1269 1033 1300 1063 in
1314 1033 1431 1070 littera,
1449 1032 1533 1072 quod
1557 1041 1622 1062 non
1644 1035 1718 1063 sunt
1732 1042 1789 1063 no-

1020 1087 1107 1116 mina
1126 1087 1289 1123 ordinum,
1309 1086 1361 1116 sed
1384 1086 1586 1123 dignitatum.
1608 1085 1672 1116 Hoc
1696 1087 1791 1117 etiam

1020 1141 1103 1169 tem-t
1119 1140 1296 1169 communis
1317 1139 1423 1178 opinio
1435 1163 1443 1177 ‚
1462 1139 1545 1178 quod
1562 1139 1595 1169 in
1610 1139 1792 1179 episcopatu

1019 1194 1181 1223 character
1192 1202 1293 1223 novus
1309 1202 1372 1222 non
1387 1192 1600 1232 imprimatur,
1615 1192 1668 1222 sed
1683 1192 1728 1222 illi
1738 1193 1792 1222 ali-

1019 1257 1081 1286 qua
1095 1248 1267 1278 eminentia
1286 1248 1464 1284 confertur,
1487 1256 1558 1286 quac
1581 1256 1706 1286 semper
1722 1256 1790 1277 ma-

1021 1303 1073 1331 net
1084 1310 1156 1330 cum
1166 1301 1233 1340 ipso
1247 1301 1427 1330 charactere
1438 1299 1557 1329 ordinis
1567 1323 1575 1336 ,
1587 1299 1692 1330 ablata
1704 1300 1791 1330 omni

1016 1354 1248 1392 ,lui-isdictioinf.
1272 1353 1358 1383 Hanc
1382 1362 1462 1391 ergo
1487 1353 1667 1392 opinionem
1696 1353 1790 1384 susti-

1020 1407 1123 1436 nendo
1146 1407 1306 1443 dicamus,
1328 1407 1412 1446 quod
1433 1406 1646 1446 episcopatus,
1662 1407 1793 1446 praecise

1018 1459 1186 1499 loquendo,
1204 1470 1267 1490 non
1284 1462 1331 1490 est
1345 1460 1431 1497 ordo,
1449 1459 1501 1489 sed
1516 1459 1635 1490 ordinis
1648 1460 1792 1490 eminen-

1019 1513 1072 1549 tia,
1090 1513 1138 1542 vv]
1152 1513 1304 1551 dignitas.

1063 1570 1087 1603 l,
1106 1569 1124 1596 Ξ).
1141 1569 1169 1596 υἱ,
1185 1568 1214 1596 3.
1230 1567 1277 1596 Ad
1293 1566 1369 1596 illud
1387 1575 1477 1605 ergo,
1491 1566 1575 1606 quod
1590 1566 1736 1606 objicitur
1751 1566 1790 1597 de

1020 1620 1137 1649 Isidoro
1148 1622 1177 1650 et
1188 1620 1320 1657 Gelasio,
1332 1620 1512 1657 dicendum,
1525 1620 1609 1659 quod
1624 1619 1663 1650 ad
1678 1628 1790 1650 eorum

1019 1673 1232 1710 auctoritates,
1240 1676 1271 1703 et
1281 1673 1471 1709 consimiles,
1484 1673 1577 1703 unica
1587 1672 1790 1712 responsione

1019 1728 1119 1765 polest
1133 1726 1325 1766 responderi,
1341 1726 1424 1765 quod
1448 1726 1506 1765 ipsi
1534 1734 1651 1756 nomen
1671 1725 1791 1756 ordinis

1019 1779 1170 1818 ampliant
1191 1779 1228 1809 ad
1255 1779 1358 1809 officia
1379 1781 1409 1809 ct
1433 1778 1605 1817 dignitates
1623 1790 1628 1809 :
1646 1778 1699 1809 sed
1719 1788 1787 1809 ma-

1019 1832 1109 1870 gistri
1128 1833 1225 1862 nostri
1248 1832 1386 1862 strictius
1405 1832 1583 1871 accipiunt,
1600 1832 1716 1863 scilicet
1731 1841 1788 1872 pro

1019 1885 1123 1923 gradu
1140 1885 1317 1925 potestatis:
1332 1888 1361 1914 et
1377 1885 1436 1915 hoc
1451 1887 1535 1924 patet
1550 1894 1605 1922 per
1619 1885 1691 1922 hoc,
1704 1885 1789 1925 quod

1020 1937 1157 1968 Isidorus
1172 1938 1256 1975 dicit,
1273 1938 1355 1977 quod
1372 1938 1592 1977 episcoporum
1606 1937 1791 1977 quadripar-

1019 1991 1093 2020 titus
1108 1993 1155 2021 est
1170 1991 1257 2021 ordo.
1275 1991 1353 2021 Cum
1375 1991 1459 2020 enim
1475 1991 1640 2021 ordinatus
1660 1991 1693 2021 in
1707 1991 1789 2030 epis-

1019 2053 1144 2083 copum,
1166 2042 1199 2073 si'
1211 2046 1393 2073 assumatur
1415 2043 1453 2073 ad
1473 2044 1790 2083 archiepiscopatum,

1019 2106 1083 2126 non
1103 2098 1304 2126 consecretur
1317 2096 1355 2126 de
1372 2105 1466 2134 novo,
1479 2096 1530 2126 sed
1547 2096 1651 2126 solum
1661 2097 1793 2136 accipiat

1021 2150 1164 2189 pallium,
1195 2153 1288 2189 patet,
1313 2149 1397 2188 quod
1423 2158 1486 2179 non
1513 2151 1613 2188 potest
1642 2149 1790 2189 intelligi,

1019 2204 1103 2243 quod
1119 2212 1222 2233 novus
1236 2203 1275 2232 sit
1290 2203 1333 2232 ibi
1349 2203 1443 2239 ordo,
1461 2203 1513 2232 sed
1533 2203 1635 2233 solum
1650 2203 1791 2242 dignitas

1019 2257 1121 2287 altior.
1144 2257 1175 2286 Si
1189 2265 1266 2293 cry-,ro
1281 2256 1355 2286 dicit
1371 2256 1454 2295 ipsos
1475 2264 1541 2285 esse
1557 2255 1696 2286 diversos
1711 2256 1791 2287 ordi-

1019 2320 1086 2346 nes,
1104 2309 1304 2339 manifestum
1317 2311 1364 2338 est
1379 2307 1463 2347 quod
1478 2317 1596 2338 nomen
1615 2309 1734 2339 ordinis
1749 2309 1789 2339 ad

1019 2363 1132 2399 officia,
1149 2365 1176 2391 et
1194 2361 1362 2400 dignitates
1385 2370 1417 2390 se
1438 2360 1577 2391 extendit
1593 2372 1599 2391 :
1616 2364 1646 2391 et
1661 2370 1716 2400 per
1731 2362 1790 2392 hoc

1019 2418 1103 2455 patet
1117 2414 1201 2444 aliud
1227 2423 1372 2453 sequens.
1397 2413 1483 2443 Sicut
1507 2414 1591 2443 enim
1618 2415 1788 2454 ampliatur

1018 2468 1208 2499 vocabulum
1224 2470 1254 2497 ct
1268 2466 1459 2505 significatio
1474 2466 1604 2504 ordinis,
1615 2467 1658 2497 ita
1674 2469 1703 2497 et
1719 2476 1789 2498 ver-

1021 2522 1108 2559 bum,
1126 2530 1198 2551 cum
1215 2520 1328 2550 dicitur
1345 2530 1351 2549 z
1373 2530 1387 2547 «
1409 2518 1468 2549 Iste
1481 2519 1647 2550 ordinatur
1669 2520 1703 2550 in
1716 2520 1788 2560 Epi-

1019 2584 1149 2614 scopum
1165 2585 1170 2604 :
1187 2586 1200 2602 n
1219 2574 1303 2604 unde
1317 2581 1382 2603 non
1397 2573 1440 2602 ita
1461 2572 1585 2611 proprie
1600 2572 1714 2604 dicitur
1725 2573 1785 2603 ali-

1051 2638 1143 2668 ¹nug.,
1157 2637 1187 2660 {Ie
1202 2637 1322 2665 Sacram„
1336 2635 1378 2659 lib.
1399 2636 1428 2665 n,
1444 2642 1468 2665 p.
1487 2636 1527 2658 ΙΙΙ.
