1991 3006
54 884 104 908 Quae
134 885 161 904 vi-

67 917 144 937 demur

63 947 148 967 obviare

60 980 154 1006 praemis-

53 1011 90 1031 sis.

58 1622 149 1644 Solutio.

173 170 231 200 236
725 163 1033 197 SENTENTIARUM
1054 164 1126 195 LlB.
1151 165 1200 196 IV.

174 235 327 278 conjuges
343 238 497 278 possunt,
513 234 571 277 qui
585 233 731 265 nondum
746 231 963 271 contrahunt,
981 231 1035 263 sed
1053 233 1084 263 in
1107 231 1216 264 futuro
1235 244 1268 265 se
1287 234 1662 278 contracturosjurando
1678 247 1753 280 pro-

175 292 334 325 mittunt?
350 291 447 331 Item,
466 290 492 322 si
507 302 546 323 ex
562 291 594 322 vi
611 289 790 334 juramenti
815 288 855 320 ad
880 289 1030 321 futurum
1055 289 1246 332 pertinentis
1269 301 1343 322 mox
1364 291 1555 324 efficiuntur
1577 293 1733 336 conjuges
1747 319 1756 334 ‚

175 360 233 382 cur
253 349 367 392 jurant
391 348 425 380 in
448 346 559 380 futuro
580 358 612 380 se
635 347 775 379 facturos
791 346 877 390 qnod
895 346 928 378 in
954 346 1102 390 praesenti
1126 346 1295 380 efficiunt?
1313 348 1390 380 Item
1406 375 1413 389 ,
1430 350 1455 381 si
1481 362 1520 382 ex
1535 361 1601 394 quo
1621 350 1756 393 jurant,

177 418 252 440 mox
267 406 456 438 efficiuntur
478 405 652 449 conjuges,
672 409 749 437 tunc
773 415 840 436 rem
863 404 946 436 hanc
968 404 1135 444 officiunt,
1161 405 1291 448 quando
1312 406 1426 449 jurant
1449 419 1481 439 se
1507 408 1657 440 facturos.
1683 407 1758 440 Ideo

176 464 246 497 dico
260 463 347 507 quod
362 462 552 506 conjugium
570 467 647 495 tunc
670 473 735 494 non
757 462 817 494 suit
832 487 839 501 ‚
865 461 918 493 sed
936 461 1085 493 futurum
1110 462 1322 505 promittitur.
1348 462 1383 495 Si
1406 474 1481 497 vcro
1508 465 1563 497 ille
1586 469 1655 509 post
1679 476 1759 498 uxo-

175 533 243 554 rem
268 520 382 562 duxit,
410 524 441 552 et
464 520 522 552 illa
546 520 664 552 marito
690 519 825 563 nupsit,
851 518 1042 562 conjugium
1065 518 1219 562 utrinque
1243 519 1327 559 fuit,
1351 524 1381 552 et
1401 532 1466 554 non
1491 526 1591 566 potest
1609 522 1757 555 dissolvi.

175 578 364 611 Praecedens
380 589 456 620 ergo
471 577 677 610 mendacium
694 577 743 609 vel
766 576 945 620 perjurium
962 576 1151 619 poenitentia
1166 580 1212 608 cst
1227 577 1470 619 corrigendum,
1494 579 1547 611 sed
1565 580 1758 623 conjugium

174 648 312 680 sequens
327 647 392 668 non
408 639 455 668 est
469 635 726 668 dissolvendum.
745 634 816 666 Nou
832 638 942 666 autem
962 633 1007 666 sic
1022 637 1089 674 est,
1108 634 1239 677 quando
1258 634 1484 678 juramentum
1506 637 1651 680 conjugii
1677 648 1759 681 prae-

174 694 273 727 sentis
287 704 464 727 consensus
478 693 680 726 attestatione
695 691 846 724 firmatur
864 703 870 723 z
889 691 967 735 quia
983 695 1052 734 post
1075 692 1169 723 talem
1189 702 1383 724 consensum
1403 693 1428 725 si
1450 693 1525 737 quis
1539 694 1595 726 alii
1611 706 1643 727 se
1661 705 1760 738 copu-

174 752 291 784 laverit
305 778 312 792 ‚
327 751 452 784 etiamsi
469 750 591 794 prolem
607 749 844 793 procreaverit,
860 753 889 780 et
906 748 1037 780 irritum
1052 748 1147 780 debet
1162 748 1245 789 fieri,
1263 754 1294 781 et
1308 749 1376 793 ipse
1390 750 1430 782 ad
1447 751 1587 794 priorem
1601 752 1756 796 copulam

175 809 332 842 revocari.

219 866 399 900 Praemissae
414 870 522 898 autem
538 865 705 898 sententiae
720 865 849 897 videtur
864 864 995 897 obviare
1011 864 1092 896 illud
1110 864 1196 907 quod
1216 864 1303 906 leges
1318 864 1471 897 tradunt¹
1488 877 1520 897 κ(
1531 864 1566 897 Si
1581 865 1655 909 quis
1669 867 1761 899 tactis

174 924 294 958 divinis
309 924 477 967 scripturis
497 922 661 967 juraverit
685 922 815 955 mulieri
834 934 866 955 se
891 933 962 954 eam
987 921 1166 963 legitimam
1192 933 1325 954 uxorein
1353 921 1564 964 habiturum,
1589 923 1640 955 vel
1663 923 1760 956 etiam

173 982 200 1014 si
223 982 257 1014 in
282 981 422 1014 oratorio
446 981 511 1013 tale
532 984 770 1013 sacramentum
795 979 940 1020 dederit,
957 979 998 1011 sit
1022 979 1069 1010 illi
1094 978 1239 1020 legitima
1263 990 1366 1019 uxor,
1390 979 1542 1023 quamvis
1567 980 1658 1013 nulla
1679 980 1758 1022 dos,

173 1039 267 1072 nulla
280 1039 345 1072 alia
358 1039 519 1083 scriptura
534 1037 724 1081 interposita
738 1038 790 1069 sit.
809 1050 824 1067 n
845 1036 907 1069 Sed
923 1036 974 1068 hic
990 1036 1172 1068 ostenditur
1192 1036 1270 1081 quid
1296 1036 1365 1068 fieri
1381 1037 1431 1068 vol
1455 1048 1522 1068 esse
1538 1037 1672 1078 debeat,
1692 1049 1759 1071 non

173 1096 253 1140 quid
269 1100 346 1129 tunc
362 1095 430 1129 fiat.
448 1095 520 1129 Non
537 1096 623 1128 enim
641 1106 697 1139 per
717 1094 797 1126 illud
816 1094 1042 1138 juramentum
1061 1098 1138 1126 tunc
1158 1093 1194 1126 fit
1214 1105 1315 1134 uxor,
1333 1094 1385 1125 sed
1402 1094 1472 1126 fieri
1487 1094 1600 1136 debet,
1617 1095 1694 1139 quia
1706 1096 1760 1140 ju-

173 1159 281 1187 ratum
297 1158 354 1187 est.
370 1154 479 1186 Potest
493 1158 521 1186 et
537 1153 576 1185 de
592 1152 848 1197 illojuramento
863 1152 923 1184 hoc
936 1152 1058 1184 dictum
1072 1151 1211 1193 intelligi
1226 1177 1233 1192 ,
1248 1151 1304 1183 ubi
1320 1152 1358 1183 de
1375 1152 1522 1195 praesenti
1537 1153 1755 1193 consentiunt,

173 1224 208 1245 ac
231 1223 264 1245 se
279 1212 419 1245 invicem
435 1211 627 1255 suscipiunt.
646 1210 698 1242 Illi
712 1210 807 1242 etiam
824 1210 989 1241 sententiae
1003 1235 1010 1249 ‚
1034 1221 1099 1252 qua
1115 1209 1239 1240 dictum
1261 1213 1306 1241 est
1326 1209 1431 1241 solum
1448 1220 1639 1242 consensum
1655 1210 1759 1243 facere

172 1269 363 1313 conjugium
378 1295 385 1311 ‚
404 1269 533 1302 videtur
548 1268 680 1300 obviare
695 1267 783 1311 quod
801 1267 967 1299 tivaristus
983 1263 1070 1310 Papa
1084 1266 1128 1298 ait
1144 1272 1153 1286 ²
1167 1280 1173 1298 :
1195 1280 1211 1298 «
1230 1266 1334 1298 Aliter
1350 1267 1535 1309 legitimum
1552 1278 1617 1299 non
1631 1266 1669 1299 fit
1683 1278 1758 1300 con-

169 1327 302 1371 jugium
315 1353 323 1368 ‚
341 1326 403 1359 nisi
418 1327 458 1359 ab
474 1326 541 1367 his,
558 1326 616 1370 qui
635 1336 733 1369 super
758 1324 914 1357 feminam
939 1324 1196 1356 dominationem
1222 1324 1342 1356 habere
1358 1324 1530 1364 videntur,
1546 1328 1577 1356 et
1597 1336 1616 1356 a
1638 1324 1759 1368 quibus

172 1384 375 1425 custoditur,
393 1395 477 1416 uxor
493 1387 621 1427 petatur
636 1409 643 1423 ,
659 1387 690 1416 et
705 1394 723 1415 a
739 1382 927 1426 parentibus
941 1385 1126 1425 sponsetur,
1142 1385 1174 1413 et
1191 1381 1317 1423 legibus
1333 1381 1481 1422 dotetur,
1496 1386 1526 1414 et
1542 1393 1560 1414 a
1575 1381 1738 1414 sacerdote
1750 1408 1758 1423 ,

173 1445 210 1474 ut
232 1452 301 1474 mos
323 1445 392 1481 est,
418 1441 650 1481 benedicatur,
677 1445 708 1473 et
731 1452 749 1472 a
774 1440 1006 1484 paranymphis
1024 1439 1225 1471 custodiatur
1239 1465 1246 1479 ‚
1271 1450 1306 1471 ac
1327 1439 1513 1472 solemniter
1535 1439 1722 1483 accipiatur.
1742 1452 1759 1471 »

173 1499 273 1531 Item⁸
289 1511 295 1530 :
318 1512 334 1530 «
347 1499 395 1531 Ita
409 1499 556 1541 legitima
570 1499 681 1531 scitote
696 1509 762 1530 esse
777 1497 942 1530 connubia
961 1509 967 1529 :
985 1498 1080 1529 aliter
1095 1508 1171 1529 vero
1186 1501 1384 1541 praesumpta
1397 1524 1405 1537 ‚
1430 1508 1492 1529 non
1514 1497 1668 1541 conjugia
1680 1523 1688 1538 ‚
1705 1497 1760 1530 sed

174 1556 362 1597 adulteria,
392 1556 444 1588 vel
477 1556 706 1588 fornicationes
734 1559 809 1587 sunt
828 1581 835 1594 ,
862 1555 923 1586 nisi
952 1555 1103 1587 voluntas
1128 1555 1259 1598 propria
1287 1554 1464 1597 sull'ragata
1490 1554 1607 1593 suerit,
1636 1558 1667 1586 et
1686 1558 1762 1587 vota

175 1614 394 1645 succurrerint
416 1613 573 1655 legitima.
601 1626 616 1643 »
636 1613 705 1645 Hoc
722 1617 830 1645 autem
853 1624 918 1644 non
941 1612 985 1644 ita
1006 1612 1256 1653 intelligendum
1283 1616 1330 1644 est
1354 1616 1509 1656 tanquam
1535 1612 1603 1644 sine
1627 1623 1762 1644 enume-

176 1671 253 1703 ratis
276 1682 342 1703 non
369 1671 468 1715 possit
491 1682 557 1704 esse
580 1671 763 1713 legitimum
789 1669 998 1713 conjugium3
1015 1669 1067 1702 sed
1093 1669 1172 1713 quia
1195 1669 1263 1701 sine
1287 1670 1353 1702 illis
1368 1681 1433 1702 nou
1457 1669 1553 1702 habet
1567 1669 1715 1702 decorem
1731 1673 1762 1702 et

174 1727 374 1760 honestatem
390 1728 542 1761 debitam.
566 1729 603 1760 In
628 1728 728 1772 hujus
753 1728 839 1759 enim
861 1727 1053 1760 sacramenti
1077 1727 1314 1768 celebratione,
1332 1727 1415 1759 sicut
1439 1727 1472 1758 in
1497 1727 1570 1759 aliis
1584 1753 1591 1767 ,
1608 1726 1761 1771 quaedam

172 1790 248 1818 sunt
264 1786 459 1830 pertinentia
476 1786 516 1818 ad
539 1786 753 1818 substantiam
769 1785 981 1825 sacramenti,
1000 1789 1036 1817 ut
1051 1796 1226 1817 consensus
1247 1784 1285 1816 de
1304 1785 1453 1828 praesenti
1465 1811 1473 1823 ‚
1492 1784 1549 1828 qui
1565 1784 1654 1816 solus
1668 1784 1760 1816 suffi-

171 1844 215 1876 eit
229 1843 270 1876 ad
284 1843 543 1876 contrahendum
561 1843 808 1876 matrimonium
822 1856 830 1883 3
848 1842 1000 1887 quaedam
1028 1853 1103 1874 vero
1128 1842 1325 1886 pertinentia
1339 1841 1378 1874 ad
1400 1841 1548 1874 decorem
1564 1845 1595 1874 et
1610 1841 1762 1874 solemni-

172 1905 271 1933 tatem
298 1901 513 1942 sacramenti,
536 1905 573 1933 ut
590 1904 764 1944 parentum
785 1900 918 1933 traditio
933 1926 941 1942 ‚
962 1900 1166 1932 sacerdotum
1188 1899 1370 1931 benedictio
1386 1925 1393 1940 ,
1411 1903 1441 1931 et
1461 1898 1651 1943 hujusmodi
1669 1911 1675 1930 :
1694 1899 1763 1931 sine

173 1959 293 2003 quibus
316 1959 462 2002 legitime
486 1958 522 1990 fit
547 1958 739 2002 conjuginm
762 1962 923 2002 quantum
951 1957 990 1989 ad
1027 1958 1203 1997 virtutem,
1229 1968 1294 1989 non
1319 1961 1481 2000 quantum
1505 1956 1545 1989 ad
1563 1956 1762 1989 honestatem

173 2016 377 2049 sacramenti.
402 2015 480 2048 Sine
502 2015 552 2048 his
568 2026 644 2058 crgo
666 2026 732 2047 non
755 2015 847 2058 quasi
862 2014 1006 2057 legitime
1023 2014 1178 2057 conjuges
1191 2039 1199 2054 ‚
1216 2013 1270 2045 sed
1291 2013 1385 2057 quasi
1401 2012 1542 2045 adulteri
1557 2013 1609 2045 vel
1624 2013 1763 2046 fornica-

175 2077 262 2106 tores
284 2073 508 2114 conveniunt,
524 2077 561 2106 ut
582 2073 630 2105 illi
647 2072 705 2116 qui
725 2072 874 2105 clanculo
899 2072 1049 2111 nubunt,
1065 2076 1095 2103 et
1120 2071 1235 2114 utique
1258 2071 1469 2103 fornicatores
1489 2074 1595 2102 essent
1608 2096 1615 2110 ‚
1632 2070 1694 2102 nisi
1716 2070 1762 2102 eis

174 2131 410 2173 suffragaretur
428 2131 581 2163 voluntas
595 2130 704 2162 verbis
719 2141 868 2174 expressa
887 2129 926 2161 de
943 2129 1090 2173 praisenti
1105 2154 1112 2169 ‚
1128 2140 1202 2172 quae
1227 2128 1413 2169 legitimum
1438 2127 1522 2159 inter
1536 2138 1590 2160 eos
1603 2126 1679 2159 facit
1694 2137 1762 2159 ma-

175 2188 379 2220 trimonium.
403 2188 486 2220 Nam
511 2192 543 2220 et
565 2199 742 2220 consensus
762 2187 909 2220 occultus
925 2187 964 2219 de
986 2186 1139 2230 praesenti
1160 2196 1215 2229 per
1238 2186 1338 2218 verba
1362 2196 1553 2229 expressus,
1569 2184 1760 2228 conjugium

174 2244 270 2286 facit,
287 2245 363 2277 licet
377 2256 443 2278 non
466 2245 507 2278 sit
526 2245 572 2277 ibi
593 2245 748 2277 honestus
769 2248 952 2277 contractus
970 2256 976 2275 z
994 2243 1049 2276 sed
1075 2243 1322 2275 matrimonium
1348 2253 1413 2274 non
1435 2242 1541 2275 sanxit
1564 2252 1758 2283 consensus,

175 2302 232 2345 qui
247 2302 280 2334 in
296 2302 422 2335 occulto
438 2303 512 2335 fuit.
532 2302 567 2335 Si
582 2303 669 2335 enim
681 2302 762 2334 alter
778 2302 919 2334 alterum
932 2301 1102 2339 dimiserit,
1119 2311 1184 2333 non
1198 2299 1461 2343 cogiturjudicio
1475 2299 1626 2331 Ecclesiae
1641 2298 1758 2340 redire,

176 2363 207 2392 et
220 2370 425 2392 commanere
439 2360 533 2404 quasi
553 2371 628 2392 cum
647 2361 806 2403 conjuge:
825 2359 903 2404 quia
927 2370 992 2391 non
1016 2362 1120 2402 potest
1139 2358 1269 2401 probari
1286 2357 1421 2390 testibus
1435 2360 1635 2397 contractus,
1653 2356 1711 2402 qui
1725 2356 1760 2388 in

176 2416 302 2449 occulto
324 2420 371 2448 est
393 2417 506 2450 factus.
526 2417 619 2456 Quod
642 2418 668 2449 si
690 2417 751 2461 ipsi
770 2417 827 2461 qui
848 2417 881 2448 in
905 2416 1030 2448 occulto
1052 2415 1113 2447 sibi
1131 2418 1384 2455 consenserunt,
1400 2413 1552 2446 eumdem
1567 2424 1761 2446 consensum

176 2473 362 2507 voluntarie
377 2473 411 2506 in
428 2474 598 2506 manifesto
614 2474 839 2518 profiteantur,
856 2478 935 2506 tunc
950 2473 1082 2517 utrique
1099 2473 1229 2517 propria
1244 2472 1395 2505 voluntas
1410 2472 1620 2514 suffragatur,
1637 2475 1669 2503 et
1682 2471 1762 2514 legi-

178 2531 257 2564 tima
268 2534 345 2564 vota
358 2535 554 2564 succurrunt
564 2532 603 2563 ad
618 2532 829 2564 sanciendum
843 2531 1036 2575 conjugium
1046 2556 1054 2569 ‚
1074 2530 1162 2574 quod
1177 2530 1269 2574 prius
1284 2529 1408 2562 occulte
1425 2529 1532 2562 fuerat
1546 2532 1759 2561 contractum.

211 2629 364 2661 ‘Allegatu13
379 2636 447 2654 caus.
461 2635 524 2659 xxx,
539 2635 563 2661 q.
580 2635 605 2660 v,
621 2635 644 2653 c.
663 2634 698 2653 lx.
711 2642 740 2647 —
751 2629 761 2646 ἱ
773 2628 846 2659 Ιὸίά.,
862 2635 887 2660 q.
903 2634 927 2659 v,
943 2635 965 2652 c.
981 2634 998 2653 1.
1010 2641 1040 2647 -—
1050 2626 1131 2652 uma.
