1991 3006
79 1466 111 1486 Ad
122 1472 172 1492 opp.

681 211 775 241 DIST.
799 210 943 242 XXXVII.
968 210 1057 241 ΛΒΤ.
1082 211 1104 240 l.
1130 210 1181 247 QU
1198 211 1278 242 EST.
1303 212 1324 242 l.

204 279 403 316 trimonium,
420 278 545 309 videtur
560 287 615 317 per
630 278 746 309 multas
760 278 971 316 auctoritatns,

205 341 284 371 quas
308 332 433 362 adducit
457 331 608 370 Magister
631 331 663 361 in
686 331 805 369 littera,
833 332 973 361 maxime

206 395 261 425 per
276 385 361 415 illam
383 384 421 423 tal
447 384 558 414 Leonis
574 383 678 423 Papae,
696 394 769 424 quas
785 387 913 423 sumpta
928 386 975 414 est

205 439 275 469 dist.
298 447 397 468 xxxn.

245 491 321 521 Item
332 491 365 521 in
375 493 542 530 extravag.
555 491 592 521 de
604 491 724 521 clericis
737 492 882 530 conjng„
899 491 974 521 dicit

203 544 379 575 Alexander
409 544 448 574 III
475 555 481 574 :
506 556 519 573 α
540 544 572 574 Si
595 545 651 584 qui
680 544 864 574 clericorum
892 544 973 574 infra

203 597 463 628 subdiaconatum
482 598 658 636 acceperint
677 606 808 633 uxores,
830 597 914 636 ipsos
934 597 972 627 ad

202 650 381 681 retinendas
406 659 523 680 uxores
549 650 741 680 districtione
768 650 971 680 ecclesiastica

202 703 404 744 compellatis.
421 716 434 731 »

242 757 319 788 Item
333 758 455 787 ratione
470 756 605 793 videtur,
622 757 698 796 quia
714 756 751 786 ad
768 756 907 786 minores
921 766 972 787 or-

201 811 290 841 dines
312 813 347 841 ut
370 810 543 850 plurimum
567 809 693 849 parvuli
715 812 945 849 promoventur
963 821 969 840 ε

201 865 254 896 sed
267 865 344 895 tales
354 873 418 894 non
433 867 506 894 sunt
517 863 653 903 cogendi
669 863 707 894 ad
723 863 949 893 continentiam
964 875 969 894 :

201 927 290 957 ergo,
307 920 366 948 etc.

241 971 318 1001 Item
340 970 372 1000 in
387 970 533 1009 ingressu
556 969 720 1009 religionis
739 971 786 1000 est
804 971 921 1006 status,
940 970 971 999 in

200 1034 263 1065 quo
282 1025 353 1064 quis
368 1024 494 1063 probat,
514 1026 544 1054 et
559 1024 723 1063 probatur,
741 1025 912 1063 antequam
934 1023 971 1053 ad

200 1080 311 1108 votum
325 1076 525 1108 continentiae
540 1077 700 1115 obligetur
714 1087 720 1106 :
739 1085 818 1115 ergo
834 1076 902 1115 pari
918 1086 969 1107 ra-

199 1131 297 1167 tione,
319 1130 383 1160 imo
399 1129 499 1160 multo
514 1129 651 1167 fortiori,
669 1138 741 1159 cum
758 1129 918 1160 difficilius
932 1130 971 1160 sit

198 1184 231 1214 in
251 1183 366 1215 saeculo
385 1183 559 1216 continere,
586 1184 684 1212 status
707 1182 797 1213 dehet
819 1183 968 1213 determi-

198 1237 281 1272 nari,
298 1237 331 1266 in
348 1246 410 1276 quo
425 1236 527 1267 clerici
544 1236 661 1276 possint
678 1236 831 1275 probare,
851 1238 881 1266 et
898 1245 971 1275 pro-

198 1290 265 1321 bari
281 1292 388 1320 utrum
402 1290 499 1320 velint
516 1290 623 1320 vivere
635 1289 727 1325 casti,
745 1291 775 1319 et
791 1289 822 1319 in
839 1289 892 1320 illo
908 1299 970 1320 non

198 1343 313 1374 debent
335 1344 372 1374 ad
396 1343 567 1373 castitatem
591 1342 727 1381 obligari
746 1353 751 1372 :
770 1343 822 1373 sed
845 1343 902 1373 iste
925 1346 969 1373 est

197 1397 347 1427 ordinum
364 1397 547 1426 inferiorum
566 1405 573 1426 :
591 1405 680 1435 ergo,
699 1398 756 1426 etc.

238 1450 365 1480 Contra:
384 1450 421 1479 1.¹
434 1449 577 1479 Lectores
583 1458 657 1479 cum
667 1449 704 1479 ad
717 1458 815 1479 annos
825 1450 970 1488 puberta-

196 1503 237 1533 tis
246 1503 400 1539 venerint,
408 1505 563 1542 cogantur
571 1505 625 1532 aut
636 1512 768 1533 uxorem
777 1503 903 1540 ducere,
916 1505 970 1533 aut

196 1556 422 1587 continentiam
436 1555 592 1595 profiteri:
610 1555 696 1594 Ergo
714 1555 738 1585 si
751 1555 882 1586 lectores
894 1559 969 1587 sunt

196 1609 228 1639 in
251 1611 336 1639 statu
357 1608 543 1639 inferiorum
564 1608 724 1646 ordinum,
746 1608 870 1638 videtur
886 1610 969 1648 quod

197 1661 426 1702 compellantur
456 1662 493 1691 ad
522 1661 769 1692 continentiam:
795 1670 887 1701 ergo,
910 1666 969 1693 etc.

237 1718 266 1746 Ξ.
293 1716 370 1746 Item
396 1715 534 1745 minores
557 1715 681 1752 clerici,
707 1715 813 1745 statim
837 1718 872 1746 ut
897 1719 971 1746 sunt

198 1769 319 1805 clerici,
345 1769 377 1799 in
398 1771 514 1799 sortem
536 1768 589 1798 Dei
612 1771 685 1799 sunt
707 1769 825 1806 vocam
850 1771 880 1799 et
901 1769 970 1800 ideo

197 1822 269 1852 dicti
292 1825 365 1852 sunt
389 1822 511 1856 clerici,
537 1821 612 1860 quia
631 1821 662 1851 in
686 1824 803 1852 sortem
825 1822 877 1852 Dei
897 1826 971 1853 sunt

197 1875 360 1915 segregati
374 1886 380 1905 ;
393 1875 446 1905 sed
459 1876 516 1914 qut·
528 1874 619 1906 habet
630 1883 763 1906 uxorem
775 1879 819 1907 esc
830 1875 968 1913 divisus,

198 1929 278 1959 sicut
294 1929 367 1958 dicit
382 1931 392 1946 ²
414 1928 584 1967 Apostolus
598 1938 603 1957 ;
622 1937 701 1966 ergo
718 1928 825 1958 nullus
839 1928 970 1959 clericus

198 1983 308 2021 potest,
326 1990 382 2011 nec
397 1980 489 2011 (lebet
501 1981 619 2011 habere
635 1990 768 2011 uxorem
781 1990 787 2011 :
802 1990 892 2020 ergo,
910 1984 968 2013 etc.

238 2037 266 2065 3.
292 2034 369 2064 Item
389 2033 492 2064 omnis
515 2034 646 2064 clericus
667 2034 699 2064 in
719 2034 834 2065 minori
855 2035 968 2073 officio,

197 2088 265 2119 sive
279 2088 403 2124 ordine,
424 2087 613 2118 constitutus
629 2089 728 2127 potest
744 2088 860 2118 habere
875 2088 970 2119 bene-

196 2141 304 2171 ficium
328 2140 590 2177 ecclesiasticum,
617 2140 756 2170 maxime
782 2141 807 2170 si
831 2141 971 2172 intendat

197 2193 331 2224 ulterius
350 2193 545 2233 promoveri,
569 2193 678 2223 saltem
699 2193 886 2225 beneficium
904 2197 970 2227 sine

197 2255 291 2277 cura:
307 2246 360 2276 sed
373 2246 481 2276 nullus
494 2246 685 2285 conjugatus
696 2249 797 2286 potest
808 2258 865 2279 nec
879 2249 970 2280 debet

198 2299 314 2330 habere
329 2299 517 2329 beneficium
534 2299 743 2339 praebendale,
761 2301 842 2332 sicut
857 2302 971 2333 dicitur

198 2355 363 2391 extravag.
381 2352 418 2383 de
433 2351 552 2382 clericis
567 2353 746 2392 conjugatis
757 2377 765 2391 ,
782 2363 808 2384 c.
828 2355 970 2387 Diversis

198 2406 352 2446 sallacz'z'S,
378 2407 436 2436 etc.
466 2404 550 2444 Ergo
578 2405 684 2436 nullus
711 2407 842 2438 clericus
870 2411 969 2448 potest

199 2469 265 2490 esse
280 2460 483 2498 conjugatus

238 2515 267 2543 4.
294 2512 370 2543 Item
392 2511 496 2542 omnis
518 2512 649 2542 clericus
674 2513 705 2543 in
727 2514 840 2544 minori
867 2515 970 2546 officio

199 2563 387 2594 constitutus
410 2565 510 2603 potest
529 2563 668 2602 gaudere
690 2565 859 2605 privilegio
879 2566 970 2597 cleri-

200 2617 257 2648 cali
285 2628 291 2647 :
317 2617 371 2647 sed
394 2616 501 2647 nullus
528 2619 683 2648 uxoratus
707 2621 806 2657 potest
830 2620 969 2659 gaudere

234 2679 316 2704 ¹Dist.
331 2684 414 2703 xxxii.
428 2692 451 2695 —
469 2679 476 2692 ²
491 2679 496 2701 Ι
513 2678 640 2708 Cor.,v11.
657 2681 694 2703 33.
705 2681 778 2712 —(a)
790 2681 831 2706 Al.
844 2682 879 2705 De
892 2682 941 2705 illa.

1742 214 1793 243 361

1027 278 1196 318 privilegio
1212 277 1346 308 clericali
1365 290 1370 308 :
1388 287 1466 318 ergo
1481 278 1588 309 nullus
1604 278 1734 309 clericus
1748 288 1800 318 po-

1027 333 1087 361 test
1101 341 1166 361 esse
1180 333 1345 361 uxoratus
1364 331 1462 370 MaJor
1477 332 1642 362 manifesta
1656 334 1716 369 est;
1738 332 1797 362 nii-

1027 394 1085 414 nor
1104 386 1187 423 patet
1211 393 1267 423 per
1286 384 1471 414 decretalem
1495 385 1532 414 de
1552 385 1671 415 clericis
1688 387 1799 424 conju-

1029 438 1126 475 gatis,
1145 446 1171 467 c.
1189 437 1337 472 Jocmnes,
1350 439 1381 466 et
1397 437 1489 475 iufra,
1507 438 1561 467 ubi
1577 438 1700 475 dicitur,
1717 439 1800 477 quod

1027 492 1182 520 uxoratus
1197 490 1291 519 etiam
1309 492 1491 520 tonsuratus
1506 499 1568 520 uon
1585 492 1684 530 potest
1700 491 1801 530 privi-

1028 543 1111 582 legio
1136 542 1269 572 clericali
1293 542 1443 581 gaudere.
1471 542 1503 572 Si
1527 544 1561 572 tu
1585 543 1690 580 dicas,
1715 544 1800 583 quod

1027 597 1094 627 istae
1109 596 1216 626 ration
1231 606 1244 626 s
1265 605 1327 626 non
1343 596 1462 632 valent,
1480 596 1554 634 quia
1571 597 1625 635 qui
1640 599 1686 627 est
1706 596 1800 627 c'eri-

1026 658 1095 686 cus⁷
1119 651 1219 688 potest
1238 658 1301 679 non
1321 658 1388 678 esse
1411 648 1558 685 clericus,
1584 651 1613 679 et
1635 649 1677 679 ita
1699 652 1801 689 potest

1027 712 1095 733 esse
1106 705 1270 740 uxoratns;
1287 704 1396 732 contra
1408 713 1414 731 z
1430 702 1554 733 Ordinis
1565 705 1799 734 sacramentum

1027 758 1073 787 est
1084 765 1139 796 per
1154 756 1394 796 impressionem
1405 755 1596 786 characteris
1609 767 1615 786 τ
1629 765 1706 795 ergo
1719 757 1800 787 sicut

1028 810 1199 850 baptizatus
1223 819 1287 839 non
1314 811 1414 848 potest
1437 818 1504 839 esse
1527 818 1591 839 non
1613 809 1796 848 baptizatus,

1027 863 1070 893 ita
1085 863 1209 893 videtur
1224 862 1308 902 quod
1319 862 1450 892 clericus
1461 871 1525 893 non
1539 862 1635 902 possit
1649 863 1717 893 fieri
1734 872 1798 893 non

1027 915 1174 953 clericus,
1195 916 1261 946 sive
1278 925 1341 946 non
1357 915 1531 946 ordinatus.

1302 1035 1526 1067 CONCLUSIO.

1029 1123 1140 1150 Ordines
1166 1125 1280 1149 minores
1302 1123 1338 1149 ad
1368 1123 1574 1149 contrahendum
1603 1124 1801 1150 matrimonium

1063 1176 1115 1194 non
1137 1169 1269 1202 prrestaut
1293 1168 1526 1201 impedimentznn:
1544 1168 1603 1193 licet
1626 1169 1803 1194 ministerium

1062 1215 1088 1238 et
1109 1213 1259 1245 beneficium
1275 1213 1304 1238 z'n
1327 1212 1448 1238 Ecclesia
1470 1212 1632 1238 occidentali
1651 1213 1800 1246 oppositio-

1062 1264 1120 1283 nem
1134 1256 1246 1282 habeant
1262 1256 1298 1282 ad
1311 1256 1521 1282 matrimonium.

1068 1344 1158 1383 Resp.
1177 1343 1216 1373 ad
1227 1352 1297 1382 arg.
1312 1342 1484 1373 Dicendum
1495 1343 1578 1382 quod
1594 1343 1627 1372 in
1638 1343 1802 1373 ordinibus

1027 1397 1202 1427 minoribus
1220 1401 1265 1426 est
1287 1396 1484 1426 considerare
1503 1395 1664 1433 orclInem,
1687 1398 1716 1426 et
1732 1396 1802 1426 offi-

1026 1450 1110 1480 cium
1135 1451 1200 1480 sive
1228 1450 1459 1487 ministerium,
1482 1451 1512 1479 et
1538 1450 1745 1486 heneficium3
1772 1451 1802 1480 et

1026 1503 1121 1533 simul
1137 1503 1205 1533 haec
1222 1503 1281 1532 tria
1296 1504 1427 1542 possunt
1442 1503 1617 1541 comparari
1634 1503 1672 1532 ad
1690 1503 1799 1532 matri-

1027 1557 1182 1587 monium.
1198 1556 1236 1586 Et
1250 1556 1327 1586 ordo
1342 1556 1447 1585 minor
1463 1556 1583 1585 nullam
1599 1556 1692 1586 habet
1707 1565 1802 1596 oppo-

1026 1610 1172 1640 sitionem
1187 1610 1225 1640 ad
1243 1609 1482 1639 matrimonium
1503 1609 1623 1639 ratione
1644 1609 1693 1639 sui
1706 1632 1713 1644 ,
1735 1609 1802 1639 sive

1027 1663 1215 1693 characteris
1227 1687 1234 1700 ,
1265 1672 1322 1693 nec
1351 1664 1506 1702 quantum
1535 1662 1574 1692 ad
1606 1664 1801 1692 contractum

1027 1716 1233 1753 matrimonii,
1251 1725 1308 1746 nee
1322 1718 1479 1755 quantum
1494 1716 1530 1745 ad
1548 1724 1652 1745 usum.
1670 1715 1729 1746 Sed
1746 1715 1802 1745 nii-

1026 1769 1193 1799 nisterium
1214 1771 1244 1799 et
1267 1768 1470 1805 heneficium,
1494 1768 1668 1798 secundum
1694 1768 1801 1798 Eccle-

1027 1823 1106 1852 siam
1120 1821 1341 1852 occidentalem
1358 1845 1364 1857 ‚
1388 1821 1617 1861 oppositionem
1632 1821 1751 1852 hahent
1765 1822 1803 1851 ad

1028 1875 1268 1906 matrimonium
1283 1877 1439 1914 qnantum
1451 1875 1489 1904 ad
1501 1883 1593 1904 usum
1607 1877 1735 1914 propter
1750 1875 1804 1905 ho-

1027 1930 1178 1958 nestatem
1195 1939 1200 1958 :
1216 1929 1247 1957 et
1262 1928 1414 1967 quoniam
1431 1927 1562 1957 clericus
1577 1928 1609 1957 in
1626 1927 1804 1958 minoribus

1027 1980 1191 2010 ordinibus
1209 1989 1273 2010 non
1294 1981 1431 2017 tenetur,
1447 1989 1504 2010 nec
1525 1982 1572 2010 est
1593 1980 1750 2019 obligatus
1765 1980 1803 2011 ad

1027 2033 1183 2070 officium,
1206 2042 1264 2063 nec
1284 2033 1323 2063 ad
1347 2033 1580 2070 ministerium,
1608 2033 1678 2063 ideo
1702 2035 1803 2072 potest

1027 2087 1211 2117 contrahere
1226 2087 1292 2116 sine
1312 2086 1418 2125 aliquo
1438 2087 1665 2125 impedimento
1683 2096 1690 2117 :
1709 2089 1740 2117 et
1759 2087 1803 2117 ita

1027 2141 1262 2172 concedendum
1273 2142 1329 2177 est,
1347 2140 1432 2179 quod
1444 2141 1581 2171 minores
1596 2140 1720 2171 ordines
1735 2150 1804 2171 ma-

1026 2195 1175 2224 trimonio
1190 2203 1254 2224 non
1271 2196 1420 2233 praestant
1438 2194 1712 2233 impedimentum.

1068 2251 1095 2278 1.
1125 2248 1172 2278 Ad
1200 2247 1277 2277 illud
1303 2256 1382 2285 ergo
1407 2248 1491 2286 quod
1521 2247 1670 2287 objicitur
1682 2271 1690 2285 ‚
1719 2247 1802 2286 quod

1026 2300 1156 2331 lectores
1188 2300 1301 2330 debent
1335 2300 1561 2330 continentiam
1598 2300 1781 2339 promittere
1794 2324 1801 2337 ‚

1026 2353 1193 2384 dicendum
1220 2353 1304 2393 quod
1330 2353 1407 2383 illud
1436 2353 1611 2392 capitulum
1640 2353 1731 2383 debet
1754 2353 1803 2382 in—

1026 2407 1142 2446 telligi,
1168 2407 1294 2446 quando
1316 2408 1546 2446 promoventur
1571 2406 1610 2437 ad
1636 2406 1799 2436 subdiaco-

1026 2462 1155 2496 natum;
1182 2459 1322 2499 alioquin
1349 2459 1454 2489 solum
1479 2461 1525 2489 est
1550 2459 1730 2489 consilium.

1066 2515 1095 2550 2,
1113 2515 1130 2543 3
1146 2515 1215 2543 etli.
1226 2513 1272 2543 Ad
1282 2513 1335 2543 illa
1350 2521 1426 2543 vero
1435 2521 1506 2552 quae
1515 2512 1710 2551 objiciuntur
1719 2513 1798 2551 post,

1023 2567 1089 2605 jam
1106 2568 1190 2606 patet
1210 2567 1384 2606 responsio.
1407 2566 1562 2605 Objicitur
1577 2566 1661 2596 enim
1680 2565 1718 2595 de
1738 2564 1800 2594 cle-

1026 2620 1090 2650 rico
1106 2623 1263 2660 quantum
1281 2620 1320 2650 ad
1343 2619 1572 2656 ministerium,
1597 2621 1627 2648 et
1640 2619 1799 2658 quantum

1026 2673 1064 2703 ad
1091 2673 1298 2710 beneficium,
1328 2675 1359 2703 et
1383 2672 1590 2712 privilegium
1601 2695 1609 2709 ‚
1637 2679 1709 2710 quae
1735 2679 1800 2701 non
