1991 3006
107 1957 211 1978 Fundam.

228 223 284 252 55ss

225 289 368 320 cundum
391 288 639 327 humanitatem,
662 289 863 319 commissam
890 301 896 320 ι
915 290 998 320 unde

225 344 418 374 consectatus
434 344 489 373 est.
509 341 586 372 Cum
609 342 710 381 igitur
725 343 763 373 sit
779 345 915 382 potestas
932 343 998 382 pri-

225 397 325 426 maria,
336 396 367 425 in
384 395 455 432 Deo,
471 395 522 425 sed
535 395 704 426 commissa
716 396 749 426 in
763 396 892 426 homine
904 396 996 426 Chri-

225 452 286 487 sto7
304 449 377 479 lulio
392 449 556 479 sentcntiae
569 449 660 479 dubet
679 450 746 480 fieri
764 459 782 480 a
798 450 920 480 Christo
936 450 996 480 ho-

227 502 311 532 mine
324 502 496 532 secundum
514 502 746 533 humanitatem
757 527 764 540 ,
780 504 855 543 quia
868 503 893 532 si
909 504 997 533 fieret

226 555 401 585 secundum
419 557 604 595 potestatem
621 556 823 595 primaruim,
850 566 924 586 cum
947 566 995 587 se-

226 609 329 639 cunda
352 609 390 648 (a)
414 609 493 639 nihil
516 609 568 640 det
591 610 717 650 primae,
744 620 806 640 uon
828 613 908 641 esset
924 619 998 641 vere

222 661 321 701 Judex
336 662 512 692 secundum
527 663 781 701 humanitatem
801 664 855 694 scd
870 664 997 703 quando

225 716 362 746 secunda
376 718 533 755 operatur,
551 726 624 747 cum
635 717 764 757 recipiat
779 728 798 748 a
814 718 926 757 prima,
941 727 997 748 ra-

227 769 268 799 tio
290 769 449 808 judicandi
472 770 586 800 residet
611 780 706 810 penes
732 774 921 811 utramque;
949 781 997 802 se-

225 822 327 853 cunda
341 822 427 852 enim
452 823 560 862 recipit
574 833 592 854 a
608 824 721 863 prima.
741 824 813 855 Ideo
830 824 904 855 latio
922 834 996 854 sen-

225 876 331 906 tentIae
356 876 444 906 fieta
461 876 583 907 Christo
610 877 785 907 secundum
808 878 996 908 humanita-

226 931 303 959 tem.
322 928 382 959 Sed
398 929 473 968 quia
488 929 629 959 Christus
649 932 696 960 est
719 930 799 961 Deus
823 933 852 960 et
879 931 995 969 homo,

226 982 378 1012 sententIa
393 983 462 1022 ejus
475 992 539 1013 non
562 983 621 1013 erit
636 986 787 1023 tunquam
808 984 925 1024 ,iudicis
942 985 995 1015 de-

225 1035 342 1075 legati,
359 1036 413 1066 sed
428 1038 580 1076 tanquam
596 1037 778 1077 priuprulis
797 1047 804 1067 :
828 1040 858 1068 et
874 1038 943 1069 ideo
958 1038 997 1068 ab

225 1098 262 1119 eo
277 1091 404 1128 propter
418 1092 588 1130 utramque
607 1092 795 1129 potestatem
811 1091 918 1121 nullus
940 1101 996 1131 po-

225 1143 297 1172 terit
311 1142 477 1182 appellare.
496 1142 708 1174 Conccdcndae
734 1146 807 1174 sunt
823 1144 922 1182 igitur
949 1154 997 1174 ra-

226 1196 327 1226 tiones
349 1196 388 1226 ad
411 1198 580 1236 utramque
605 1199 747 1236 partem:
768 1198 898 1237 primae,
921 1198 998 1238 quia

227 1258 340 1279 verum
355 1249 564 1287 concludunt,
582 1250 666 1289 quod
679 1250 848 1289 judiciaria
862 1253 998 1290 potestas

226 1302 267 1332 sit
281 1301 394 1332 Christi
409 1303 584 1333 secundum
603 1303 800 1333 divinitatem
814 1315 821 1341 ;
849 1304 996 1335 similiter

226 1356 263 1385 ad
275 1356 466 1396 oppositum,
482 1356 556 1396 quia
571 1365 683 1387 verum
697 1357 900 1395 concludunt,
913 1358 997 1397 quod

227 1410 266 1440 sit
281 1409 396 1440 Christi
418 1409 592 1440 secundum
616 1410 865 1449 humanitatem,
892 1412 996 1442 maxi-

228 1472 279 1493 me
295 1465 452 1502 quantum
469 1463 506 1493 ad
522 1464 685 1494 sententiae
701 1464 861 1495 lationem.
890 1465 998 1496 Robur

227 1518 332 1547 tamen
347 1516 526 1553 sententiae,
553 1519 587 1547 ut
603 1517 722 1547 dictum
737 1519 802 1556 est,
831 1527 895 1548 non
910 1519 998 1558 prin-

226 1569 367 1609 cipaliter
381 1572 428 1600 est
441 1579 481 1600 ex
495 1570 693 1601 humanitate
718 1571 849 1607 Christi,
869 1572 922 1602 sed
939 1581 997 1612 po-

226 1622 290 1653 tius
306 1631 345 1653 ex
363 1623 432 1662 ejus
447 1622 621 1653 divinitate.

474 1738 677 1775 QUAESTIO
708 1739 749 1770 II.

299 1821 341 1845 An
367 1818 487 1845 Christus
510 1819 653 1853 apparebit
675 1820 757 1847 malis
783 1821 812 1847 in
838 1821 927 1853 forma

515 1863 671 1890 divinitatis
689 1865 705 1890 ¹.

268 1942 308 1973 De
334 1942 436 1973 forma
455 1942 487 1973 in
508 1952 571 1982 qua
593 1942 735 1974 Christus
757 1945 940 1984 apparebit,
969 1947 999 1975 et

226 1996 381 2036 quaeritur
397 1999 506 2027 utrum
532 1996 681 2028 informa
707 1998 881 2028 dlvinitatis
903 2008 998 2038 appa-

226 2052 292 2080 reat
307 2049 408 2079 malis.
433 2049 470 2080 Et
484 2050 569 2089 quod
592 2059 656 2081 non
670 2075 677 2087 ‚
704 2050 844 2081 Isidorus
859 2051 950 2089 dicit,
969 2054 999 2081 et

226 2103 360 2133 habetur
373 2103 411 2133 ab
424 2104 614 2142 Augustino,
632 2106 661 2134 et
680 2104 808 2143 ponitur
823 2104 856 2134 iu
869 2104 971 2134 littera
989 2117 995 2134 2

231 2168 244 2184 (ι
260 2156 294 2186 In
316 2156 432 2194 forma,
449 2157 481 2186 In
504 2166 568 2196 qua
587 2157 746 2196 judicatus
762 2159 822 2195 est,
847 2157 998 2188 videbunt

226 2218 316 2247 eum,
338 2211 373 2239 ut
389 2209 530 2247 doleant3
558 2210 591 2240 in
612 2210 714 2240 forma
737 2210 908 2241 divinitatis
935 2220 997 2242 non

228 2262 400 2300 videbunt,
418 2272 458 2293 ne
476 2263 637 2301 gaudeant
650 2264 671 2293 ².
689 2274 702 2291 n

268 2314 345 2345 Item
364 2316 486 2346 ratione
501 2316 638 2353 videtur,
654 2317 728 2356 quia
742 2317 800 2347 lux
817 2317 869 2348 illa
885 2321 932 2349 est
947 2319 996 2349 in-

227 2368 414 2399 accessibiIiS
438 2368 537 2399 oculis
564 2369 740 2400 intellectus
760 2371 857 2401 nostri
882 2381 997 2403 secun-

228 2422 304 2453 dum
324 2424 440 2453 statum
463 2422 679 2454 infirmitatis:
707 2433 785 2464 ergo
810 2425 834 2454 si
856 2416 998 2457 damnati

261 2520 324 2549 ¹Cf.
341 2521 367 2544 S.
394 2520 496 2550 Thom.,
520 2520 545 2543 in
568 2520 695 2551 Suppl.1i.
713 2522 759 2549 tu,
775 2529 800 2552 q.
828 2529 868 2552 xc,
893 2525 939 2546 art.
970 2526 999 2554 23

230 2556 260 2579 lv
279 2555 357 2585 Sent.,
376 2555 434 2578 dist.
454 2561 549 2583 :zi-vui,
568 2562 593 2585 q.
616 2562 637 2585 1,
656 2558 702 2579 art.
726 2558 755 2585 23
775 2557 865 2580 Tuom.
886 2559 1000 2589 Arg-wit„

232 2590 262 2613 lV
278 2590 355 2619 δοιώ,
370 2590 425 2614 dist.
442 2596 532 2620 vain,
548 2597 572 2620 q.
590 2596 611 2618 1,
625 2593 671 2614 nrt.
689 2593 714 2621 ¹3
729 2591 856 2622 maharu„
876 2594 905 2616 IV
921 2594 1000 2625 Sena,

231 2625 287 2648 dist.
311 2631 409 2654 vam,
431 2633 456 2656 «ι.
481 2631 517 2655 11;
540 2625 688 2649 Francis-cns
709 2626 739 2649 de
760 2627 850 2658 Mayr,
871 2629 901 2651 tx·
923 2629 1001 2660 Seni„

231 2660 288 2684 dist.
307 2666 403 2691 vaui,
422 2668 446 2692 q.
470 2667 491 2689 ι,
512 2663 558 2684 art.
579 2662 608 2690 55
630 2661 717 2692 steph.
741 2662 843 2692 Brutef.‚
870 2664 898 2687 tv
922 2664 1002 2694 sent„

232 2695 287 2719 dist.
317 2701 414 2726 vaul,
439 2703 463 2727 q.
494 2702 534 2726 11;
562 2696 650 2720 Petrus
675 2696 705 2720 de
729 2697 840 2727 Tarant.,
865 2699 894 2723 tv
923 2699 1002 2729 Sent.‚

784 221 1093 254 SENTENTIARUM
1117 223 1190 254 LIB.
1217 223 1266 255 IV.

1052 294 1186 330 surgent
1201 301 1273 321 cum
1297 291 1534 322 infirmitatibus
1558 294 1588 323 et
1611 292 1820 332 imperfectio-

1053 344 1148 374 nibus
1161 368 1168 380 ‚
1186 353 1263 381 ergo
1279 344 1502 375 inaccessibilis
1517 346 1576 375 erit
1591 346 1675 385 ipsis.

1094 398 1170 428 Item
1180 398 1189 413 ³
1203 407 1210 427 :
1222 398 1296 429 Hoec
1312 401 1356 429 est
1372 399 1437 430 rita
1447 402 1577 437 (eterna,
1591 402 1824 439 utcossnoscant

1053 454 1080 482 te
1096 459 1203 482 rerum
1219 451 1316 482 Deum
1332 462 1343 482 ,·
1359 460 1439 490 ergo
1454 461 1528 482 cum
1545 452 1651 483 videre
1667 452 1766 483 Deum
1784 452 1824 483 sit

1053 504 1118 534 vita
1133 506 1261 541 aeterna,
1278 506 1309 534 et
1323 504 1398 534 mali
1414 514 1477 534 non
1492 505 1553 535 sint
1569 505 1707 536 habituri
1723 507 1823 536 vitam

1053 559 1204 588 aeternam
1218 568 1225 594 ;
1243 566 1321 595 ergo
1335 566 1399 587 non
1414 557 1567 588 videbunt
1583 559 1705 589 eumin
1722 558 1824 590 forma

1052 610 1236 641 divinitatis.

1093 663 1170 694 Item
1186 663 1308 704 reprobi
1333 663 1449 694 debent
1470 665 1592 704 puniri,
1614 667 1644 695 et
1665 666 1824 705 quantum

1051 717 1091 748 ad
1105 718 1278 753 rati0nem,
1302 720 1331 748 et
1354 720 1515 757 quantum
1540 718 1577 748 ad
1600 718 1796 750 voluntatem
1815 730 1821 750 :

1052 771 1105 801 sed
1121 773 1275 810 quantum
1292 771 1330 801 ad
1349 770 1543 801 voluntatem
1559 771 1659 801 Deum
1681 781 1744 802 non
1767 781 1825 812 po-

1054 826 1157 854 terunt
1175 824 1211 863 tbi
1229 833 1335 854 amare
1353 833 1359 852 ι
1379 833 1456 863 vrgo
1472 833 1529 854 nec
1544 827 1702 863 quantum
1718 825 1756 856 ad
1771 834 1822 856 ra-

1052 877 1169 907 tionem
1189 877 1306 908 videre.

1093 930 1226 961 Contra:
1244 933 1272 960 21.
1295 930 1429 970 Reprobi
1445 931 1499 971 qui
1523 932 1694 962 noluerunt
1718 931 1823 962 Chris-

1053 985 1121 1013 tum
1147 984 1273 1014 credere
1289 993 1354 1014 esse
1373 983 1472 1014 Deum
1485 1008 1493 1021 ,
1521 986 1596 1015 tunc
1616 994 1682 1015 non
1704 984 1825 1016 dubita-

1053 1037 1133 1067 bunt
1148 1037 1253 1076 ipsum
1270 1046 1338 1067 esse
1355 1036 1453 1067 Deum
1468 1048 1474 1067 z
1490 1046 1570 1076 crgo
1583 1037 1696 1068 Christi
1712 1038 1826 1069 divini-

1053 1092 1100 1120 tas
1117 1091 1176 1120 eri‘t
1192 1091 1238 1120 eis
1251 1091 1416 1121 manifesta
1431 1091 1614 1129 cognitione
1629 1092 1803 1123 certissima
1816 1103 1828 1123 :v

1054 1152 1135 1182 ergo
1151 1144 1252 1183 ipsam
1267 1143 1421 1179 videbunt
1437 1153 1501 1173 non
1526 1144 1629 1175 solum
1644 1154 1701 1185 per
1713 1154 1826 1185 specu·

1054 1196 1120 1226 lum
1133 1220 1141 1234 ‚
1159 1197 1212 1226 sed
1228 1206 1283 1236 per
1297 1205 1329 1226 se
1346 1197 1456 1236 ipsam.

1093 1252 1121 1279 Ξ).
1139 1249 1216 1279 Item
1231 1250 1357 1279 videtur
1371 1250 1455 1290 quod
1471 1250 1604 1281 debeant
1616 1251 1733 1290 videre,
1749 1252 1827 1292 quia

1053 1302 1179 1341 leprobi
1197 1302 1309 1333 debent
1324 1303 1435 1333 terreri
1451 1303 1488 1333 ad
1505 1306 1666 1343 aspectum
1683 1304 1797 1336 Christi
1817 1317 1824 1336 :

1054 1355 1107 1386 sed
1123 1356 1207 1395 quod
1222 1365 1348 1386 summe
1363 1358 1457 1386 terret
1472 1381 1481 1394 ,
1499 1359 1543 1387 est
1561 1359 1696 1396 potestas
1712 1358 1827 1389 divini-

1054 1410 1125 1439 tatis
1140 1412 1170 1440 et
1184 1409 1358 1449 maJestatis
1372 1420 1378 1439 :
1392 1412 1422 1439 et
1437 1410 1521 1449 quod
1536 1410 1579 1440 ita
1591 1410 1650 1449 sit,
1667 1411 1803 1442 dicitur*
1816 1422 1823 1442 ι

1060 1463 1169 1495 Veniet
1181 1462 1269 1501 filius
1290 1463 1430 1495 hominis
1447 1472 1517 1495 cum
1530 1467 1684 1503 potestate
1705 1474 1823 1506 mayna

1054 1521 1084 1549 et
1099 1517 1264 1556 majestate
1279 1528 1289 1546 :
1308 1527 1406 1557 ergo,
1425 1520 1483 1548 etc.

1095 1575 1123 1602 3.
1149 1572 1229 1615 Item
1251 1582 1346 1603 nemo
1368 1573 1501 1612 punitur
1517 1574 1650 1613 perfecte
1669 1583 1709 1605 ex
1729 1575 1824 1606 amis-

1055 1626 1142 1656 sione
1163 1625 1297 1664 alicujus
1322 1626 1413 1662 boni⁷
1441 1626 1501 1656 nisi
1524 1626 1602 1657 illud
1624 1631 1796 1667 cognoscat
1816 1640 1823 1659 ε

1055 1688 1134 1718 ergo
1143 1679 1168 1708 si
1179 1679 1305 1718 reprobi
1313 1678 1425 1709 debent
1434 1679 1539 1718 puniri
1546 1680 1686 1711 carentia
1694 1681 1826 1713 visionis

1055 1732 1129 1769 Dei,
1153 1732 1243 1762 dehet
1261 1733 1306 1762 eis
1325 1733 1445 1763 ostendi
1464 1735 1619 1772 quantum
1641 1734 1761 1766 bonum
1788 1735 1828 1766 sit

1055 1785 1135 1816 visio
1150 1785 1202 1816 Dei
1219 1796 1225 1815 ς
1249 1785 1302 1816 sed
1317 1785 1377 1816 hoc
1391 1795 1454 1816 non
1473 1789 1573 1826 potest
1592 1787 1685 1826 sciri,
1703 1788 1764 1818 nisi
1778 1789 1826 1819 vi-

1055 1839 1184 1869 deatur:
1197 1848 1277 1878 ergo
1286 1840 1395 1869 saltem
1408 1840 1440 1870 in
1450 1840 1570 1879 ¹iudicio
1580 1840 1695 1872 debent
1705 1841 1824 1872 videre.

1095 1896 1124 1924 4.
1143 1893 1220 1924 Item
1236 1902 1345 1933 quaero
1369 1894 1523 1924 rationem
1536 1918 1544 1931 ,
1567 1903 1665 1934 quare
1686 1904 1749 1926 non
1772 1895 1827 1927 de-

1055 1947 1148 1977 beant
1162 1947 1281 1977 videre.
1300 1947 1332 1978 Si
1348 1947 1431 1978 dicas
1448 1958 1454 1977 :
1477 1947 1545 1978 «Ne
1561 1948 1732 1987 gaudeant,
1749 1960 1763 1977 n
1783 1949 1824 1979 si-

1055 2004 1107 2031 cut
1122 2001 1194 2030 dicit
1221 2000 1375 2039 Isidorus,
1398 2003 1428 2031 et
1444 2001 1666 2040 Augustinus3
1687 2001 1801 2034 Contra
1818 2012 1826 2034 :

1056 2053 1154 2084 Omne
1178 2054 1261 2094 quod
1278 2055 1429 2094 recipitur
1449 2055 1481 2084 in
1505 2054 1626 2094 aliquo,
1652 2057 1700 2086 est
1713 2056 1756 2086 ibi
1773 2065 1828 2097 per

1056 2106 1187 2136 modum
1210 2107 1389 2146 recipientis
1406 2118 1412 2137 :
1431 2116 1510 2146 ergo
1533 2108 1558 2137 si
1581 2108 1698 2138 habent
1719 2109 1827 2140 oculos

1057 2159 1212 2197 infirmos,
1231 2160 1288 2190 lux
1298 2169 1375 2190 vera
1385 2160 1491 2200 potius
1506 2161 1713 2200 contristabit,
1730 2171 1827 2201 quam

1056 2213 1203 2250 delectet,
1222 2213 1303 2244 sicut
1317 2215 1400 2252 patet
1415 2213 1509 2243 etiam
1529 2212 1560 2242 in
1577 2213 1645 2243 luce
1660 2214 1826 2254 corporali.

1097 2268 1126 2296 5.
1153 2265 1229 2296 Item
1254 2266 1400 2306 possibile
1419 2268 1464 2296 est
1480 2265 1541 2296 Deo
1557 2275 1704 2306 separare
1725 2267 1759 2298 in
1776 2277 1828 2298 re-

1057 2319 1163 2359 probis
1184 2319 1402 2358 cognitionem
1417 2328 1435 2349 a
1450 2319 1672 2358 delectatione,
1694 2321 1775 2351 sicut
1794 2321 1827 2352 in

1053 2372 1172 2411 judicio
1188 2372 1271 2410 ignis
1286 2371 1390 2402 lucem
1403 2381 1421 2402 a
1432 2372 1534 2402 calore
1548 2381 1555 2402 ι
1572 2374 1602 2402 et
1617 2373 1644 2402 si
1659 2372 1733 2411 hoc,
1750 2375 1827 2405 tunc

1058 2424 1183 2455 videtur
1208 2425 1292 2464 quod
1313 2427 1442 2464 propter
1466 2425 1556 2455 istam
1583 2425 1739 2457 rationem
1763 2436 1828 2458 non

1058 2479 1168 2510 debeat
1182 2479 1350 2510 dimittere.

1059 2577 1116 2600 dist.
1132 2583 1223 2606 xum,
1239 2584 1262 2608 q,
1284 2583 1310 2601 u.
1323 2591 1353 2594 —
1363 2577 1371 2592 ²
1387 2577 1450 2601 Sunt
1462 2576 1540 2600 verba
1553 2577 1673 2608 Magistri,
1683 2591 1712 2596 —
1724 2579 1735 2596 ⁸
1745 2580 1828 2612 loon„

1060 2618 1121 2641 xvu,
1136 2614 1158 2636 3.
1172 2626 1196 2629 —
1213 2613 1223 2629 ¹·
1235 2613 1336 2643 Mami„
1353 2618 1421 2642 xxiv,
1437 2614 1474 2636 30.

1093 2666 1127 2696 (a)
1150 2665 1218 2690 Edit.
1244 2666 1301 2689 I'en.
1324 2665 1471 2690 secundam.
1490 2678 1519 2683 —
1540 2665 1572 2695 (b)
1594 2666 1652 2690 Caet.
1676 2666 1735 2691 edin
1760 2670 1829 2699 pote-

1060 2703 1124 2724 rant.

1839 943 1871 963 Μ
1892 951 1943 974 ουν·
