1991 3006
133 834 165 854 Ad
184 840 236 860 opp.

129 1524 220 1547 Quaestio

130 1554 233 1574 lateralis.

257 227 313 256 100

253 291 369 331 quibus
392 290 584 330 poinitentiae
608 291 759 319 taxantur
777 300 782 319 ι
799 289 825 319 si
845 288 1022 327 crgo-judi-

253 343 338 372 cium
352 341 494 371 Ecclesia}
510 342 632 370 rectum
644 364 651 377 ‚
676 340 836 370 conforme
853 342 898 369 cst
917 339 1024 369 (livino

250 393 385 432 judicio,
403 394 506 431 patet,
525 393 584 421 etc.

294 446 371 475 Item
396 454 452 484 per
467 447 629 484 peccatum
645 445 762 475 meruit
777 444 884 474 anima
898 452 963 473 non
978 451 1024 472 so-

252 498 318 528 lum
336 498 367 527 in
383 498 459 535 igne
470 498 613 535 cremari,
628 498 679 528 sed
696 498 790 527 etiam
801 507 819 527 a
833 497 885 527 Dei
903 496 1023 526 visione

252 552 372 591 privari
389 563 395 582 z
410 561 490 591 ergo
504 554 639 592 utroque
657 553 748 582 modo
763 552 855 582 debet.
870 553 1024 589 tempora-

250 607 320 636 liter
334 606 461 646 puniri:
479 615 558 645 ergo
573 606 628 646 qui
644 606 777 644 gravius
792 604 941 644 peccavit,
959 611 1024 633 non

250 659 353 690 solum
371 660 518 690 acerbius
532 659 651 699 puniri,
667 667 781 689 verum
796 658 889 687 etiam
904 656 1023 686 diutius

250 713 340 744 debet
363 722 381 743 a
396 712 450 743 Dei
474 712 597 742 visione
619 711 758 752 separari
777 722 782 740 :
804 719 883 749 ergo
906 709 1024 739 tardius

250 767 398 806 purgari.

291 818 405 849 Contra
427 830 432 849 z
451 822 479 849 ’1.
502 819 802 857 Quantumcumque
828 817 941 848 merita
961 817 1024 847 sint

250 872 400 911 aequalia,
416 875 480 903 tam
494 872 526 902 in
543 872 636 909 coelo,
654 880 750 910 quam
766 871 798 900 in
814 870 935 900 inferno
950 872 1024 899 sunt

249 925 381 964 praemia
394 927 425 955 et
441 925 595 964 supplicia
609 924 775 963 aequaliter
789 924 935 954 durantia
953 934 959 952 :
977 931 1024 952 er-

250 986 293 1016 go
314 979 452 1018 pariter,
470 980 505 1008 ut
525 978 662 1015 videtur,
688 978 780 1007 dehet
800 986 867 1006 csse
882 976 915 1006 in
930 984 1023 1015 poena

248 1032 447 1071 purgatoria.

288 1087 317 1115 2.
335 1085 424 1122 Item,
441 1084 615 1115 secundum
631 1084 716 1124 quod
730 1083 881 1114 intensior
895 1085 941 1113 cst
957 1082 1021 1112 cul-

248 1148 304 1178 pa,
321 1138 476 1168 intensior
498 1138 526 1167 ei
546 1138 689 1168 redditur
709 1146 802 1176 poena
820 1147 826 1166 z
844 1136 898 1166 sed
920 1145 1021 1175 quan-

248 1193 317 1221 tum
332 1193 434 1230 potest
445 1191 550 1221 minor
568 1200 662 1230 poena
677 1200 772 1230 super
787 1190 944 1220 minorem
960 1189 1023 1219 cul-

250 1253 323 1284 pan]
334 1269 341 1281 ,
358 1246 482 1274 tantum
499 1246 599 1283 potest
615 1244 719 1282 maj0r
732 1252 828 1282 super
843 1243 996 1281 maiorem
1013 1252 1018 1270 :

248 1306 328 1335 ergo
337 1306 433 1336 quam
449 1297 509 1326 cito
525 1296 676 1326 liberatur
692 1296 724 1325 in
745 1295 932 1334 purgatorio
948 1304 1020 1334 par--

248 1359 309 1380 vus
328 1352 473 1390 peccator
488 1358 544 1388 per
560 1357 692 1388 parvam
714 1356 859 1387 ptenam,
881 1351 945 1377 tam
961 1348 1023 1377 cito

247 1404 401 1434 liberatur
430 1413 572 1442 magnus
610 1404 752 1443 peccator
782 1410 837 1441 per
867 1410 1023 1439 magnam

248 1466 388 1496 poenam.

290 1512 317 1540 3.
336 1510 413 1539 Item
425 1533 433 1546 ,
450 1509 476 1538 si
495 1509 576 1539 alius
592 1508 684 1538 citius
704 1508 764 1538 alio
786 1507 950 1544 liberatur,
968 1510 1023 1537 alit

250 1564 371 1594 ratione
386 1563 516 1601 maioris
543 1562 720 1595 charitatis,
745 1564 799 1591 aut
817 1561 938 1591 ratione
958 1560 1022 1590 mi—

249 1617 336 1647 noris
358 1618 474 1646 reatus.
493 1615 625 1645 Ratione
642 1615 772 1653 majoris
787 1614 950 1644 charitatis
971 1614 1019 1643 vi-

249 1670 351 1707 detur,
368 1669 443 1708 quia
457 1668 594 1698 charitas
609 1670 653 1697 est
668 1670 755 1698 tanto
774 1669 887 1706 maJ'or,
902 1670 1021 1707 quanto

248 1723 356 1753 anima
377 1723 423 1752 est
439 1721 501 1751 Deo
525 1720 675 1757 similior;
699 1723 729 1750 et
753 1722 872 1759 quanto
894 1720 956 1750 Deo
977 1723 1022 1750 est

250 1775 393 1811 similior,
412 1776 498 1804 tanto
518 1773 613 1803 statui
635 1773 748 1811 gloriae
765 1773 898 1803 vicinior
915 1782 922 1803 ε
940 1782 1020 1812 ergo

249 1830 335 1858 tanto
350 1827 441 1858 citius
456 1828 585 1856 curatur
599 1829 630 1856 et
648 1828 806 1865 purgatur
817 1850 826 1863 ,
850 1829 881 1856 et
895 1826 928 1856 in
954 1836 1021 1857 coe-

248 1881 314 1912 lum
331 1882 441 1911 fertur.
459 1880 517 1910 Sed
528 1880 613 1919 quod
623 1880 745 1909 ratione
757 1879 889 1909 minoris
903 1882 1019 1917 reatus,

249 1935 389 1970 videtur;
416 1933 491 1972 quia
517 1933 624 1963 anima
638 1941 703 1962 non
727 1935 773 1962 est
799 1932 939 1970 obligata
960 1933 1021 1962 nisi

248 1988 287 2019 ad
302 1987 490 2018 solvendum
511 1986 595 2026 quod
608 1985 705 2015 traxit
719 1994 758 2015 ex
777 1985 836 2015 hac
858 1985 941 2022 vita;
968 1985 1021 2015 sed

247 2042 366 2080 quanto
381 2039 523 2069 debitum
540 2040 587 2068 est
603 2038 711 2067 minus
725 2061 733 2074 ‚
748 2039 835 2067 tanto
851 2037 943 2067 citius
958 2037 1021 2067 sol-

249 2095 337 2125 vitur
353 2105 359 2124 :
376 2102 456 2132 ergo
470 2093 595 2124 videtur
609 2092 694 2131 quod
709 2092 779 2121 talis
793 2092 886 2122 citius
900 2101 1021 2131 purge-

248 2150 310 2184 tur,
327 2149 357 2177 et
371 2147 405 2176 in
419 2146 535 2177 coelum
550 2146 679 2176 feratur.

507 2261 765 2293 CONCLUSIO.

247 2347 279 2372 In
298 2346 454 2380 puryatorz'o
476 2351 545 2370 imus
564 2344 643 2369 citius
665 2343 749 2368 alter-0
766 2343 917 2375 parantum
935 2343 958 2367 et
974 2342 1021 2375 qui

318 2390 427 2422 =qravz'us
441 2389 572 2422 peccavit,
589 2388 693 2413 diutius
705 2388 821 2413 sustinet
833 2393 948 2420 poenam.

288 2468 379 2508 Resp.
397 2468 436 2498 ad
450 2476 521 2505 arg.
544 2466 716 2497 Dicendum
731 2465 826 2505 quod,
844 2465 926 2495 sicut
946 2464 1020 2495 dicit

246 2522 448 2561 Augustinus
462 2529 609 2560 expresse
628 2520 661 2550 in
676 2520 794 2556 littera,
818 2518 852 2548 iu
874 2518 927 2548 illo
942 2518 1018 2556 igne

247 2577 338 2606 citius
366 2576 526 2615 purgatur
553 2582 657 2610 unus,
687 2581 782 2611 quain
820 2571 902 2601 alius
930 2582 935 2600 :
963 2571 1018 2610 qui

813 220 1119 252 SlCN'l'EN'l'lARUM
1140 220 1214 251 [ΑΒ.
1240 220 1289 252 lV.

1078 288 1164 318 enim
1179 287 1299 319 diutius
1313 288 1346 317 in
1362 289 1487 328 peccato
1503 286 1695 327 permansit,
1711 287 1847 326 dignum

1079 342 1125 371 est
1149 343 1182 371 ut
1198 340 1317 372 diutius
1343 341 1493 371 sustineat
1518 349 1658 380 poenam.
1675 339 1795 370 Rursus
1809 340 1817 356 ¹
1837 350 1844 370 :

1079 393 1139 430 Qui
1155 394 1287 433 gravius
1301 394 1431 425 offendit
1443 418 1450 431 ,
1469 394 1605 431 dignum
1622 395 1668 424 est
1682 395 1718 423 ut
1732 393 1845 432 punia-

1079 449 1130 476 tur
1146 456 1239 486 psena
1253 447 1424 484 acerbiori,
1442 449 1472 477 et
1488 447 1637 477 dilatione
1651 446 1762 486 patriae
1776 445 1847 475 lon-

1079 499 1176 537 glori,
1194 499 1302 529 divina
1317 500 1375 529 hoc
1386 500 1508 538 jiistitia
1522 500 1652 530 faciente
1664 523 1672 537 ‚
1689 508 1762 539 quae
1777 507 1849 529 om-

1078 552 1173 582 nibus
1185 552 1402 583 decentissime
1418 553 1518 583 reddit
1537 552 1691 592 stipendia
1716 552 1847 582 merito-

1079 615 1163 636 rum.

1122 662 1147 689 1.
1166 660 1213 689 Ad
1229 659 1304 690 illud
1320 660 1403 699 quod
1423 660 1570 698 objicitur
1595 660 1627 689 in
1653 659 1847 690 contrarium

1079 712 1116 742 de
1132 712 1310 752 aequalitate
1324 713 1499 743 durationis
1514 713 1547 743 in
1563 714 1641 743 coelo
1652 737 1660 750 ,
1678 712 1847 743 dicendum

1079 765 1163 804 quod
1178 774 1241 795 non
1256 768 1301 796 est
1321 766 1443 803 simile;
1471 767 1546 805 quia
1562 767 1594 796 in
1609 766 1732 796 inferno
1755 774 1849 805 poena

1079 821 1196 848 aeterna
1213 819 1368 857 infligitur
1384 830 1389 848 :
1409 822 1440 849 et
1462 822 1580 850 aeterno
1595 827 1659 849 non
1677 821 1723 849 est
1745 819 1848 858 majus

1078 874 1108 901 et
1124 872 1230 901 minus
1245 881 1285 901 ex
1313 874 1398 911 parte
1419 874 1505 911 post,
1533 872 1599 902 sive
1620 881 1660 902 ex
1683 873 1771 911 parte
1789 880 1846 908 ea,

1079 927 1199 963 quaest
1210 927 1378 955 aeternum.
1391 924 1542 955 Similiter
1551 926 1582 955 in
1591 925 1670 955 coelo
1680 923 1849 964 praemium

1078 980 1237 1008 aeternum
1263 979 1355 1009 datur
1368 988 1374 1016 ;
1407 979 1439 1008 in
1467 978 1654 1018 purgatorio
1679 986 1755 1008 vero
1782 976 1849 1008 sola

1078 1040 1171 1071 poena
1192 1031 1375 1071 temporalis
1400 1032 1558 1070 infligitur
1573 1041 1586 1070 ¹:
1604 1033 1635 1062 et
1658 1031 1691 1061 in
1720 1031 1780 1061 hac
1803 1033 1850 1061 est

1078 1084 1197 1114 diutius
1213 1087 1243 1115 et
1258 1085 1398 1115 brevius.

1118 1140 1147 1167 12.
1175 1137 1222 1167 Ad
1248 1138 1325 1168 illud
1350 1137 1433 1177 quod
1461 1137 1617 1176 objicitur,
1644 1137 1727 1176 quod
1755 1145 1850 1177 poena

1079 1190 1188 1229 gravis
1203 1200 1293 1230 reque
1309 1191 1368 1220 cito
1381 1190 1462 1221 delet
1477 1199 1611 1228 gravem
1624 1215 1631 1228 ,
1655 1192 1727 1228 etc.‚
1745 1190 1850 1220 dicen-

1079 1244 1154 1273 dum
1170 1244 1253 1282 quod
1270 1253 1382 1274 verum
1398 1246 1488 1281 esset,
1502 1244 1527 1273 si
1542 1243 1673 1274 omnino
1692 1251 1783 1282 poena
1799 1243 1848 1272 in-

1079 1296 1270 1334 tenderetur,
1288 1296 1463 1326 secundum
1478 1297 1564 1336 quod
1579 1296 1752 1326 intenditur
1778 1295 1846 1326 cul-

1079 1358 1118 1388 pa
1138 1361 1143 1379 ε
1162 1350 1215 1379 sed
1239 1350 1346 1379 divina
1372 1349 1561 1388 dispensatio
1584 1349 1628 1379 sic
1648 1348 1787 1386 ordinat,
1813 1350 1850 1378 ut

1078 1411 1144 1433 non
1159 1403 1289 1433 omnino
1303 1402 1485 1432 intendatur
1500 1404 1657 1441 quantum
1674 1401 1713 1432 ad
1727 1401 1848 1432 acerbi-

1078 1457 1173 1485 tatem
1184 1479 1192 1493 ,
1217 1458 1344 1495 propter
1360 1464 1512 1493 magnam
1527 1455 1743 1485 difficultatem
1753 1477 1763 1492 ‚
1781 1454 1850 1485 sive

1078 1508 1173 1538 etiam
1192 1509 1267 1548 quia
1280 1508 1348 1538 vult
1360 1511 1494 1547 utroque
1509 1508 1602 1538 modo
1616 1508 1745 1547 punire,
1760 1509 1791 1537 et
1806 1507 1849 1537 ita

1078 1564 1114 1591 ut
1129 1563 1231 1600 major
1245 1562 1399 1591 acerbitas
1413 1564 1443 1591 et
1458 1561 1650 1591 diuturnitas
1662 1568 1847 1599 recompen-

1079 1616 1165 1651 sent,
1188 1614 1214 1643 si
1230 1614 1304 1653 quid
1321 1615 1354 1644 in
1371 1614 1468 1644 altero
1484 1614 1657 1644 deficiebat.

1119 1670 1147 1697 3.
1163 1667 1210 1697 Ad
1221 1667 1296 1697 illud
1309 1668 1392 1707 quod
1404 1667 1568 1707 quaeritur,
1586 1667 1657 1707 quis
1669 1667 1763 1698 citius
1773 1676 1848 1707 pur-

1080 1723 1184 1758 gatur,
1209 1721 1395 1759 dicendum,
1413 1722 1496 1761 quoi
1522 1721 1573 1751 ille
1586 1745 1593 1757 ‚
1614 1721 1669 1760 qui
1690 1721 1849 1751 minorem

1078 1774 1171 1803 habet
1194 1776 1318 1804 reatum
1335 1784 1342 1804 ε
1360 1774 1512 1814 quoniam
1532 1773 1620 1804 locus
1640 1773 1850 1813 purgatorius

1079 1836 1142 1857 non
1157 1830 1203 1857 est
1218 1828 1344 1857 debitus
1366 1827 1427 1857 nisi
1442 1827 1564 1857 ratione
1579 1828 1685 1857 reatus
1698 1851 1705 1865 ,
1724 1827 1774 1857 vel
1788 1827 1850 1857 ali-

1078 1881 1171 1919 quus
1186 1880 1298 1919 culpae.
1316 1880 1353 1910 Et
1368 1880 1394 1910 si
1409 1883 1443 1910 tu
1457 1880 1597 1919 obfides,
1615 1880 1700 1919 quod
1713 1879 1850 1910 charitas

1079 1934 1183 1971 major
1198 1933 1290 1963 dehet
1304 1934 1405 1963 facere
1419 1933 1511 1963 citius
1525 1932 1662 1970 evolare,
1679 1932 1850 1963 dicendum

1078 1985 1163 2024 quod
1184 1986 1320 2015 charitas
1346 1987 1447 2024 major
1467 1988 1564 2024 auget
1589 1985 1725 2024 gloriam
1744 1985 1849 2015 inten-

1079 2037 1166 2075 sive3
1193 2038 1369 2068 secundum
1397 2040 1504 2068 autem
1529 2038 1747 2075 durationem,
1772 2046 1848 2068 non.

1079 2090 1165 2121 Unde
1181 2091 1206 2121 si
1231 2092 1294 2122 duo
1310 2092 1492 2122 innocentes
1507 2091 1674 2131 inaequalis
1689 2091 1850 2121 charitatis

1078 2144 1223 2174 similiter
1251 2146 1464 2182 morerentur,
1491 2144 1634 2174 similiter
1659 2144 1823 2174 evolarent
1838 2154 1846 2181 ;

1082 2206 1146 2227 non
1162 2199 1268 2227 tamen
1284 2197 1448 2236 aequaliter
1464 2197 1546 2227 beati
1563 2198 1677 2227 essent.
1695 2195 1784 2233 Quod
1798 2205 1847 2226 er-

1077 2259 1120 2288 go
1132 2250 1290 2289 objicitur,
1305 2250 1388 2289 quod
1404 2252 1450 2280 est
1463 2249 1596 2280 similior
1612 2249 1708 2280 statui
1721 2249 1846 2288 gloriae,

1077 2303 1245 2332 dicendum
1267 2303 1353 2342 quod
1370 2311 1483 2333 verum
1506 2304 1552 2332 est
1575 2302 1697 2333 ratione
1719 2302 1846 2333 ordina-

1077 2355 1171 2385 tionis
1185 2356 1223 2385 ad
1243 2355 1383 2392 bouum,
1405 2355 1458 2384 scd
1480 2364 1543 2385 non
1563 2355 1667 2394 magis
1689 2357 1847 2394 quantum

1077 2408 1116 2439 ad
1125 2408 1346 2439 liberationem
1357 2416 1376 2437 a
1387 2407 1469 2437 malo
1484 2418 1490 2437 :
1508 2409 1538 2437 et
1548 2407 1686 2437 velocior
1697 2407 1846 2447 purgatio

1076 2462 1201 2501 respicit
1216 2461 1409 2500 eres-tionem
1425 2470 1443 2490 a
1458 2460 1542 2490 malo
1557 2460 1688 2498 directe,
1706 2469 1770 2491 non
1784 2461 1846 2491 ha-

1076 2515 1285 2545 bilitationem
1299 2514 1338 2544 ad
1355 2513 1488 2544 bonum.

1107 2577 1115 2592 ¹
1128 2576 1210 2606 Rich„
1223 2578 1269 2599 art.
1291 2577 1311 2605 l,
1327 2582 1352 2605 q.
1367 2580 1396 2598 ιι.

1865 1679 1899 1701 Ad
1904 1686 1926 1707 q.
1933 1679 1972 1703 lat·
