1991 3006
47 2017 149 2037 Fundam.

552 240 647 272 DlST.
671 239 777 270 XXIV.
803 238 916 269 PART.
943 238 965 268 1.
987 238 1076 269 ART.
1103 238 1124 268 l.
1146 237 1295 274 QUAEST.
1319 237 1371 268 Ill.

164 315 320 347 Dominus
341 319 418 352 pars
438 308 635 342 hoereclz'tatz's
657 314 748 344 meoe,
772 309 801 338 et
823 306 933 337 calicis

164 369 227 399 mei
241 378 252 398 .·
268 370 303 399 tu
318 374 364 405 es,
376 365 433 404 qui
444 363 589 395 restitues
604 360 818 391 hoerectltatem
832 366 933 390 meam

164 421 247 452 mihi
261 430 271 450 .·
287 419 339 450 sed
354 427 418 448 non
433 414 624 451 restituitur,
639 413 689 443 vel
702 412 856 448 redditur,
873 411 934 441 nisi

165 473 249 514 quod
263 473 366 509 datur,
387 470 437 501 vel
455 469 624 500 dimittitur
643 478 649 497 :
667 467 691 496 si
706 475 784 505 ergo
803 466 934 496 clericus

164 528 248 567 petat
258 523 489 556 restitutionem
497 520 704 557 haeredssatis,
716 519 855 558 implicat
865 520 934 558 ejus

165 579 388 610 dimissionem.

203 635 234 663 2.
262 631 358 668 Item,
388 637 482 668 super
505 628 564 658 1106
589 626 662 656 (11611
687 624 900 664 Hieronymus
926 635 932 654 :

168 698 182 715 α
197 684 348 716 Dominus
363 691 437 713 cum
454 681 503 711 his
516 680 672 720 partibus,
694 677 828 715 scilicet,
849 679 934 707 tran-

164 737 292 774 sitoriis,
308 744 380 776 pars
394 736 463 765 fieri
477 734 681 772 dedignatur.
695 742 709 760 1>
724 731 828 761 Restat
842 740 933 770 ergo,

164 790 249 830 quod
270 789 370 820 Deum
392 788 426 818 in
446 789 569 827 partem
591 795 683 816 suam
701 793 766 815 non
786 784 933 822 habeant,

164 843 219 871 aut
232 839 415 871 haereditate
430 838 492 869 alia
504 839 640 868 careant.

206 896 234 924 3.
253 892 330 923 Item
349 891 443 930 Hugo
461 891 499 921 de
518 890 632 921 Sancto
651 889 790 927 Victore,
808 889 841 919 iu
856 889 936 919 libro

165 946 203 978 de
220 945 473 977 Sacramencis1:
488 944 619 974 «Aliam
635 946 752 973 terram
767 951 831 973 11011
846 942 938 972 debet

166 998 296 1029 clericus
322 998 454 1035 habere,
479 997 539 1027 nisi
558 996 677 1032 Deum,
701 997 731 1025 61
751 1004 787 1025 ea
807 1004 878 1034 quae
899 994 938 1024 ad

165 1060 239 1082 eum
254 1053 408 1091 spectant,
430 1050 481 1080 cui
501 1052 654 1079 statutum
671 1051 716 1078 est
737 1048 775 1078 de
792 1047 934 1084 decimis,

166 1107 195 1135 et
211 1104 431 1141 oblationibus,
446 1112 518 1142 qua*
535 1102 597 1132 Deo
609 1101 800 1138 offeruntur,
817 1102 939 1131 susten-

166 1158 236 1188 tari.
255 1167 269 1185 1>

205 1213 235 1240 4.
249 1209 328 1240 Item
339 1209 378 1240 ad
392 1209 543 1248 majorem
557 1208 780 1247 perfectionem
790 1209 939 1237 tenentur

167 1263 270 1294 clerici
277 1262 364 1300 novi,
374 1261 596 1301 quamVeteris
604 1259 794 1290 Testamenti
803 1271 809 1296 ;
820 1259 903 1289 unde
910 1262 936 1289 2:

167 1316 244 1349 Nisi
265 1315 478 1347 abundaverit
495 1315 631 1353 justitia
656 1316 772 1350 restra,
796 1315 854 1342 616.
880 1312 940 1342 Sed

168 1369 379 1400 sacerdotibus
403 1370 432 1398 et
452 1367 556 1398 levitis
577 1366 690 1397 dicitur
702 1368 711 1384 ³
729 1376 736 1395 z
754 1365 825 1396 Non
845 1365 939 1397 habe-

169 1422 245 1453 bunt
258 1421 450 1458 sacerdotes,
473 1422 500 1451 et
519 1419 640 1457 levitoe,
662 1422 690 1450 et
706 1426 810 1450 omnes
830 1419 887 1457 qut
901 1417 939 1449 de

167 1474 277 1506 eadem
299 1475 398 1513 stirpe
416 1477 506 1510 sunt,
529 1476 653 1511 partem
675 1476 703 1502 et
721 1471 940 1503 lueredz'catein

165 1536 236 1559 cum
256 1527 377 1566 reliquo
391 1528 505 1566 populo
523 1526 623 1557 1sraet
637 1536 648 1556 :
667 1533 762 1564 ergo,
787 1525 813 1554 si
835 1524 879 1554 illi
901 1524 940 1555 ad

162 1582 222 1612 hoc
232 1580 433 1616 tenebantur,
449 1579 552 1610 multo
565 1579 680 1609 fortius
692 1578 818 1609 videtur
831 1577 869 1608 de
881 1577 941 1608 cle-

163 1635 236 1665 ricis
249 1634 329 1665 Novi
344 1633 547 1664 TestamentI.

204 1690 233 1718 5.
250 1687 329 1718 Item
344 1689 474 1717 tonsura
489 1687 594 1725 signat
608 1686 831 1726 temporalium
847 1685 939 1715 abdi-

164 1741 331 1779 cationem,
348 1742 378 1771 et
389 1749 505 1770 corona
520 1740 729 1771 elevationem
739 1739 778 1769 ad
789 1739 937 1777 coelestia,

164 1795 244 1825 sicut
259 1795 333 1825 dicit
355 1794 505 1833 Magister
527 1794 560 1824 in
576 1794 679 1823 littera
696 1804 702 1822 z
722 1792 773 1822 vel
794 1801 874 1831 ergo
894 1794 940 1822 est

163 1848 277 1878 falsum
287 1848 430 1886 signum,
442 1847 493 1877 vel
504 1846 637 1876 clericus
648 1854 711 1875 non
721 1845 813 1875 debet
823 1845 939 1875 habere

163 1901 391 1940 patrimonium
403 1924 410 1937 ‚
443 1900 510 1930 sive
538 1899 676 1938 aliquam
710 1898 938 1938 possessionem

165 1953 401 1992 temporalium.

206 2006 342 2036 Contra:
359 2005 510 2036 Jeremias
524 2004 583 2035 fuit
604 2005 642 2035 de
662 2004 772 2034 ordine
793 2004 938 2034 sacerdo-

168 2060 234 2098 tali,
255 2060 335 2090 sicut
355 2061 438 2103 patet
458 2059 492 2089 in
514 2059 689 2098 principiob
706 2070 712 2089 2
733 2058 831 2090 Verba
852 2060 937 2090 dere-

166 2114 253 2151 mioe,
276 2114 348 2149 etc.,
372 2114 403 2142 et
424 2114 531 2142 tamen
553 2111 688 2142 dicitur⁵
709 2122 714 2141 ε
736 2112 832 2143 Dixit
856 2113 940 2142 Ana-

166 2166 232 2198 neel
249 2165 286 2204 (α)
303 2165 446 2197 Jeremiae
460 2164 613 2196 :Posside
627 2173 739 2204 ecyrum
753 2173 868 2203 meum,
883 2167 940 2205 qui

168 2222 214 2251 est
223 2219 260 2251 in
270 2218 424 2256 Anatoth‚
436 2218 515 2258 quia
525 2218 584 2249 tibi
594 2219 740 2257 competit
749 2218 920 2250 haereditas
931 2229 940 2248 :

167 2280 244 2311 ergo
263 2271 460 2311 competebat
480 2271 525 2301 eis
539 2271 723 2309 haereditas3
745 2272 771 2301 si
790 2281 870 2311 ergo
884 2281 938 2303 ve-

169 2325 243 2355 ritas
258 2325 427 2365 respondet
442 2325 570 2364 figurae,
588 2324 725 2363 videtur,
744 2327 819 2355 etc..

208 2376 286 2408 Item
297 2378 307 2393 ⁶
324 2388 330 2407 :
348 2377 448 2409 AEdes
467 2378 659 2416 Levitarurn,
675 2386 746 2418 quoe
760 2379 797 2409 in
813 2378 941 2410 urbibus

169 2433 258 2469 sunt,
283 2439 402 2471 semper
423 2435 557 2471 possunt
579 2431 696 2463 redimi
711 2441 721 2460 .·
737 2433 790 2462 sed
812 2441 875 2463 non
898 2432 942 2462 sie

171 2486 238 2514 erat
252 2484 289 2514 de
304 2484 426 2515 aedibus
440 2485 577 2515 aliorum
594 2496 600 2515 z
618 2494 697 2524 ergo
712 2485 825 2525 majori
844 2485 940 2515 liber-

172 2539 234 2567 tate
262 2537 462 2576 possidebant
490 2537 609 2569 Levitae
643 2539 727 2577 quod
762 2539 920 2569 habebant
931 2562 940 2576 ,

172 2599 267 2629 quam
290 2590 342 2620 alii
359 2601 365 2620 :
382 2599 473 2629 ergo,
493 2593 551 2621 616.

205 2659 490 2690 11111ςζ.,11681ιει’,111)4
510 2662 577 2691 [μμ.
596 2662 646 2685 11,1
684 2668 709 2685 w

206 2711 238 2733 (υ,
256 2704 327 2735 vulg.
344 2704 475 2727 [ianarzeel.

743 2677 748 2679 γ
758 2677 765 2678 ff
781 2664 789 2678 '2
803 2664 902 2687 Manlu-
918 2669 941 2694 V,

1702 238 1758 268 153

1029 305 1105 335 Item
1121 303 1224 335 clerici
1246 306 1379 343 possunt
1397 313 1513 335 uxores
1528 304 1657 342 ducere,
1677 303 1759 335 filios

987 366 1152 397 procreare
1173 358 1245 387 ante
1265 365 1370 387 sacros
1388 357 1514 388 ordines
1531 367 1538 388 ι
1555 357 1582 387 si
1597 366 1675 396 ergo
1695 366 1759 388 non

988 411 1136 440 tenentur
1151 410 1189 440 ad
1206 409 1392 447 castitatem,
1408 418 1487 448 ergo
1500 419 1558 440 nec
1572 410 1611 440 ad
1623 419 1759 450 pauper-

990 465 1100 499 tatem3
1128 472 1207 502 ergo
1232 471 1296 493 non
1322 464 1470 493 tenentur
1492 462 1683 503 patrimonio
1706 472 1759 493 re-

989 516 1148 546 nuntiare.

1030 570 1108 600 Item
1122 570 1229 601 nullus
1243 571 1368 600 tenetur
1384 569 1423 599 ad
1437 578 1532 608 opera
1546 578 1760 609 supereroga-

989 624 1096 663 tionis,
1124 624 1185 654 nisi
1211 623 1390 654 voluntarie
1415 632 1448 653 se
1471 623 1612 661 obliget:
1631 623 1656 652 si
1681 632 1760 662 ergo

990 677 1120 707 clericus
1134 677 1167 707 in
1183 677 1381 716 suscipiendo
1395 678 1562 707 tonsuram
1578 686 1640 707 non
1656 678 1760 708 inten-

990 729 1034 760 dit
1048 730 1238 769 patrimonio
1253 730 1454 768 renuntiare,
1471 731 1572 769 patet,
1589 731 1646 760 ete.

1270 844 1494 876 CONCLUSIO.

992 933 1024 958 In
1038 932 1202 965 susceptione
1216 938 1316 957 coronae
1328 931 1417 956 clerici
1429 937 1481 956 non
1493 930 1683 956 abrenuntiant
1696 929 1763 957 bona

1028 975 1190 1008 temporalia
1211 977 1339 1008 qzuzntum
1365 974 1400 1000 ad
1426 976 1609 1008 possessionem
1636 982 1667 1000 em
1695 981 1764 1008 prce-

1028 1021 1110 1054 cepto,
1126 1019 1170 1045 sed
1185 1019 1271 1045 solum
1288 1019 1317 1045 cle
1334 1019 1398 1045 bono
1413 1021 1436 1045 et
1451 1027 1532 1053 oequo.

1034 1104 1124 1143 Resp.
1142 1104 1181 1134 ad
1195 1112 1264 1143 arg.
1289 1103 1461 1134 Dicendum
1480 1103 1564 1143 quod
1584 1103 1765 1134 renuntiare

994 1156 1235 1196 temporalibus,
1258 1157 1292 1186 in
1312 1166 1348 1187 eo
1370 1157 1423 1196 qui
1448 1156 1594 1187 Ecclesiae
1615 1156 1762 1194 deservit,

995 1211 1061 1242 sive
1084 1211 1116 1240 iu
1138 1219 1174 1240 eo
1196 1211 1249 1249 qui
1274 1210 1404 1240 clericus
1421 1212 1482 1246 est,
1505 1209 1719 1249 perfectionis,
1736 1211 1766 1239 et

995 1273 1058 1294 non
1073 1263 1264 1293 necessitatis
1278 1266 1334 1294 est.
1352 1263 1439 1294 Unde
1455 1265 1485 1294 et
1500 1264 1560 1293 hoc
1574 1263 1632 1293 fuit
1653 1263 1686 1293 in
1706 1262 1763 1293 Ec-

996 1317 1088 1347 clesia
1103 1317 1278 1356 primitiva,
1303 1316 1388 1356 quod
1406 1316 1484 1346 nihil
1504 1316 1639 1346 habebat
1653 1316 1766 1355 aliquis

995 1370 1172 1409 proprium,
1189 1369 1267 1400 nihil
1281 1379 1375 1400 suum
1390 1378 1456 1400 esse
1466 1369 1603 1407 dicebat3
1619 1371 1648 1399 et
1663 1369 1767 1400 adhuc

997 1423 1088 1453 bodie
1103 1432 1159 1462 per
1172 1422 1224 1453 Dei
1236 1423 1373 1461 gratiam
1386 1422 1548 1452 invenitur
1561 1422 1591 1451 in
1603 1421 1767 1461 religionis

996 1476 1194 1515 perfectione.
1218 1475 1267 1505 Ad
1287 1476 1346 1505 1106
1363 1477 1467 1505 tamen
1490 1484 1553 1505 non
1568 1474 1768 1514 compellitur

996 1528 1144 1565 clericus,
1164 1537 1222 1558 1166
1235 1530 1310 1567 Jure
1325 1528 1449 1565 elwino,
1465 1537 1524 1558 nec
1536 1527 1689 1558 humano.
1706 1527 1765 1558 Ve-

996 1583 1177 1612 rumtamen
1199 1581 1236 1611 de
1258 1581 1341 1611 bono
1362 1582 1393 1611 et
1415 1589 1507 1620 aequo
1528 1581 1635 1611 minus
1654 1581 1768 1611 debent

996 1635 1145 1665 insudare
1170 1635 1371 1666 sollicitudini
1394 1634 1617 1674 temporalium
1642 1634 1765 1672 clerici,

996 1697 1093 1728 quam
1116 1688 1186 1718 laici
1210 1688 1265 1727 qui
1291 1690 1458 1727 expectant
1481 1687 1712 1718 successionem
1735 1687 1768 1717 in

996 1741 1140 1781 posteris.
1166 1741 1225 1772 Sed
1249 1751 1335 1772 nunc
1359 1741 1437 1772 illud
1456 1741 1655 1772 verificatum
1674 1740 1741 1771 est⁷
1759 1752 1766 1771 2

1002 1795 1086 1826 Unus
1101 1798 1162 1833 esc,
1180 1799 1209 1827 ec
1224 1795 1398 1827 secundum
1411 1803 1475 1828 non
1491 1795 1598 1832 habet,
1617 1797 1646 1826 et
1665 1797 1769 1826 tamen

995 1848 1136 1880 laborare
1151 1856 1215 1880 non
1227 1851 1338 1880 cessat.
1354 1848 1440 1879 Unde
1452 1858 1518 1879 una
1529 1848 1609 1878 ratio
1623 1850 1679 1886 est,
1693 1847 1769 1887 quia

995 1911 1059 1932 non
1074 1904 1239 1941 expectant
1253 1904 1412 1941 poena-053
1431 1901 1493 1932 alia
1506 1901 1587 1931 ratio
1610 1903 1671 1938 est,
1693 1901 1769 1940 quia

996 1955 1099 1994 magis
1115 1955 1229 1985 debent
1244 1963 1311 1985 esse
1331 1954 1443 1985 intenti
1464 1955 1503 1985 ad
1526 1954 1717 1994 spiritualia,
1739 1956 1770 1984 et

997 2008 1172 2038 sollicitudo
1196 2007 1377 2047 temporalis
1399 2007 1538 2038 excludit
1559 2006 1767 2047 spiritualem.

997 2062 1068 2093 Ideo
1083 2062 1284 2092 auctoritates
1299 2061 1476 2101 loquuntur
1491 2061 1581 2100 quasi
1594 2060 1653 2100 ipsi
1670 2061 1770 2091 omni-

996 2115 1056 2145 bus
1072 2114 1300 2154 temporalibus
1323 2113 1456 2144 debeant
1474 2113 1599 2152 cedere,
1617 2115 1648 2144 et
1663 2113 1770 2144 omnia

996 2168 1172 2199 dimittere:
1187 2167 1240 2198 sed
1254 2167 1315 2198 hoc
1329 2176 1395 2198 non
1410 2167 1599 2206 intelligitur
1614 2169 1770 2207 quantum

996 2221 1035 2251 ad
1063 2220 1306 2260 possessionem,
1334 2220 1387 2250 sed
1417 2219 1521 2260 potius
1548 2221 1704 2260 quantum
1730 2220 1770 2250 ad

997 2274 1195 2304 affectionem
1212 2284 1219 2304 ε
1236 2282 1294 2304 1166
1312 2273 1351 2304 ad
1373 2273 1432 2303 hoc
1454 2273 1609 2304 inducunt
1628 2273 1687 2303 sibi
1710 2282 1768 2304 no-

997 2336 1071 2358 vam
1086 2327 1316 2366 obligationem
1331 2335 1426 2366 super
1441 2326 1519 2357 alios
1534 2335 1575 2356 ex
1587 2326 1701 2365 debito,
1716 2326 1770 2357 sed

998 2381 1101 2411 solum
1115 2380 1153 2411 de
1169 2380 1251 2410 bono
1266 2382 1297 2410 et
1311 2388 1414 2419 aequo.

1039 2436 1067 2471 1,
1084 2435 1102 2463 Ε).
1117 2434 1147 2463 61
1163 2435 1192 2463 3.
1208 2432 1256 2462 Ad
1275 2432 1353 2463 illud
1372 2441 1450 2471 ergo
1466 2431 1550 2472 quod
1564 2431 1713 2471 objicitur
1732 2431 1770 2462 de

998 2486 1195 2517 restitutione
1210 2485 1406 2524 hereditatis,
1427 2485 1596 2515 dicendum
1612 2484 1696 2524 quod
1710 2484 1770 2514 hoc

999 2549 1064 2570 non
1074 2540 1148 2570 dicit
1162 2539 1238 2579 quia
1249 2539 1385 2569 dimittat
1394 2540 1459 2578 Jus‚
1474 2538 1526 2569 sed
1538 2538 1612 2577 quia
1622 2535 1769 2575 congruit

999 2595 1034 2623 ut
1049 2593 1186 2623 diini‘ttat
1200 2593 1363 2630 affectum,
1385 2594 1420 2622 ut
1435 2591 1516 2622 circa
1534 2591 1641 2622 dlvina
1660 2589 1700 2620 sit
1718 2589 1769 2619 in-

1000 2674 1037 2696 20.
1056 2686 1085 2690 —
1103 2672 1111 2686 ¹
1132 2673 1301 2701 liant.‚xv1u‚
1319 2674 1341 2695 1.
1358 2685 1383 2688 —
1404 2671 1413 2686 Β
1431 2671 1530 2699 let-em„
1547 2676 1562 2694 ι,
1582 2671 1603 2692 1.
1621 2681 1651 2686 —
1670 2669 1680 2684 ⁶
1695 2667 1767 2698 lbid„

1001 2714 1083 2738 xxxii,
1097 2709 1119 2731 8.
1131 2721 1156 2724 —
1173 2708 1181 2719 '²
1195 2708 1282 2737 Leuat„
1295 2714 1355 2737 nv,
1368 2708 1405 2731 ³2.
1418 2719 1446 2723 κ-
1461 2706 1468 2721 ⁷
1481 2705 1618 2736 Eccle.‚1v,
1629 2706 1650 2728 S.

1800 1331 1882 1358 Explic.
