1991 3006
161 167 220 196 420
718 162 1027 194 SENTENTIARUM
1048 162 1124 194 LlB.
1147 163 1197 195 IV.

51 244 134 270 jugum
160 234 298 275 separat.
317 230 352 263 Si
368 233 475 263 autem
500 229 689 271 ignoranter
712 230 878 273 conjuncti
903 229 1026 262 fuerint
1051 229 1086 262 in
1109 235 1283 275 conspectu
1310 231 1480 273 Ecclesiae,
1496 236 1527 265 et
1542 232 1750 276 postmodum

38 278 74 326 {¹0²⁵
90 278 145 332 ’Ῐῖῗῑι
160 289 294 332 probata
316 287 613 330 consanguinitate,
631 287 775 331 ejusdem
797 287 921 331 judicio
944 288 1102 331 separati,
1120 288 1278 332 quaeritur
1293 293 1404 322 utrum
1422 289 1539 333 copula
1562 289 1620 322 illa
1639 289 1751 333 conju-

37 340 85 358 ¹¹⁰¹³
97 344 144 358 ⁰⁰¹¹·
160 346 252 379 oium
268 345 378 379 fuerit.
396 344 602 384 Quibusdam
619 345 749 377 videtur
770 357 834 377 non
852 345 952 378 fuisse
974 346 1165 389 conjugium
1181 372 1188 387 ‚
1206 347 1284 390 qnia
1307 358 1373 380 non
1397 351 1488 381 erant
1508 347 1664 390 legitimae
1679 358 1752 391 per-

37 370 144 389 saunuini-
159 371 178 390 Ο

37 385 144 452 'Z'J'Zffl
159 414 258 443 sonae;
274 403 328 436 sed
344 406 453 435 tamen
467 402 506 435 de
521 403 657 435 crimine
673 406 870 436 excusantur
885 414 940 446 per
954 403 1187 445 ignorantiam,
1200 408 1229 436 et
1245 405 1338 448 quasi
1352 405 1543 448 conjugium
1560 408 1747 448 reputatur,

43 472 121 506 opimo
158 461 235 505 quia
250 461 336 494 bona
352 460 415 492 fide
429 487 437 502 ,
454 465 485 492 et
502 471 558 504 per
574 472 707 494 manum
731 460 879 493 Ecclesia}
894 465 1140 502 convenerunt3
1160 461 1246 493 unde
1262 466 1293 494 et
1312 462 1374 494 filii
1398 473 1512 494 eorum
1536 462 1676 504 legitimi
1691 461 1749 494 ha-

37 502 141 566 ἔιὲῗζῗέἶ
158 518 289 551 bcntur.
314 518 381 550 Alii
406 528 482 550 vero
507 518 620 550 dicunt
638 518 737 550 fuisse
760 518 975 561 conjugium,
994 518 1068 550 licet
1090 530 1155 551 non
1183 523 1287 551 essent
1313 519 1469 562 legitimae
1488 530 1653 564 personae3
1671 519 1750 563 quia

158 576 271 609 talium
287 575 532 619 conjunctiones
550 580 665 608 vocant
683 586 822 608 canones
844 575 1016 619 conjugia,
1041 576 1097 608 ubi
1122 576 1160 608 de
1182 576 1327 620 personis
1349 577 1475 619 agitur,
1495 588 1636 620 quarum
1662 576 1749 609 testi-

157 633 268 667 monio
283 633 601 676 consanguineorum
618 634 658 665 sit
673 633 857 665 dirimenda
871 633 1069 677 conjunctio.
1086 634 1180 667 Unde
1192 634 1346 667 Urbanus
1360 635 1448 679 Papa
1465 641 1471 657 ¹
1493 647 1500 667 :
1517 648 1533 666 «
1552 635 1586 666 Si
1602 634 1668 667 duo
1684 634 1747 667 viri

156 691 208 723 vel
228 695 292 724 tres
312 691 626 734 consanguinitatem
645 690 862 734 jurejurando
878 690 1101 732 firmaverint,
1120 692 1172 723 vel
1187 692 1249 735 ipsi
1266 692 1347 724 forte
1363 692 1498 725 confessi
1514 692 1654 733 fuerint,
1671 703 1747 725 con-

151 748 246 792 jugia
261 748 493 782 dissolvantur.
519 748 552 781 Si
569 760 646 781 vero
670 752 826 781 neutrum
851 749 1043 792 contigerit,
1063 750 1203 794 episcopi
1229 762 1282 782 eos
1308 762 1363 793 per
1389 750 1486 782 fidem
1502 750 1622 783 Christi
1642 750 1747 783 obtes-

157 810 277 848 tentur,
294 811 456 851 quatenus
480 806 586 850 palam
603 806 785 847 fateantur,
804 807 830 838 si
847 818 880 839 se
905 813 1138 850 recognoscunt
1157 809 1416 849 consanguineos
1442 808 1498 851 (a).
1516 807 1551 840 Si
1576 807 1747 852 sejudicio

155 864 379 908 episcoporum
403 864 668 907 segregaverint,
692 864 757 896 alia
780 864 990 897 matrimonia
1013 876 1079 897 non
1102 865 1338 909 prohibeantur
1352 865 1555 898 contrahere.
1575 878 1591 896 n
1608 865 1744 898 Idem':

158 934 174 953 ‹<
191 921 405 955 Notificamus
420 922 485 961 ibi,
504 926 540 954 ut
562 933 637 954 cum
661 926 725 954 tres
740 922 791 954 vel
807 922 873 954 duo
888 933 928 954 ex
944 922 1238 966 propinquioribus
1260 923 1348 967 ejus,
1373 924 1429 967 qui
1454 928 1622 955 accusatur
1639 949 1645 963 ‚
1663 922 1745 956 hanc

154 979 628 1024 propinquitatemjuramento
642 979 856 1021 firmaverint3
870 980 923 1012 vel
938 980 963 1012 si
979 980 1045 1012 duo
1060 980 1111 1012 vel
1128 985 1191 1013 tres
1203 992 1241 1013 ex
1253 981 1496 1025 antiquioribus
1507 980 1742 1023 Januensibus,

154 1037 276 1081 quibus
296 1037 365 1070 haec
386 1037 613 1082 propinquitas
631 1042 678 1070 est
701 1042 798 1079 nota,
820 1038 877 1081 qui
898 1038 990 1070 bonae
1014 1038 1107 1071 famas
1127 1042 1158 1070 et
1177 1039 1301 1071 veracis
1320 1038 1497 1071 testimonii
1515 1039 1602 1079 sint,
1619 1042 1745 1071 remoto

153 1105 283 1137 amore,
308 1095 444 1135 timore,
462 1094 584 1138 pretio,
608 1099 639 1127 et
662 1095 751 1127 omni
776 1095 862 1128 malo
887 1095 1016 1136 studio,
1042 1096 1193 1139 praedicta
1218 1096 1442 1137 firmaverint,
1463 1096 1533 1128 sine
1555 1107 1647 1129 mora
1670 1107 1746 1128 con-

147 1151 242 1195 jugia
257 1152 489 1185 dissolvantur.
504 1165 519 1183 >›
534 1156 544 1172 ⁸
559 1165 574 1183 α
585 1152 851 1194 Consanguineos
862 1163 938 1185 vcro
954 1157 1184 1186 extraneorum
1201 1154 1315 1185 nullus
1330 1158 1470 1195 accuset,
1483 1153 1534 1186 vel
1550 1153 1745 1196 consangui-

151 1209 286 1242 nitatem
300 1209 335 1242 in
351 1209 476 1253 synodo
493 1213 658 1253 computet
674 1223 681 1251 3
697 1209 753 1242 sed
775 1210 973 1254 propinqui,
990 1210 1029 1243 ad
1054 1222 1197 1254 quorum
1221 1211 1371 1243 notitiam
1397 1211 1548 1255 pertinet.
1574 1210 1609 1243 Si
1633 1214 1743 1243 autem

150 1267 321 1310 progenies
336 1271 402 1299 tota
415 1266 585 1308 defecerit,
603 1267 643 1299 ab
658 1267 900 1311 antiquioribus
915 1272 945 1300 et
962 1268 1193 1310 veracioribus,
1207 1269 1328 1313 quibus
1344 1268 1570 1312 propinquitas
1586 1271 1653 1301 tota
1666 1272 1742 1301 nota

150 1324 211 1366 sit,
229 1325 398 1369 episcopus
412 1325 567 1357 canonice
583 1325 771 1369 perquirat,
789 1329 820 1358 et
840 1326 866 1357 si
889 1326 1023 1358 inventa
1048 1326 1142 1358 fuerit
1159 1352 1166 1368 ‚
1190 1330 1392 1370 separentur.
1411 1340 1426 1358 >›
1445 1326 1524 1359 Ecce
1548 1326 1669 1370 quibus
1693 1337 1744 1358 ac-

150 1382 341 1415 cusantibus
356 1408 363 1423 ,
381 1382 433 1415 vel
451 1381 699 1415 testificantibus
719 1383 903 1416 dirimenda
922 1384 963 1416 sit
981 1384 1301 1427 consanguineorum
1318 1384 1502 1428 conjunctio
1517 1410 1524 1425 ‚
1543 1395 1616 1428 quae
1631 1384 1744 1428 conju-

152 1440 244 1484 gium
260 1444 407 1473 vocatur.

38 1516 127 1536 mmm-
194 1498 255 1531 Hic
278 1498 451 1531 dicendum
472 1502 538 1540 est,
559 1498 646 1542 quod
664 1506 673 1521 ²
693 1513 709 1530 ι(
722 1499 812 1531 aliud
836 1504 882 1531 est
900 1500 1085 1541 fornicatio,
1102 1500 1191 1532 aliud
1209 1504 1382 1544 stuprum,
1408 1499 1498 1532 aliud
1523 1499 1741 1540 adulterium,

33 1548 134 1573 '⁵⁰⁰²i¹i⁵¹
151 1555 241 1588 aliud
264 1555 425 1596 incestus,
453 1556 543 1588 aliud
567 1562 690 1600 raptus.
716 1556 924 1598 Fornicatio,
946 1557 1018 1589 licet
1039 1557 1079 1589 sit
1100 1568 1203 1599 genus
1226 1558 1333 1589 omnis
1352 1557 1458 1589 illiciti
1477 1557 1602 1598 coitus,
1625 1557 1683 1601 qui
1707 1556 1744 1589 fit

47 1579 82 1599 uid
110 1579 137 1599 sit

31 1586 129 1663 ἓωῖξὲῆθ·
152 1617 242 1646 extra
265 1624 401 1645 uxorem
418 1639 426 1654 ,
453 1618 561 1647 tamen
583 1614 765 1658 specialiter
788 1614 985 1657 intelligitur
1008 1614 1042 1646 in
1067 1626 1129 1647 usu
1153 1614 1351 1655 viduarum,
1370 1615 1419 1647 vel
1449 1614 1674 1655 meretricum,
1691 1613 1743 1646 vel

151 1670 422 1703 concubinarum.
441 1670 600 1715 Stuprum
620 1672 749 1715 proprie
766 1676 812 1703 est
827 1672 997 1714 virginum
1018 1672 1132 1704 illicita
1154 1672 1335 1704 defloratio.
1353 1672 1565 1704 Adulterium
1582 1676 1629 1704 est
1644 1671 1744 1704 alieni

152 1728 214 1760 tori
229 1728 374 1761 violatio.
395 1728 485 1761 Unde
501 1728 701 1761 adulterium
721 1729 858 1770 dicitur,
876 1730 969 1773 quasi
990 1729 1126 1761 alterius
1143 1729 1203 1761 tori
1220 1730 1369 1762 accessio.
1386 1729 1532 1762 Incestus
1547 1733 1593 1762 est
1609 1740 1745 1762 consan-

151 1786 349 1828 guineorum
366 1787 417 1818 vel
433 1785 584 1818 affinium
606 1786 739 1819 abusus.
761 1786 855 1819 Unde
877 1787 1050 1819 incestuosi
1070 1787 1243 1827 dicuntur,
1260 1787 1316 1830 qui
1337 1787 1587 1830 consanguineis
1602 1787 1654 1820 vel
1671 1786 1744 1819 affi-

151 1843 249 1876 nibus
265 1843 331 1876 suis
347 1844 542 1876 abutuntur.
560 1844 685 1888 Raptus
705 1844 909 1886 admittitur,
925 1856 1000 1877 cum
1016 1845 1125 1889 puella
1140 1845 1300 1877 violenter
1316 1856 1334 1876 a
1348 1844 1446 1877 domo
1461 1844 1560 1888 patris
1575 1844 1737 1886 educitur,

148 1904 188 1933 .ut
202 1904 355 1945 corrupta
370 1901 404 1933 in
420 1912 555 1934 uxorem
572 1902 743 1934 habeatur.
762 1901 838 1934 Sive
855 1902 972 1946 puellae
986 1928 993 1944 ‚
1011 1902 1079 1934 sive
1095 1902 1285 1946 parentibus
1299 1902 1348 1934 vis
1365 1902 1455 1934 illata
1469 1902 1649 1934 constiterit
1663 1927 1671 1943 ‚
1689 1901 1741 1934 hic

152 1962 255 1990 morte
270 1958 460 1991 mulctatur.
479 1958 542 1991 Sed
564 1959 591 1990 si
606 1959 645 1991 ad
665 1959 832 1992 ecclesiam
856 1971 930 1992 cum
947 1964 1039 2003 rapta
1057 1960 1260 2002 confugerit,
1278 1959 1451 2004 privilegio
1464 1959 1616 1992 Ecclesiae
1631 1959 1744 1992 mortis

152 2015 381 2059 impunitatem
405 2020 557 2048 meretur.
573 2029 589 2046 >›
606 2016 803 2049 Addendum
820 2021 866 2049 est
882 2017 977 2049 etiam
998 2017 1081 2049 illud
1098 2017 1300 2057 Alexandri,
1318 2017 1375 2061 qui
1392 2017 1436 2050 ait
1448 2019 1457 2033 ⁵
1477 2030 1483 2049 ς
1505 2031 1520 2049 κ
1535 2016 1629 2056 Quod
1645 2016 1744 2049 frater

151 2083 282 2105 sororve
302 2073 414 2106 uxoris
436 2078 499 2106 tuae
524 2073 653 2117 cognati
677 2074 852 2115 dicuntur,
873 2075 1137 2119 aequivocationis
1155 2075 1230 2118 jure
1254 2076 1312 2115 fit,
1330 2079 1361 2106 et
1385 2075 1572 2107 necessitate
1598 2074 1744 2117 vulgaris

152 2130 378 2174 appellationis
393 2131 500 2175 potius
514 2157 522 2172 ,
538 2143 638 2175 quam
654 2132 724 2164 ulla
738 2132 941 2175 cognationis
955 2144 1062 2165 causa.
1084 2132 1172 2164 Uxor
1190 2132 1277 2164 enim
1297 2132 1408 2164 fratris
1422 2158 1429 2173 ,
1445 2132 1592 2164 fratrissa
1613 2132 1721 2175 potius
1732 2157 1740 2172 ,

151 2199 251 2232 quam
271 2193 408 2231 cognata
422 2193 568 2222 vocatur.
593 2189 701 2221 Mariti
723 2190 822 2222 frater
842 2190 925 2223 levir
947 2190 1078 2222 dicitur.
1105 2190 1253 2222 Duorum
1275 2190 1414 2222 fratrum
1438 2200 1556 2221 uxores
1574 2189 1741 2232 janitrices

152 2249 322 2286 vocantur,
339 2246 433 2290 quasi
451 2246 493 2289 (b)
513 2246 659 2278 eamdem
673 2246 809 2290 januam
826 2247 995 2281 intrantes.
1011 2248 1081 2281 Viri
1095 2259 1186 2280 soror
1198 2248 1268 2290 glos
1283 2248 1478 2292 appellatur.
1493 2247 1620 2280 Sororis
1632 2250 1740 2279 autem

152 2301 203 2335 vir
217 2313 283 2335 non
298 2303 395 2335 habet
410 2303 547 2347 speciale
568 2314 687 2336 nomen
703 2331 711 2346 ‚
730 2316 789 2337 nec
802 2306 914 2338 uxoris
928 2306 1039 2338 frater.
1060 2319 1075 2336 n

182 2373 308 2398 ¹Habetur
323 2381 391 2397 caus.
408 2380 488 2403 xxxv,
504 2381 528 2405 q.
545 2380 579 2404 vi,
596 2384 616 2398 e.
635 2376 663 2398 Si
677 2376 725 2399 duo
749 2377 787 2400 vel
804 2379 853 2400 tres
870 2378 928 2401 vrri.
945 2391 971 2394 ——
988 2378 998 2393 ²
1012 2377 1086 2403 lbid..
1102 2386 1125 2401 e.
1148 2377 1320 2407 Notificamus.
1333 2391 1361 2395 —
1376 2378 1385 2393 ³
1398 2377 1524 2401 Fabianus
1547 2378 1607 2408 PP„
1627 2377 1698 2407 ibid„
1718 2384 1740 2400 e.

149 2407 393 2440 Consanyuineos.—
406 2410 414 2425 ¹²
431 2409 552 2433 thaliam..
570 2417 638 2433 caus.
655 2417 742 2441 xxxvi,
760 2419 785 2443 q.
808 2420 826 2441 1,
840 2413 871 2436 ad
890 2420 946 2443 cap.
965 2418 994 2436 11.
1008 2425 1037 2429 —
1049 2414 1059 2428 ¹³
1073 2412 1186 2436 nabetur
1202 2420 1270 2437 caus.
1289 2418 1367 2442 xxxv,
1383 2420 1407 2444 q.
1426 2419 1451 2443 v,
1468 2421 1491 2437 c.
1506 2419 1529 2436 v.

178 2453 210 2483 (ll)
228 2453 323 2478 Decret.
344 2454 427 2484 palam
442 2454 544 2479 faciant,
560 2456 644 2478 utrum
660 2462 685 2479 se
708 2456 785 2486 (sicut
800 2459 837 2481 est
851 2457 933 2487 tama)
953 2456 1156 2486 consanguineos
1175 2459 1369 2488 recognoscant.
1386 2470 1415 2474 —
1427 2457 1461 2487 (b)
1480 2457 1550 2487 quasi
1568 2457 1685 2481 eamdem
1700 2456 1740 2487 ja-

147 2494 223 2513 nuam
237 2491 358 2519 terentes,
374 2490 414 2513 vel
428 2496 482 2519 per.
