1991 3006
62 284 158 312 Explica.

60 2154 164 2175 Fundam.

648 207 743 239 IIIST.
766 205 898 237 XLVIII.
922 205 1010 236 ART.
1036 207 1074 237 II.
1099 207 1246 244 QUAEST.
1272 208 1308 238 II.

180 276 218 308 Et
232 276 317 314 ideo,
334 276 409 316 quia
420 278 547 316 propter
560 275 723 306 hominem
741 273 950 313 praemiantur

180 338 311 369 corpora
330 329 575 369 supercoelestia3
601 327 778 358 seeundum
794 335 863 355 eain
881 335 954 364 pro-

181 383 344 422 prietatem
356 383 576 421 praemiantur,
587 381 762 411 secundum
773 388 869 419 quam
881 381 954 408 sunt

181 445 318 466 consona
329 436 513 475 corporibus
527 435 673 474 gloriosis
685 445 691 463 ε
706 434 774 464 iiaec
787 435 893 462 autem
907 434 953 461 est

181 488 236 518 lux
249 498 256 518 :
268 491 298 518 et
311 488 380 518 ideo
396 489 430 518 in
444 489 512 518 luce
527 490 557 517 et
569 487 734 527 splendore
748 486 955 525 augebuntur

181 544 211 571 et
225 544 380 578 crescent,
396 543 431 571 ut
447 541 581 580 probant
596 542 707 580 priinae
725 539 873 569 rationeS.

222 598 249 624 i.
267 595 315 625 Ad
328 594 407 624 illud
421 594 505 633 quod
521 593 679 631 objicitur,
695 593 778 632 quod
795 592 952 631 peribunt,

181 647 348 678 dicendum
363 647 448 687 quod
465 647 523 676 iste
538 648 644 676 textus
659 647 887 685 consequenter
904 654 956 675 ex-

181 700 308 738 ponitur
320 709 377 739 per
390 699 486 730 illud¹
504 709 510 730 :
527 699 566 730 Εῐ
580 700 664 731 sicut
679 700 832 731 annocum
849 701 953 729 muta-

182 752 229 784 bis
250 760 315 790 eos,
340 755 369 784 ec
389 752 595 784 mutabuntur
610 753 704 783 :ideo
723 761 787 782 non
808 752 956 782 dicuntur

180 806 283 845 perire
307 806 381 845 quia
406 805 566 843 desinant,
595 805 649 835 sed
675 805 749 845 quia
775 804 956 844 pulchriora

180 858 356 888 efficientur
373 858 410 897 (α)
426 860 456 888 et
471 859 723 889 innovabuntur.

221 914 250 941 Ξ.
268 911 315 942 Ad
335 911 411 941 illud
427 911 512 951 quod
533 912 693 951 objicitur,
714 911 798 951 quod
817 920 882 941 non
898 911 954 941 ha-

180 966 255 996 bent
275 965 489 1003 voluntatem,
513 965 684 996 dicendum
704 965 789 1004 quod
810 965 877 1004 ipsa
892 973 956 994 non

182 1021 345 1049 merentur
360 1019 501 1058 proprie;
525 1019 579 1049 sed
596 1019 692 1049 homo
711 1020 862 1056 meretur,
880 1020 907 1048 et
925 1018 957 1047 in

182 1072 226 1101 eis
238 1073 473 1101 remuneratur.

222 1125 247 1153 3.
267 1123 314 1153 Ad
327 1123 404 1154 illud
419 1124 503 1163 quod
520 1123 679 1162 objicitur,
696 1123 781 1162 quod
794 1132 859 1152 non
871 1122 956 1152 labo-

180 1180 267 1214 rant,
288 1178 457 1209 dicendum
479 1179 563 1218 quod
587 1179 676 1208 labor
692 1178 805 1208 [licitur
820 1177 954 1217 duplici-

181 1234 227 1262 ter
242 1241 249 1262 :
266 1242 332 1263 uno
346 1233 453 1269 modo7
475 1234 617 1272 proprie,
639 1234 669 1263 et
687 1232 732 1262 sic
748 1232 863 1262 (licitur
878 1241 957 1271 opus

181 1285 321 1324 por-nale,
344 1288 373 1316 et
392 1286 453 1316 hoc
468 1287 561 1317 modo
575 1295 632 1316 nec
648 1295 779 1325 corpora
799 1295 954 1325 supercoe-

179 1337 283 1375 lestia,
303 1347 362 1369 nec
376 1339 482 1377 angeli
497 1339 572 1369 boni
589 1339 750 1376 laborant3
774 1339 835 1369 alio
850 1339 954 1375 modo,

180 1391 402 1429 communiter,
418 1392 501 1421 etsie
513 1391 627 1422 dicitur
637 1391 723 1422 labor
733 1392 956 1431 quodcumque

180 1444 368 1483 obseqmum
382 1445 557 1483 praestitum
568 1445 769 1475 hominibus:
782 1444 955 1474 secundum

179 1505 273 1536 quern
299 1497 428 1527 modum
452 1497 557 1536 angeli
581 1497 730 1527 dicuutur
754 1497 895 1526 laborare
923 1497 954 1526 in

179 1550 272 1580 vinea
288 1550 422 1589 Domini,
440 1554 470 1582 et
487 1552 568 1582 circa
583 1561 651 1589 nos,
669 1552 743 1590 quia
760 1551 850 1581 nobis
865 1551 954 1581 obse-

179 1606 322 1643 quuntur
338 1613 346 1634 :
363 1606 393 1635 et
408 1605 452 1635 sic
466 1613 597 1643 corpora
612 1604 761 1635 coelestia.

219 1659 248 1687 4.
264 1657 313 1688 Ad
328 1657 477 1688 ultimum
487 1681 494 1695 ,
516 1666 613 1696 quare
628 1665 693 1687 non
709 1658 954 1687 remunerantur

180 1712 211 1741 in
227 1711 344 1749 calore,
368 1713 452 1751 patet
467 1712 646 1750 responsi03
668 1711 743 1749 quia
762 1711 794 1740 in
816 1710 866 1739 his
882 1719 953 1749 pro-

178 1765 365 1804 prietatibus
381 1765 496 1795 debent
510 1764 725 1801 remunerari,
750 1773 821 1803 quae
837 1773 952 1794 conve—

178 1817 272 1848 niunt
285 1817 469 1857 corporibus
491 1817 622 1851 nostris,
647 1819 675 1846 et
698 1817 812 1847 faciunt
830 1817 867 1846 aci
884 1817 954 1855 glo—

179 1870 260 1900 riam
275 1872 427 1900 nostram.

444 1976 623 2014 QUAESTio
646 1976 684 2007 II.

182 2058 227 2084 An
242 2065 353 2092 corpora
368 2057 484 2084 coelestz‘a
503 2059 563 2091 post
579 2056 713 2091 judicium
727 2056 920 2091 quietabuntur
931 2056 951 2082 2.

220 2136 332 2168 Utrum
352 2145 485 2176 corpora
504 2136 738 2176 supercoelestia
760 2136 951 2175 quietabun-

178 2193 248 2227 tur;
266 2192 295 2220 et
309 2190 392 2229 qnod
406 2190 459 2227 sic⁷
475 2189 620 2219 videtur:
633 2189 708 2228 quia
723 2192 828 2219 motus
844 2198 952 2227 corpo-

179 2253 251 2274 rum
269 2243 540 2283 supercoelestium
556 2245 601 2273 est
620 2244 748 2282 propter
769 2243 951 2272 continuam

181 2296 421 2336 generationem
438 2307 444 2326 1
461 2296 514 2326 sed
535 2296 637 2326 omnis
660 2295 824 2334 generatio
839 2297 885 2325 est
900 2305 952 2325 or-

179 2349 284 2380 dinata
313 2349 351 2380 ad
380 2349 675 2388 multiplicationem
704 2348 890 2385 hominum,
922 2350 952 2378 et

178 2402 396 2442 multiplicatio
418 2402 585 2432 hominum
607 2402 646 2432 ad
668 2402 891 2441 perfectionem
908 2401 951 2431 ci-

213 2500 219 2515 ¹
237 2499 302 2523 Psal.
318 2506 352 2530 cr,
370 2501 409 2524 28.
422 2513 453 2517 —
469 2501 479 2516 ἕ
497 2500 538 2529 Cf⁴
557 2501 581 2523 S.
598 2500 699 2527 Thour,
715 2499 739 2522 in
754 2498 844 2529 Szappl,
865 2506 889 2528 p.
908 2499 950 2526 ΙΙΙ,

179 2542 203 2566 q.
224 2540 281 2564 xci,
302 2537 348 2558 art.
371 2537 399 2564 '2;
421 2538 445 2558 et
467 2536 497 2558 iv
521 2536 599 2560 Senl..
622 2535 677 2558 dist.
700 2540 794 2563 xnviii,
811 2541 835 2564 qi
860 2540 886 2559 ιι,
903 2538 949 2557 aut.

179 2573 209 2599 2;
235 2572 314 2599 scot„
339 2571 370 2593 iv
393 2571 472 2599 Seni„
491 2571 547 2593 dist,
573 2576 666 2601 vaiii,
689 2577 713 2600 q.
743 2576 775 2599 ¹13
802 2569 950 2599 {tiuhan-dus,

181 2606 210 2629 lt'
226 2606 304 2634 seut„
319 2605 368 2629 dist
382 2612 471 2636 vam,
485 2613 508 2637 q.
523 2612 552 2636 ii,
565 2609 612 2629 art.
624 2608 652 2635 23
671 2605 811 2634 mirandus,
828 2605 858 2628 lv
871 2606 950 2635 Seni„

179 2641 237 2665 dist.
274 2646 376 2671 vaiu,
406 2648 430 2672 q.
461 2648 512 2672 1113
543 2641 633 2665 Thoni.
665 2642 777 2671 urgent„
811 2640 840 2663 {V
871 2641 949 2671 Seni„

180 2677 237 2701 dist.
258 2682 353 2706 vaiu,
373 2683 398 2707 q.
421 2683 443 2707 1,
462 2679 509 2701 art.
531 2679 561 2708 43
581 2677 668 2708 Steph.
691 2675 794 2706 Brulef„
817 2676 847 2699 lV
871 2676 950 2706 Seni„

316 2729 391 2752 Tou.
420 2730 463 2752 vl.

1719 216 1772 245 561

1009 274 1114 304 vitatis
1135 283 1280 314 supernae
1301 286 1307 304 z
1330 275 1356 305 si
1380 284 1459 315 ergo
1479 286 1604 309 necesse
1623 282 1669 310 est
1691 281 1779 312 illam

1010 327 1167 357 civitatem
1186 328 1309 366 perfici,
1332 338 1456 360 necesse
1471 332 1516 360 est
1530 340 1658 363 omnem
1681 343 1780 372 gene-

1011 379 1163 409 rationem
1178 389 1299 410 cessare
1312 390 1318 410 :
1332 390 1411 419 ergo
1428 384 1458 412 et
1473 386 1595 414 motum
1610 394 1781 425 corporum

1011 433 1281 471 supercoelestium
1298 445 1303 464 :
1321 437 1351 464 et
1366 435 1424 472 sie,
1441 438 1497 466 etc,

1051 486 1128 515 Item
1152 487 1256 516 omnis
1284 490 1388 517 motus
1414 491 1460 518 est
1486 493 1614 529 propter
1642 492 1783 532 aliquem

1011 539 1106 568 finoni
1136 550 1142 568 :
1172 539 1225 569 sed
1250 540 1353 570 omnis
1381 543 1487 572 motus
1515 543 1695 582 ordinatus,
1724 546 1783 576 nisi

1012 592 1127 622 frustra
1151 592 1207 630 sit,
1234 593 1403 632 aliquando
1428 597 1631 635 consequitur
1654 598 1751 629 finem
1773 610 1779 629 :

1011 645 1065 674 sed
1079 645 1164 684 quod
1180 649 1326 676 movetur
1341 650 1468 686 propter
1482 649 1618 688 aliquid,
1643 654 1784 683 assecuto

1011 707 1064 734 eo,
1086 699 1239 737 quiescit:
1258 708 1335 738 ergo
1351 709 1425 730 cum
1438 710 1606 740 corporum
1626 713 1785 743 supercoe-

1012 750 1137 781 lestium
1152 754 1257 782 motus
1271 752 1310 782 sit
1324 752 1524 792 thusmodi,
1542 758 1639 794 patet,
1658 759 1715 788 etc.

1052 804 1130 835 Item
1150 805 1285 836 nobilior
1307 806 1468 846 dispositio
1491 810 1537 838 est
1557 810 1645 848 quies
1658 834 1665 846 ‚
1689 820 1785 850 quam

1014 859 1133 894 motus3
1156 858 1240 897 quod
1256 861 1338 898 patet
1354 860 1387 890 in
1405 860 1464 891 Deo
1483 872 1488 891 :
1509 871 1589 901 ergo
1605 863 1631 892 si
1648 865 1785 895 mundus

1012 913 1081 948 post
1100 913 1365 943 resurrectionem
1386 914 1445 944 erit
1465 915 1497 945 in
1516 916 1635 955 optima
1651 917 1784 957 disposi-

1012 963 1096 993 tione
1106 988 1114 1000 ,
1131 965 1237 995 omnia
1253 974 1385 1005 corpora
1399 967 1432 997 in
1447 977 1484 998 eo
1499 969 1670 1008 quiescent.

1054 1016 1131 1046 Item
1154 1017 1176 1047 h
1199 1028 1214 1048 c
1237 1019 1311 1049 (licit
1335 1021 1433 1057 ratio,
1459 1030 1522 1051 non
1544 1024 1668 1053 tantum
1690 1024 1783 1061 fides,

1012 1070 1096 1108 quod
1122 1071 1230 1101 omnia
1255 1075 1381 1112 propter
1404 1074 1567 1105 hominem
1594 1079 1623 1106 et
1651 1076 1690 1107 ad
1718 1079 1786 1117 ejus

1012 1122 1200 1162 obsequium
1216 1128 1290 1155 sunt
1305 1129 1409 1156 creata
1426 1138 1432 1157 :
1449 1137 1528 1166 ergo
1547 1129 1654 1159 omnia
1672 1130 1787 1161 (lebent

1013 1175 1128 1207 habere
1153 1187 1248 1208 usum
1273 1181 1302 1209 et
1325 1181 1432 1210 actum
1456 1181 1696 1212 convenientem
1724 1183 1786 1213 hu-

1013 1238 1107 1260 mano
1135 1231 1284 1271 obsequio
1310 1243 1315 1262 :
1340 1233 1391 1263 sed
1418 1233 1513 1265 homo
1539 1235 1785 1275 incorruptibilis

1012 1285 1081 1321 post
1104 1285 1370 1316 resurrectionem
1393 1296 1457 1318 non
1482 1288 1605 1326 indiget
1632 1289 1784 1328 obsequio

1012 1336 1154 1366 variabili
1175 1348 1181 1366 ι
1199 1346 1291 1376 ergo,
1315 1341 1372 1368 etc.

1052 1389 1164 1419 Contra
1177 1401 1183 1420 :
1197 1393 1224 1420 ⁴1.
1243 1390 1379 1430 Corpora
1393 1394 1626 1432 supercoelestia
1640 1396 1783 1427 serviunt

1013 1443 1130 1472 homini
1145 1443 1214 1474 luce
1224 1447 1253 1474 et
1267 1448 1372 1475 motu:
1387 1446 1438 1476 sed
1456 1447 1529 1486 quia
1544 1447 1610 1478 luce
1624 1449 1780 1487 serviunt,

1013 1497 1123 1535 maiori
1145 1497 1214 1528 luce
1235 1502 1481 1531 remunerantur
1499 1512 1504 1531 :
1524 1511 1604 1540 ergo
1624 1511 1695 1533 cum
1717 1513 1781 1534 ser-

1011 1550 1098 1580 viant
1115 1551 1150 1590 (b)
1168 1552 1200 1581 in
1217 1555 1319 1590 motu,
1337 1553 1450 1584 debent
1466 1555 1611 1586 velociori
1629 1559 1717 1587 motu
1732 1567 1781 1588 re-

1011 1605 1183 1634 munerari.

1050 1659 1078 1687 ⁶2.
1097 1656 1174 1687 Item
1197 1667 1310 1698 corpus
1331 1659 1508 1691 orbiculare
1530 1662 1714 1693 naturaliter
1735 1667 1781 1695 est

1009 1712 1118 1748 aptum
1134 1711 1172 1740 ad
1190 1713 1311 1742 motum
1326 1721 1333 1742 z
1350 1713 1403 1743 sed
1419 1723 1474 1753 per
1487 1715 1624 1752 gratiam
1639 1716 1780 1755 aptitudo

1010 1763 1195 1794 naturaliter
1209 1766 1382 1803 perficitur,
1399 1769 1429 1797 et
1439 1776 1503 1797 non
1517 1768 1649 1799 efficitur
1664 1770 1780 1809 imper-

1009 1816 1087 1846 fecta
1113 1825 1119 1845 :
1149 1818 1200 1847 sed
1233 1820 1488 1859 unumquodque
1518 1822 1684 1860 perfectius
1712 1826 1778 1862 est,

1008 1869 1135 1907 quando
1150 1873 1195 1901 est
1210 1872 1415 1910 conjunctum
1433 1882 1490 1903 suo
1505 1874 1588 1904 actui
1602 1886 1608 1905 :
1623 1884 1700 1915 ergo
1716 1886 1781 1907 cor-

1009 1931 1085 1961 pora
1106 1923 1296 1954 orbicularia
1318 1925 1482 1956 actualiter
1500 1927 1728 1966 movebuntur,
1750 1931 1780 1960 et

1008 1976 1167 2007 continue.

1048 2031 1076 2059 3.
1095 2029 1173 2060 Item
1188 2039 1281 2061 omne
1305 2032 1338 2070 (c)
1357 2032 1441 2071 quod
1456 2032 1538 2063 inest
1552 2033 1646 2064 alicui
1666 2044 1780 2066 secun-

1008 2082 1084 2112 dum
1104 2083 1361 2114 assimilationem
1377 2085 1416 2115 ad
1433 2085 1531 2115 Deum
1547 2095 1671 2126 semper
1689 2088 1780 2119 (lebet

1008 2144 1063 2173 per
1077 2137 1367 2167 renumerationem
1386 2139 1545 2177 praemiari
1561 2140 1632 2170 :sed
1648 2150 1779 2180 corpora

1007 2189 1257 2227 supe1·coelestia‚
1282 2192 1317 2220 ut
1335 2191 1410 2221 dicit
1424 2191 1657 2224 Commentator
1670 2194 1690 2231 ³,
1710 2204 1778 2226 mo-

1008 2244 1123 2271 ventur
1136 2245 1171 2272 ut
1187 2243 1403 2274 assimilentur
1418 2243 1496 2281 Deo,
1513 2248 1543 2275 et
1561 2246 1592 2276 in
1608 2246 1675 2286 ipso
1690 2250 1779 2278 motu

1007 2295 1222 2326 assimilantur
1238 2306 1245 2326 :
1262 2305 1350 2335 ergo,
1368 2299 1425 2327 etc.

1047 2352 1074 2378 4.
1094 2349 1171 2379 Item
1188 2352 1292 2380 motus
1307 2351 1493 2382 orbicularis
1505 2362 1561 2392 per
1572 2355 1720 2384 naturam
1731 2356 1777 2384 est

1007 2402 1269 2433 interminabilis:
1291 2404 1344 2434 sesl
1371 2404 1452 2435 Deus
1476 2415 1530 2444 per
1555 2406 1690 2445 gloriam
1712 2416 1777 2438 non

1007 2456 1144 2486 destruet
1165 2460 1312 2487 naturam
1338 2468 1344 2487 :
1364 2466 1443 2496 ergo
1462 2461 1584 2489 motum
1607 2468 1776 2499 corporum

1007 2524 1062 2548 dist.
1086 2530 1179 2554 xitvui,
1204 2532 1228 2555 q.
1255 2531 1294 2554 vi;
1321 2527 1407 2549 l’etrus
1431 2526 1461 2549 de
1484 2528 1619 2555 Turannius,
1643 2528 1672 2551 iv
1697 2529 1775 2559 svnt„

1007 2560 1062 2584 uisi.
1077 2567 1166 2588 mlxiii,
1183 2568 1208 2590 q.
1221 2567 1257 2584 vr.
1269 2574 1294 2577 —-
1310 2561 1320 2576 ³
1332 2562 1368 2584 De
1381 2562 1452 2590 Coel„
1466 2562 1509 2585 lib.
1525 2564 1553 2592 ΙΙ,
1571 2572 1593 2586 e.
1609 2569 1661 2586 xvi!
1677 2566 1701 2587 et
1715 2570 1773 2594 xxr3

1008 2596 1126 2626 Aletum„
1144 2596 1186 2619 lili.
1207 2597 1259 2626 ΧΗ,
1275 2605 1295 2620 ι’,
1313 2602 1404 2620 xxxvi.

1041 2643 1069 2669 (n)
1088 2642 1148 2664 ciet.
1167 2640 1225 2665 mlii.
1243 2640 1393 2665 efficiuntur.
1408 2654 1431 2657 —-
1453 2640 1486 2671 (b)
1503 2642 1563 2665 Coet.
1577 2642 1637 2666 ellit.
1650 2643 1772 2667 serviunt.

1009 2680 1036 2706 (c)
1052 2678 1115 2702 (ΓΜ,
1128 2676 1187 2700 edit.
1207 2676 1277 2699 nihil.

1615 2725 1652 2753 36

1800 1399 1834 1420 Ad
1853 1408 1904 1429 opp.
