<?xml version="1.0" encoding="UTF-8"?>
<!DOCTYPE html PUBLIC "-//W3C//DTD XHTML 1.0 Transitional//EN"
    "http://www.w3.org/TR/xhtml1/DTD/xhtml1-transitional.dtd">
<html xmlns="http://www.w3.org/1999/xhtml" xml:lang="en" lang="en">
 <head>
  <title>
</title>
<meta http-equiv="Content-Type" content="text/html;charset=utf-8" />
  <meta name='ocr-system' content='tesseract 3.04.00' />
  <meta name='ocr-capabilities' content='ocr_page ocr_carea ocr_par ocr_line ocrx_word'/>
</head>
<body>
  <div class='ocr_page' id='page_1' title='image "./operaomniasixtiv06bonauoft/operaomniasixtiv06bonauoft_0447.png"; bbox 0 0 1991 3006; ppageno 0'>
   <div class='ocr_carea' id='block_1_1' title="bbox 776 199 1222 232">
    <p class='ocr_par' dir='ltr' id='par_1_1' title="bbox 776 199 1222 232">
     <span class='ocr_line' id='line_1_1' title="bbox 776 199 1222 232; baseline -0.007 0"><span class='ocrx_word' id='word_1_1' title='bbox 776 200 964 232; x_wconf 88' lang='lat' dir='ltr'>DISTINCT.</span> <span class='ocrx_word' id='word_1_2' title='bbox 988 200 1064 231; x_wconf 89' lang='lat' dir='ltr'><strong>XLI.</strong></span> <span class='ocrx_word' id='word_1_3' title='bbox 1086 199 1173 230; x_wconf 91' lang='lat' dir='ltr'>ART.</span> <span class='ocrx_word' id='word_1_4' title='bbox 1198 199 1222 229; x_wconf 85' lang='grc' dir='ltr'>Ι.</span> 
     </span>
    </p>
   </div>
   <div class='ocr_carea' id='block_1_2' title="bbox 196 267 970 1425">
    <p class='ocr_par' dir='ltr' id='par_1_2' title="bbox 201 267 970 468">
     <span class='ocr_line' id='line_1_2' title="bbox 202 267 967 308; baseline 0 -11"><span class='ocrx_word' id='word_1_5' title='bbox 202 267 357 307; x_wconf 77' lang='lat' dir='ltr'>Amplius,</span> <span class='ocrx_word' id='word_1_6' title='bbox 368 277 424 308; x_wconf 88' lang='lat' dir='ltr'>per</span> <span class='ocrx_word' id='word_1_7' title='bbox 431 269 621 300; x_wconf 79' lang='lat' dir='ltr'>adulterium</span> <span class='ocrx_word' id='word_1_8' title='bbox 631 269 674 308; x_wconf 85' lang='lat' dir='ltr'>inj</span> <span class='ocrx_word' id='word_1_9' title='bbox 680 268 802 299; x_wconf 89' lang='lat' dir='ltr'>uriatur</span> <span class='ocrx_word' id='word_1_10' title='bbox 809 268 879 307; x_wconf 84' lang='lat' dir='ltr'>quis</span> <span class='ocrx_word' id='word_1_11' title='bbox 887 268 967 305; x_wconf 91' lang='lat' dir='ltr'>viro,</span> 
     </span>
     <span class='ocr_line' id='line_1_3' title="bbox 203 322 970 362; baseline -0.001 -11"><span class='ocrx_word' id='word_1_12' title='bbox 203 330 259 360; x_wconf 90' lang='lat' dir='ltr'>per</span> <span class='ocrx_word' id='word_1_13' title='bbox 275 324 423 362; x_wconf 85' lang='lat' dir='ltr'>stuprum</span> <span class='ocrx_word' id='word_1_14' title='bbox 444 331 518 353; x_wconf 90' lang='lat' dir='ltr'>non.</span> <span class='ocrx_word' id='word_1_15' title='bbox 540 322 627 353; x_wconf 85' lang='lat' dir='ltr'><strong>Unde</strong></span> <span class='ocrx_word' id='word_1_16' title='bbox 642 322 736 361; x_wconf 80' lang='lat' dir='ltr'>virgo</span> <span class='ocrx_word' id='word_1_17' title='bbox 755 330 827 361; x_wconf 82' lang='lat' dir='ltr'>quae</span> <span class='ocrx_word' id='word_1_18' title='bbox 844 330 907 351; x_wconf 90' lang='lat' dir='ltr'>non</span> <span class='ocrx_word' id='word_1_19' title='bbox 923 324 970 351; x_wconf 89' lang='lat' dir='ltr'>est</span> 
     </span>
     <span class='ocr_line' id='line_1_4' title="bbox 202 373 968 415; baseline -0.001 -11"><span class='ocrx_word' id='word_1_20' title='bbox 202 373 290 404; x_wconf 87' lang='lat' dir='ltr'>alteri</span> <span class='ocrx_word' id='word_1_21' title='bbox 305 374 444 414; x_wconf 79' lang='lat' dir='ltr'>alligata,</span> <span class='ocrx_word' id='word_1_22' title='bbox 461 384 525 405; x_wconf 93' lang='lat' dir='ltr'>non</span> <span class='ocrx_word' id='word_1_23' title='bbox 539 378 644 415; x_wconf 87' lang='lat' dir='ltr'>peccat</span> <span class='ocrx_word' id='word_1_24' title='bbox 658 375 719 405; x_wconf 91' lang='lat' dir='ltr'>nisi</span> <span class='ocrx_word' id='word_1_25' title='bbox 734 375 767 405; x_wconf 90' lang='lat' dir='ltr'>in</span> <span class='ocrx_word' id='word_1_26' title='bbox 782 375 881 405; x_wconf 91' lang='lat' dir='ltr'>Deum</span> <span class='ocrx_word' id='word_1_27' title='bbox 894 385 900 404; x_wconf 90' lang='lat'>:</span> <span class='ocrx_word' id='word_1_28' title='bbox 915 374 968 404; x_wconf 90' lang='lat' dir='ltr'>sed</span> 
     </span>
     <span class='ocr_line' id='line_1_5' title="bbox 201 426 966 468; baseline 0.001 -12"><span class='ocrx_word' id='word_1_29' title='bbox 201 426 352 465; x_wconf 81' lang='lat' dir='ltr'>adultera⁷</span> <span class='ocrx_word' id='word_1_30' title='bbox 364 428 395 457; x_wconf 93' lang='lat' dir='ltr'>in</span> <span class='ocrx_word' id='word_1_31' title='bbox 406 427 504 458; x_wconf 90' lang='lat' dir='ltr'>Deum</span> <span class='ocrx_word' id='word_1_32' title='bbox 512 431 542 458; x_wconf 87' lang='lat' dir='ltr'>et</span> <span class='ocrx_word' id='word_1_33' title='bbox 552 429 583 458; x_wconf 89' lang='lat' dir='ltr'>in</span> <span class='ocrx_word' id='word_1_34' title='bbox 593 429 774 468; x_wconf 77' lang='lat' dir='ltr'>proximum</span> <span class='ocrx_word' id='word_1_35' title='bbox 787 439 793 459; x_wconf 69' lang='grc' dir='ltr'><strong><em>ι</em></strong></span> <span class='ocrx_word' id='word_1_36' title='bbox 806 437 895 467; x_wconf 87' lang='lat' dir='ltr'>ergo,</span> <span class='ocrx_word' id='word_1_37' title='bbox 909 429 966 458; x_wconf 86' lang='lat' dir='ltr'>etc.</span> 
     </span>
    </p>

    <p class='ocr_par' dir='ltr' id='par_1_3' title="bbox 198 479 969 890">
     <span class='ocr_line' id='line_1_6' title="bbox 241 479 965 520; baseline 0.001 -11"><span class='ocrx_word' id='word_1_38' title='bbox 241 479 353 509; x_wconf 85' lang='lat' dir='ltr'>Contra</span> <span class='ocrx_word' id='word_1_39' title='bbox 375 491 382 510; x_wconf 88' lang='lat'>:</span> <span class='ocrx_word' id='word_1_40' title='bbox 404 480 545 511; x_wconf 84' lang='lat' dir='ltr'>Nobilior</span> <span class='ocrx_word' id='word_1_41' title='bbox 567 483 614 510; x_wconf 79' lang='lat' dir='ltr'>est</span> <span class='ocrx_word' id='word_1_42' title='bbox 636 482 760 511; x_wconf 75' lang='lat' dir='ltr'>castitas</span> <span class='ocrx_word' id='word_1_43' title='bbox 781 480 965 520; x_wconf 81' lang='lat' dir='ltr'>virginalis,</span> 
     </span>
     <span class='ocr_line' id='line_1_7' title="bbox 200 533 969 574; baseline 0.004 -12"><span class='ocrx_word' id='word_1_44' title='bbox 200 541 297 572; x_wconf 86' lang='lat' dir='ltr'>quam</span> <span class='ocrx_word' id='word_1_45' title='bbox 317 533 496 572; x_wconf 84' lang='lat' dir='ltr'>conjugalis</span> <span class='ocrx_word' id='word_1_46' title='bbox 513 544 519 563; x_wconf 89' lang='lat'>:</span> <span class='ocrx_word' id='word_1_47' title='bbox 539 543 618 572; x_wconf 90' lang='lat' dir='ltr'>ergo</span> <span class='ocrx_word' id='word_1_48' title='bbox 638 535 769 572; x_wconf 79' lang='lat' dir='ltr'>gravius</span> <span class='ocrx_word' id='word_1_49' title='bbox 792 537 838 564; x_wconf 87' lang='lat' dir='ltr'>est</span> <span class='ocrx_word' id='word_1_50' title='bbox 859 544 969 574; x_wconf 86' lang='lat' dir='ltr'>pecca-</span> 
     </span>
     <span class='ocr_line' id='line_1_8' title="bbox 200 586 968 626; baseline 0.003 -10"><span class='ocrx_word' id='word_1_51' title='bbox 200 589 268 616; x_wconf 90' lang='lat' dir='ltr'>tum</span> <span class='ocrx_word' id='word_1_52' title='bbox 283 586 366 625; x_wconf 88' lang='lat' dir='ltr'>quod</span> <span class='ocrx_word' id='word_1_53' title='bbox 381 588 426 616; x_wconf 89' lang='lat' dir='ltr'>est</span> <span class='ocrx_word' id='word_1_54' title='bbox 441 589 549 616; x_wconf 88' lang='lat' dir='ltr'>contra</span> <span class='ocrx_word' id='word_1_55' title='bbox 563 586 766 625; x_wconf 80' lang='lat' dir='ltr'>virginalem,</span> <span class='ocrx_word' id='word_1_56' title='bbox 784 597 880 626; x_wconf 83' lang='lat' dir='ltr'>quam</span> <span class='ocrx_word' id='word_1_57' title='bbox 894 597 968 618; x_wconf 89' lang='lat' dir='ltr'>con-</span> 
     </span>
     <span class='ocr_line' id='line_1_9' title="bbox 201 639 969 680; baseline 0.004 -12"><span class='ocrx_word' id='word_1_58' title='bbox 201 641 247 668; x_wconf 90' lang='lat' dir='ltr'>tra</span> <span class='ocrx_word' id='word_1_59' title='bbox 269 639 474 679; x_wconf 79' lang='lat' dir='ltr'>conJ&#39;ugalem</span> <span class='ocrx_word' id='word_1_60' title='bbox 498 639 642 670; x_wconf 78' lang='lat' dir='ltr'>decorem</span> <span class='ocrx_word' id='word_1_61' title='bbox 659 640 735 670; x_wconf 89' lang='lat' dir='ltr'>:sed</span> <span class='ocrx_word' id='word_1_62' title='bbox 756 643 902 680; x_wconf 82' lang='lat' dir='ltr'>stuprum</span> <span class='ocrx_word' id='word_1_63' title='bbox 923 644 969 671; x_wconf 90' lang='lat' dir='ltr'>est</span> 
     </span>
     <span class='ocr_line' id='line_1_10' title="bbox 199 692 968 733; baseline 0.004 -12"><span class='ocrx_word' id='word_1_64' title='bbox 199 694 308 722; x_wconf 89' lang='lat' dir='ltr'>contra</span> <span class='ocrx_word' id='word_1_65' title='bbox 321 692 533 731; x_wconf 86' lang='lat' dir='ltr'>virginalem:</span> <span class='ocrx_word' id='word_1_66' title='bbox 548 702 636 732; x_wconf 76' lang='lat' dir='ltr'>ergo,</span> <span class='ocrx_word' id='word_1_67' title='bbox 654 695 711 723; x_wconf 92' lang='lat' dir='ltr'>etc.</span> <span class='ocrx_word' id='word_1_68' title='bbox 730 693 817 731; x_wconf 75' lang='lat' dir='ltr'>item,</span> <span class='ocrx_word' id='word_1_69' title='bbox 834 694 889 733; x_wconf 89' lang='lat' dir='ltr'>qui</span> <span class='ocrx_word' id='word_1_70' title='bbox 903 703 968 724; x_wconf 88' lang='lat' dir='ltr'>cor-</span> 
     </span>
     <span class='ocr_line' id='line_1_11' title="bbox 199 745 968 786; baseline 0.003 -11"><span class='ocrx_word' id='word_1_71' title='bbox 199 745 318 785; x_wconf 87' lang='lat' dir='ltr'>rumpit</span> <span class='ocrx_word' id='word_1_72' title='bbox 336 746 497 785; x_wconf 89' lang='lat' dir='ltr'>virginem</span> <span class='ocrx_word' id='word_1_73' title='bbox 514 746 670 786; x_wconf 76' lang='lat' dir='ltr'>aliquam,</span> <span class='ocrx_word' id='word_1_74' title='bbox 689 747 790 777; x_wconf 81' lang='lat' dir='ltr'>aufert</span> <span class='ocrx_word' id='word_1_75' title='bbox 805 747 832 778; x_wconf 91' lang='lat' dir='ltr'>ei</span> <span class='ocrx_word' id='word_1_76' title='bbox 848 748 968 778; x_wconf 85' lang='lat' dir='ltr'>bonum</span> 
     </span>
     <span class='ocr_line' id='line_1_12' title="bbox 198 798 963 839; baseline 0.004 -11"><span class='ocrx_word' id='word_1_77' title='bbox 198 798 441 839; x_wconf 81' lang='lat' dir='ltr'>irrecuperabile</span> <span class='ocrx_word' id='word_1_78' title='bbox 468 811 474 830; x_wconf 86' lang='lat'><strong>:</strong></span> <span class='ocrx_word' id='word_1_79' title='bbox 497 800 549 830; x_wconf 88' lang='lat' dir='ltr'>sed</span> <span class='ocrx_word' id='word_1_80' title='bbox 576 808 640 830; x_wconf 90' lang='lat' dir='ltr'>non</span> <span class='ocrx_word' id='word_1_81' title='bbox 661 799 715 839; x_wconf 86' lang='lat' dir='ltr'>qui</span> <span class='ocrx_word' id='word_1_82' title='bbox 737 800 933 831; x_wconf 79' lang='lat' dir='ltr'>adulteratur</span> <span class='ocrx_word' id='word_1_83' title='bbox 957 813 963 831; x_wconf 79' lang='lat'>2</span> 
     </span>
     <span class='ocr_line' id='line_1_13' title="bbox 198 854 373 890; baseline 0.011 -9"><span class='ocrx_word' id='word_1_84' title='bbox 198 860 294 890; x_wconf 88' lang='lat' dir='ltr'>ergo,</span> <span class='ocrx_word' id='word_1_85' title='bbox 316 854 373 883; x_wconf 85' lang='lat' dir='ltr'>etc.</span> 
     </span>
    </p>

    <p class='ocr_par' dir='ltr' id='par_1_4' title="bbox 196 904 969 1425">
     <span class='ocr_line' id='line_1_14' title="bbox 238 904 969 947; baseline 0.004 -12"><span class='ocrx_word' id='word_1_86' title='bbox 238 904 330 945; x_wconf 83' lang='lat' dir='ltr'>Resp.</span> <span class='ocrx_word' id='word_1_87' title='bbox 355 906 527 937; x_wconf 84' lang='lat' dir='ltr'>Dicendum</span> <span class='ocrx_word' id='word_1_88' title='bbox 551 908 634 947; x_wconf 87' lang='lat' dir='ltr'>quod</span> <span class='ocrx_word' id='word_1_89' title='bbox 657 917 714 947; x_wconf 92' lang='lat' dir='ltr'>pro</span> <span class='ocrx_word' id='word_1_90' title='bbox 740 908 854 947; x_wconf 77' lang='lat' dir='ltr'>maJ&#39;ori</span> <span class='ocrx_word' id='word_1_91' title='bbox 880 911 969 947; x_wconf 87' lang='lat' dir='ltr'>parte</span> 
     </span>
     <span class='ocr_line' id='line_1_15' title="bbox 198 960 969 1000; baseline 0.004 -12"><span class='ocrx_word' id='word_1_92' title='bbox 198 961 322 997; x_wconf 85' lang='lat' dir='ltr'>peccata</span> <span class='ocrx_word' id='word_1_93' title='bbox 347 960 386 990; x_wconf 89' lang='lat' dir='ltr'>ad</span> <span class='ocrx_word' id='word_1_94' title='bbox 415 960 551 990; x_wconf 85' lang='lat' dir='ltr'>invicem</span> <span class='ocrx_word' id='word_1_95' title='bbox 583 963 763 1000; x_wconf 85' lang='lat' dir='ltr'>comparata</span> <span class='ocrx_word' id='word_1_96' title='bbox 791 970 823 991; x_wconf 87' lang='lat' dir='ltr'>se</span> <span class='ocrx_word' id='word_1_97' title='bbox 852 961 969 991; x_wconf 79' lang='lat' dir='ltr'>habent</span> 
     </span>
     <span class='ocr_line' id='line_1_16' title="bbox 197 1011 968 1054; baseline 0.005 -14"><span class='ocrx_word' id='word_1_98' title='bbox 197 1011 278 1041; x_wconf 87' lang='lat' dir='ltr'>sicut</span> <span class='ocrx_word' id='word_1_99' title='bbox 296 1013 478 1043; x_wconf 79' lang='lat' dir='ltr'>excedentia</span> <span class='ocrx_word' id='word_1_100' title='bbox 494 1015 524 1043; x_wconf 87' lang='lat' dir='ltr'>et</span> <span class='ocrx_word' id='word_1_101' title='bbox 538 1023 673 1044; x_wconf 79' lang='lat' dir='ltr'>excessa.</span> <span class='ocrx_word' id='word_1_102' title='bbox 692 1014 779 1044; x_wconf 84' lang='lat' dir='ltr'>Unde</span> <span class='ocrx_word' id='word_1_103' title='bbox 798 1015 823 1044; x_wconf 89' lang='lat' dir='ltr'>si</span> <span class='ocrx_word' id='word_1_104' title='bbox 839 1023 968 1054; x_wconf 90' lang='lat' dir='ltr'>compa-</span> 
     </span>
     <span class='ocr_line' id='line_1_17' title="bbox 196 1065 968 1105; baseline 0.005 -11"><span class='ocrx_word' id='word_1_105' title='bbox 196 1073 304 1094; x_wconf 88' lang='lat' dir='ltr'>remus</span> <span class='ocrx_word' id='word_1_106' title='bbox 319 1065 436 1095; x_wconf 87' lang='lat' dir='ltr'>coitum</span> <span class='ocrx_word' id='word_1_107' title='bbox 448 1075 520 1096; x_wconf 89' lang='lat' dir='ltr'>cum</span> <span class='ocrx_word' id='word_1_108' title='bbox 532 1067 702 1105; x_wconf 85' lang='lat' dir='ltr'>conjugata</span> <span class='ocrx_word' id='word_1_109' title='bbox 714 1067 753 1097; x_wconf 86' lang='lat' dir='ltr'>ad</span> <span class='ocrx_word' id='word_1_110' title='bbox 766 1068 884 1097; x_wconf 83' lang='lat' dir='ltr'>coitum</span> <span class='ocrx_word' id='word_1_111' title='bbox 895 1077 968 1098; x_wconf 89' lang='lat' dir='ltr'>cum</span> 
     </span>
     <span class='ocr_line' id='line_1_18' title="bbox 197 1118 965 1159; baseline 0.005 -12"><span class='ocrx_word' id='word_1_112' title='bbox 197 1118 324 1156; x_wconf 89' lang='lat' dir='ltr'>virgine</span> <span class='ocrx_word' id='word_1_113' title='bbox 344 1118 459 1156; x_wconf 79' lang='lat' dir='ltr'>soluta,</span> <span class='ocrx_word' id='word_1_114' title='bbox 483 1119 654 1149; x_wconf 81' lang='lat' dir='ltr'>deformius</span> <span class='ocrx_word' id='word_1_115' title='bbox 672 1122 718 1150; x_wconf 86' lang='lat' dir='ltr'>est</span> <span class='ocrx_word' id='word_1_116' title='bbox 732 1120 893 1159; x_wconf 87' lang='lat' dir='ltr'>virginem</span> <span class='ocrx_word' id='word_1_117' title='bbox 912 1122 965 1151; x_wconf 90' lang='lat' dir='ltr'>de-</span> 
     </span>
     <span class='ocr_line' id='line_1_19' title="bbox 196 1170 966 1211; baseline 0.006 -11"><span class='ocrx_word' id='word_1_118' title='bbox 196 1170 324 1209; x_wconf 81' lang='lat' dir='ltr'>florare,</span> <span class='ocrx_word' id='word_1_119' title='bbox 341 1181 438 1210; x_wconf 87' lang='lat' dir='ltr'>quam</span> <span class='ocrx_word' id='word_1_120' title='bbox 454 1172 639 1203; x_wconf 85' lang='lat' dir='ltr'>defloratam</span> <span class='ocrx_word' id='word_1_121' title='bbox 655 1182 844 1211; x_wconf 81' lang='lat' dir='ltr'>cognoscere</span> <span class='ocrx_word' id='word_1_122' title='bbox 863 1186 869 1204; x_wconf 74' lang='grc' dir='ltr'>ε</span> <span class='ocrx_word' id='word_1_123' title='bbox 887 1177 966 1205; x_wconf 82' lang='lat' dir='ltr'>atta-</span> 
     </span>
     <span class='ocr_line' id='line_1_20' title="bbox 197 1225 968 1268; baseline 0.006 -14"><span class='ocrx_word' id='word_1_124' title='bbox 197 1232 269 1254; x_wconf 86' lang='lat' dir='ltr'>men</span> <span class='ocrx_word' id='word_1_125' title='bbox 293 1225 426 1263; x_wconf 88' lang='lat' dir='ltr'>gravius</span> <span class='ocrx_word' id='word_1_126' title='bbox 449 1229 555 1265; x_wconf 87' lang='lat' dir='ltr'>peccat</span> <span class='ocrx_word' id='word_1_127' title='bbox 580 1226 634 1265; x_wconf 91' lang='lat' dir='ltr'>qui</span> <span class='ocrx_word' id='word_1_128' title='bbox 659 1226 868 1266; x_wconf 72' lang='lat' dir='ltr'>adulteratur,</span> <span class='ocrx_word' id='word_1_129' title='bbox 894 1229 968 1268; x_wconf 88' lang='lat' dir='ltr'>quia</span> 
     </span>
     <span class='ocr_line' id='line_1_21' title="bbox 196 1277 969 1319; baseline 0.005 -12"><span class='ocrx_word' id='word_1_130' title='bbox 196 1277 302 1316; x_wconf 85' lang='lat' dir='ltr'>magis</span> <span class='ocrx_word' id='word_1_131' title='bbox 315 1277 402 1309; x_wconf 81' lang='lat' dir='ltr'>laedit</span> <span class='ocrx_word' id='word_1_132' title='bbox 416 1279 657 1318; x_wconf 82' lang='lat' dir='ltr'>rempublicam,</span> <span class='ocrx_word' id='word_1_133' title='bbox 673 1282 703 1309; x_wconf 91' lang='lat' dir='ltr'>et</span> <span class='ocrx_word' id='word_1_134' title='bbox 716 1280 822 1319; x_wconf 88' lang='lat' dir='ltr'>magis</span> <span class='ocrx_word' id='word_1_135' title='bbox 839 1281 969 1311; x_wconf 78' lang='lat' dir='ltr'>offendit</span> 
     </span>
     <span class='ocr_line' id='line_1_22' title="bbox 197 1330 969 1373; baseline 0.006 -13"><span class='ocrx_word' id='word_1_136' title='bbox 197 1330 319 1369; x_wconf 79' lang='lat' dir='ltr'>virum,</span> <span class='ocrx_word' id='word_1_137' title='bbox 337 1333 367 1361; x_wconf 89' lang='lat' dir='ltr'>et</span> <span class='ocrx_word' id='word_1_138' title='bbox 384 1332 488 1371; x_wconf 88' lang='lat' dir='ltr'>magis</span> <span class='ocrx_word' id='word_1_139' title='bbox 504 1335 636 1371; x_wconf 88' lang='lat' dir='ltr'>generat</span> <span class='ocrx_word' id='word_1_140' title='bbox 650 1333 824 1363; x_wconf 80' lang='lat' dir='ltr'>infamiam.</span> <span class='ocrx_word' id='word_1_141' title='bbox 842 1333 969 1373; x_wconf 72' lang='lat' dir='ltr'>Obiecta</span> 
     </span>
     <span class='ocr_line' id='line_1_23' title="bbox 196 1385 807 1425; baseline 0.005 -12"><span class='ocrx_word' id='word_1_142' title='bbox 196 1386 303 1414; x_wconf 90' lang='lat' dir='ltr'>autem</span> <span class='ocrx_word' id='word_1_143' title='bbox 318 1385 492 1424; x_wconf 87' lang='lat' dir='ltr'>procedunt</span> <span class='ocrx_word' id='word_1_144' title='bbox 506 1394 562 1425; x_wconf 92' lang='lat' dir='ltr'>per</span> <span class='ocrx_word' id='word_1_145' title='bbox 575 1385 715 1416; x_wconf 88' lang='lat' dir='ltr'>diversas</span> <span class='ocrx_word' id='word_1_146' title='bbox 730 1387 807 1416; x_wconf 84' lang='lat' dir='ltr'>vias.</span> 
     </span>
    </p>
   </div>
   <div class='ocr_carea' id='block_1_3' title="bbox 349 1505 788 1540">
    <p class='ocr_par' dir='ltr' id='par_1_5' title="bbox 349 1505 788 1540">
     <span class='ocr_line' id='line_1_24' title="bbox 349 1505 788 1540; baseline 0.005 -3"><span class='ocrx_word' id='word_1_147' title='bbox 349 1505 591 1539; x_wconf 89' lang='lat' dir='ltr'>ARTICULUS</span> <span class='ocrx_word' id='word_1_148' title='bbox 622 1506 788 1540; x_wconf 87' lang='lat' dir='ltr'>UNICUS.</span> 
     </span>
    </p>
   </div>
   <div class='ocr_carea' id='block_1_4' title="bbox 190 1598 967 2704">
    <p class='ocr_par' dir='ltr' id='par_1_6' title="bbox 190 1598 967 2704">
     <span class='ocr_line' id='line_1_25' title="bbox 234 1598 964 1639; baseline 0.005 -11"><span class='ocrx_word' id='word_1_149' title='bbox 234 1598 283 1629; x_wconf 90' lang='lat' dir='ltr'>Ad</span> <span class='ocrx_word' id='word_1_150' title='bbox 298 1598 543 1637; x_wconf 81' lang='lat' dir='ltr'>intelligentiam</span> <span class='ocrx_word' id='word_1_151' title='bbox 562 1601 727 1639; x_wconf 61' lang='lat' dir='ltr'>praesentis</span> <span class='ocrx_word' id='word_1_152' title='bbox 744 1601 964 1639; x_wconf 84' lang='lat' dir='ltr'>distinctionis,</span> 
     </span>
     <span class='ocr_line' id='line_1_26' title="bbox 194 1651 967 1694; baseline 0.005 -13"><span class='ocrx_word' id='word_1_153' title='bbox 194 1651 227 1681; x_wconf 89' lang='lat' dir='ltr'>in</span> <span class='ocrx_word' id='word_1_154' title='bbox 243 1661 307 1691; x_wconf 86' lang='lat' dir='ltr'>qua</span> <span class='ocrx_word' id='word_1_155' title='bbox 320 1652 430 1691; x_wconf 88' lang='lat' dir='ltr'>agitur</span> <span class='ocrx_word' id='word_1_156' title='bbox 443 1653 481 1683; x_wconf 87' lang='lat' dir='ltr'>de</span> <span class='ocrx_word' id='word_1_157' title='bbox 494 1653 645 1684; x_wconf 82' lang='lat' dir='ltr'>affinitate</span> <span class='ocrx_word' id='word_1_158' title='bbox 655 1677 662 1690; x_wconf 84' lang='lat'>,</span> <span class='ocrx_word' id='word_1_159' title='bbox 680 1654 783 1693; x_wconf 83' lang='lat' dir='ltr'>primo</span> <span class='ocrx_word' id='word_1_160' title='bbox 799 1655 967 1694; x_wconf 88' lang='lat' dir='ltr'>proceden-</span> 
     </span>
     <span class='ocr_line' id='line_1_27' title="bbox 194 1704 965 1745; baseline 0.005 -10"><span class='ocrx_word' id='word_1_161' title='bbox 194 1704 271 1735; x_wconf 88' lang='lat' dir='ltr'>dum</span> <span class='ocrx_word' id='word_1_162' title='bbox 296 1708 343 1735; x_wconf 87' lang='lat' dir='ltr'>est</span> <span class='ocrx_word' id='word_1_163' title='bbox 363 1714 419 1745; x_wconf 90' lang='lat' dir='ltr'>per</span> <span class='ocrx_word' id='word_1_164' title='bbox 441 1706 572 1737; x_wconf 90' lang='lat' dir='ltr'>modum</span> <span class='ocrx_word' id='word_1_165' title='bbox 596 1708 806 1745; x_wconf 83' lang='lat' dir='ltr'>narrationis,</span> <span class='ocrx_word' id='word_1_166' title='bbox 828 1709 965 1739; x_wconf 86' lang='lat' dir='ltr'>secundo</span> 
     </span>
     <span class='ocr_line' id='line_1_28' title="bbox 193 1758 966 1801; baseline 0.005 -13"><span class='ocrx_word' id='word_1_167' title='bbox 193 1767 249 1797; x_wconf 89' lang='lat' dir='ltr'>per</span> <span class='ocrx_word' id='word_1_168' title='bbox 264 1758 395 1789; x_wconf 89' lang='lat' dir='ltr'>modum</span> <span class='ocrx_word' id='word_1_169' title='bbox 409 1759 634 1799; x_wconf 82' lang='lat' dir='ltr'>inquisitionis.</span> <span class='ocrx_word' id='word_1_170' title='bbox 652 1760 813 1797; x_wconf 87' lang='lat' dir='ltr'>Quantum</span> <span class='ocrx_word' id='word_1_171' title='bbox 829 1770 908 1801; x_wconf 89' lang='lat' dir='ltr'>ergo</span> <span class='ocrx_word' id='word_1_172' title='bbox 926 1763 966 1793; x_wconf 89' lang='lat' dir='ltr'>ad</span> 
     </span>
     <span class='ocr_line' id='line_1_29' title="bbox 193 1811 966 1854; baseline 0.006 -13"><span class='ocrx_word' id='word_1_173' title='bbox 193 1811 334 1851; x_wconf 90' lang='lat' dir='ltr'>primum</span> <span class='ocrx_word' id='word_1_174' title='bbox 345 1836 355 1850; x_wconf 86' lang='grc'>,</span> <span class='ocrx_word' id='word_1_175' title='bbox 373 1813 476 1852; x_wconf 91' lang='lat' dir='ltr'>primo</span> <span class='ocrx_word' id='word_1_176' title='bbox 488 1815 669 1845; x_wconf 82' lang='lat' dir='ltr'>annotanda</span> <span class='ocrx_word' id='word_1_177' title='bbox 683 1817 728 1844; x_wconf 88' lang='lat' dir='ltr'>est</span> <span class='ocrx_word' id='word_1_178' title='bbox 744 1815 858 1854; x_wconf 78' lang='lat' dir='ltr'>triplex</span> <span class='ocrx_word' id='word_1_179' title='bbox 879 1815 966 1846; x_wconf 83' lang='lat' dir='ltr'>diffe-</span> 
     </span>
     <span class='ocr_line' id='line_1_30' title="bbox 193 1865 964 1908; baseline 0.005 -13"><span class='ocrx_word' id='word_1_180' title='bbox 193 1865 311 1903; x_wconf 88' lang='lat' dir='ltr'>rentia;</span> <span class='ocrx_word' id='word_1_181' title='bbox 330 1866 467 1896; x_wconf 88' lang='lat' dir='ltr'>secundo</span> <span class='ocrx_word' id='word_1_182' title='bbox 488 1875 565 1896; x_wconf 85' lang='lat' dir='ltr'>vero</span> <span class='ocrx_word' id='word_1_183' title='bbox 580 1868 760 1898; x_wconf 89' lang='lat' dir='ltr'>annotanda</span> <span class='ocrx_word' id='word_1_184' title='bbox 783 1871 830 1898; x_wconf 88' lang='lat' dir='ltr'>est</span> <span class='ocrx_word' id='word_1_185' title='bbox 851 1869 964 1908; x_wconf 73' lang='lat' dir='ltr'>triplex</span> 
     </span>
     <span class='ocr_line' id='line_1_31' title="bbox 193 1918 963 1961; baseline 0.006 -14"><span class='ocrx_word' id='word_1_186' title='bbox 193 1918 314 1948; x_wconf 86' lang='lat' dir='ltr'>notula.</span> <span class='ocrx_word' id='word_1_187' title='bbox 331 1918 437 1948; x_wconf 89' lang='lat' dir='ltr'>Primo</span> <span class='ocrx_word' id='word_1_188' title='bbox 452 1920 539 1949; x_wconf 90' lang='lat' dir='ltr'>enim</span> <span class='ocrx_word' id='word_1_189' title='bbox 553 1919 779 1950; x_wconf 82' lang='lat' dir='ltr'>attendendum</span> <span class='ocrx_word' id='word_1_190' title='bbox 795 1923 860 1959; x_wconf 87' lang='lat' dir='ltr'>est,</span> <span class='ocrx_word' id='word_1_191' title='bbox 878 1921 963 1961; x_wconf 90' lang='lat' dir='ltr'>quod</span> 
     </span>
     <span class='ocr_line' id='line_1_32' title="bbox 193 1970 960 2012; baseline 0.005 -12"><span class='ocrx_word' id='word_1_192' title='bbox 193 1970 297 2001; x_wconf 86' lang='lat' dir='ltr'>differt</span> <span class='ocrx_word' id='word_1_193' title='bbox 311 1980 378 2001; x_wconf 90' lang='lat' dir='ltr'>esse</span> <span class='ocrx_word' id='word_1_194' title='bbox 393 1971 531 2010; x_wconf 82' lang='lat' dir='ltr'>affinem,</span> <span class='ocrx_word' id='word_1_195' title='bbox 548 1974 578 2002; x_wconf 91' lang='lat' dir='ltr'>et</span> <span class='ocrx_word' id='word_1_196' title='bbox 593 1981 660 2003; x_wconf 90' lang='lat' dir='ltr'>esse</span> <span class='ocrx_word' id='word_1_197' title='bbox 674 1974 960 2012; x_wconf 84' lang='lat' dir='ltr'>consanguineum.</span> 
     </span>
     <span class='ocr_line' id='line_1_33' title="bbox 193 2023 961 2067; baseline 0.005 -13"><span class='ocrx_word' id='word_1_198' title='bbox 193 2023 273 2054; x_wconf 87' lang='lat' dir='ltr'>Nam</span> <span class='ocrx_word' id='word_1_199' title='bbox 288 2025 548 2063; x_wconf 81' lang='lat' dir='ltr'>consanguinitas</span> <span class='ocrx_word' id='word_1_200' title='bbox 562 2026 650 2056; x_wconf 89' lang='lat' dir='ltr'>venit</span> <span class='ocrx_word' id='word_1_201' title='bbox 670 2035 710 2056; x_wconf 85' lang='lat' dir='ltr'>ex</span> <span class='ocrx_word' id='word_1_202' title='bbox 727 2027 830 2057; x_wconf 90' lang='lat' dir='ltr'>carnis</span> <span class='ocrx_word' id='word_1_203' title='bbox 846 2036 961 2067; x_wconf 87' lang='lat' dir='ltr'>propa-</span> 
     </span>
     <span class='ocr_line' id='line_1_34' title="bbox 193 2077 960 2118; baseline 0.005 -11"><span class='ocrx_word' id='word_1_204' title='bbox 193 2077 283 2116; x_wconf 75' lang='lat' dir='ltr'>gIne3</span> <span class='ocrx_word' id='word_1_205' title='bbox 297 2077 351 2108; x_wconf 89' lang='lat' dir='ltr'>sed</span> <span class='ocrx_word' id='word_1_206' title='bbox 367 2077 503 2108; x_wconf 86' lang='lat' dir='ltr'>affinitas</span> <span class='ocrx_word' id='word_1_207' title='bbox 516 2087 555 2108; x_wconf 79' lang='lat' dir='ltr'>ex</span> <span class='ocrx_word' id='word_1_208' title='bbox 574 2078 692 2109; x_wconf 88' lang='lat' dir='ltr'>carnali</span> <span class='ocrx_word' id='word_1_209' title='bbox 713 2080 940 2111; x_wconf 73' lang='lat' dir='ltr'>commixtione</span> <span class='ocrx_word' id='word_1_210' title='bbox 951 2104 960 2118; x_wconf 87' lang='lat'>,</span> 
     </span>
     <span class='ocr_line' id='line_1_35' title="bbox 192 2131 961 2171; baseline 0.004 -10"><span class='ocrx_word' id='word_1_211' title='bbox 192 2131 422 2171; x_wconf 85' lang='lat' dir='ltr'>praesupposita</span> <span class='ocrx_word' id='word_1_212' title='bbox 441 2133 549 2162; x_wconf 89' lang='lat' dir='ltr'>tamen</span> <span class='ocrx_word' id='word_1_213' title='bbox 568 2132 854 2171; x_wconf 85' lang='lat' dir='ltr'>consanguinitate.</span> <span class='ocrx_word' id='word_1_214' title='bbox 873 2132 961 2164; x_wconf 89' lang='lat' dir='ltr'>Unde</span> 
     </span>
     <span class='ocr_line' id='line_1_36' title="bbox 191 2184 962 2226; baseline 0.004 -12"><span class='ocrx_word' id='word_1_215' title='bbox 191 2184 327 2214; x_wconf 75' lang='lat' dir='ltr'>affinitas</span> <span class='ocrx_word' id='word_1_216' title='bbox 337 2184 493 2215; x_wconf 86' lang='lat' dir='ltr'>diffinitur</span> <span class='ocrx_word' id='word_1_217' title='bbox 506 2185 549 2215; x_wconf 87' lang='lat' dir='ltr'>sic</span> <span class='ocrx_word' id='word_1_218' title='bbox 563 2195 569 2215; x_wconf 79' lang='lat' dir='ltr'>z</span> <span class='ocrx_word' id='word_1_219' title='bbox 586 2185 732 2216; x_wconf 77' lang='lat' dir='ltr'>Affinitas</span> <span class='ocrx_word' id='word_1_220' title='bbox 748 2188 795 2216; x_wconf 87' lang='lat' dir='ltr'>est</span> <span class='ocrx_word' id='word_1_221' title='bbox 811 2187 962 2226; x_wconf 77' lang='lat' dir='ltr'>proximi-</span> 
     </span>
     <span class='ocr_line' id='line_1_37' title="bbox 191 2238 957 2278; baseline 0.004 -11"><span class='ocrx_word' id='word_1_222' title='bbox 191 2239 238 2267; x_wconf 86' lang='lat' dir='ltr'>tas</span> <span class='ocrx_word' id='word_1_223' title='bbox 246 2245 453 2276; x_wconf 86' lang='lat' dir='ltr'>personarum</span> <span class='ocrx_word' id='word_1_224' title='bbox 462 2246 503 2267; x_wconf 84' lang='lat' dir='ltr'>ex</span> <span class='ocrx_word' id='word_1_225' title='bbox 510 2238 627 2268; x_wconf 85' lang='lat' dir='ltr'>carnali</span> <span class='ocrx_word' id='word_1_226' title='bbox 635 2238 748 2277; x_wconf 86' lang='lat' dir='ltr'>copula</span> <span class='ocrx_word' id='word_1_227' title='bbox 757 2248 814 2278; x_wconf 91' lang='lat' dir='ltr'>pro</span> <span class='ocrx_word' id='word_1_228' title='bbox 819 2240 957 2277; x_wconf 49' lang='lat' dir='ltr'>veniens</span> 
     </span>
     <span class='ocr_line' id='line_1_38' title="bbox 191 2290 960 2331; baseline 0.005 -11"><span class='ocrx_word' id='word_1_229' title='bbox 191 2290 279 2320; x_wconf 91' lang='lat' dir='ltr'>omni</span> <span class='ocrx_word' id='word_1_230' title='bbox 302 2299 412 2321; x_wconf 88' lang='lat' dir='ltr'>carens</span> <span class='ocrx_word' id='word_1_231' title='bbox 426 2291 586 2330; x_wconf 81' lang='lat' dir='ltr'>parentela</span> <span class='ocrx_word' id='word_1_232' title='bbox 603 2300 610 2321; x_wconf 71' lang='grc' dir='ltr'>ι</span> <span class='ocrx_word' id='word_1_233' title='bbox 626 2291 767 2331; x_wconf 82' lang='lat' dir='ltr'>intellige</span> <span class='ocrx_word' id='word_1_234' title='bbox 779 2316 786 2329; x_wconf 91' lang='lat'>,</span> <span class='ocrx_word' id='word_1_235' title='bbox 804 2295 960 2331; x_wconf 78' lang='lat' dir='ltr'>quantum</span> 
     </span>
     <span class='ocr_line' id='line_1_39' title="bbox 191 2343 959 2385; baseline 0.001 -10"><span class='ocrx_word' id='word_1_236' title='bbox 191 2345 236 2375; x_wconf 81' lang='lat' dir='ltr'>est</span> <span class='ocrx_word' id='word_1_237' title='bbox 251 2343 289 2375; x_wconf 81' lang='lat' dir='ltr'>de</span> <span class='ocrx_word' id='word_1_238' title='bbox 301 2351 333 2375; x_wconf 82' lang='lat' dir='ltr'>se</span> <span class='ocrx_word' id='word_1_239' title='bbox 342 2353 354 2382; x_wconf 92' lang='lat'>,·</span> <span class='ocrx_word' id='word_1_240' title='bbox 370 2346 475 2374; x_wconf 88' lang='lat' dir='ltr'>tamen</span> <span class='ocrx_word' id='word_1_241' title='bbox 494 2344 711 2384; x_wconf 85' lang='lat' dir='ltr'>praesupponit</span> <span class='ocrx_word' id='word_1_242' title='bbox 727 2346 959 2385; x_wconf 87' lang='lat' dir='ltr'>consanguini-</span> 
     </span>
     <span class='ocr_line' id='line_1_40' title="bbox 190 2397 956 2438; baseline 0.005 -12"><span class='ocrx_word' id='word_1_243' title='bbox 190 2398 306 2427; x_wconf 84' lang='lat' dir='ltr'>tatem:</span> <span class='ocrx_word' id='word_1_244' title='bbox 327 2397 412 2428; x_wconf 91' lang='lat' dir='ltr'>unde</span> <span class='ocrx_word' id='word_1_245' title='bbox 435 2397 462 2427; x_wconf 90' lang='lat' dir='ltr'>si</span> <span class='ocrx_word' id='word_1_246' title='bbox 486 2398 558 2436; x_wconf 89' lang='lat' dir='ltr'>quis</span> <span class='ocrx_word' id='word_1_247' title='bbox 581 2398 746 2437; x_wconf 57' lang='lat' dir='ltr'>cognoscit</span> <span class='ocrx_word' id='word_1_248' title='bbox 771 2399 956 2438; x_wconf 78' lang='lat' dir='ltr'>mulierem,</span> 
     </span>
     <span class='ocr_line' id='line_1_41' title="bbox 191 2449 958 2491; baseline 0.004 -11"><span class='ocrx_word' id='word_1_249' title='bbox 191 2449 325 2480; x_wconf 84' lang='lat' dir='ltr'>efficitur</span> <span class='ocrx_word' id='word_1_250' title='bbox 339 2450 443 2480; x_wconf 85' lang='lat' dir='ltr'>affinis</span> <span class='ocrx_word' id='word_1_251' title='bbox 457 2450 607 2481; x_wconf 90' lang='lat' dir='ltr'>omnibus</span> <span class='ocrx_word' id='word_1_252' title='bbox 626 2452 871 2491; x_wconf 81' lang='lat' dir='ltr'>consanguineis</span> <span class='ocrx_word' id='word_1_253' title='bbox 886 2462 958 2483; x_wconf 90' lang='lat' dir='ltr'>mu-</span> 
     </span>
     <span class='ocr_line' id='line_1_42' title="bbox 191 2504 958 2544; baseline 0.005 -10"><span class='ocrx_word' id='word_1_254' title='bbox 191 2504 275 2535; x_wconf 89' lang='lat' dir='ltr'>lieris</span> <span class='ocrx_word' id='word_1_255' title='bbox 286 2504 437 2544; x_wconf 88' lang='lat' dir='ltr'>perillam</span> <span class='ocrx_word' id='word_1_256' title='bbox 448 2504 721 2543; x_wconf 80' lang='lat' dir='ltr'>commixtionem,</span> <span class='ocrx_word' id='word_1_257' title='bbox 731 2508 761 2537; x_wconf 92' lang='lat' dir='ltr'>et</span> <span class='ocrx_word' id='word_1_258' title='bbox 773 2516 790 2537; x_wconf 93' lang='lat' dir='ltr'>e</span> <span class='ocrx_word' id='word_1_259' title='bbox 805 2516 958 2538; x_wconf 89' lang='lat' dir='ltr'>converso</span> 
     </span>
     <span class='ocr_line' id='line_1_43' title="bbox 192 2557 958 2599; baseline 0.005 -12"><span class='ocrx_word' id='word_1_260' title='bbox 192 2557 224 2587; x_wconf 91' lang='lat' dir='ltr'>in</span> <span class='ocrx_word' id='word_1_261' title='bbox 234 2557 379 2588; x_wconf 91' lang='lat' dir='ltr'>muliere.</span> <span class='ocrx_word' id='word_1_262' title='bbox 391 2557 534 2588; x_wconf 88' lang='lat' dir='ltr'>Secundo</span> <span class='ocrx_word' id='word_1_263' title='bbox 547 2557 791 2597; x_wconf 89' lang='lat' dir='ltr'>intelligendum</span> <span class='ocrx_word' id='word_1_264' title='bbox 803 2562 861 2598; x_wconf 84' lang='lat' dir='ltr'>est,</span> <span class='ocrx_word' id='word_1_265' title='bbox 873 2561 958 2599; x_wconf 84' lang='lat' dir='ltr'>quod</span> 
     </span>
     <span class='ocr_line' id='line_1_44' title="bbox 192 2610 957 2652; baseline 0.007 -13"><span class='ocrx_word' id='word_1_266' title='bbox 192 2610 224 2640; x_wconf 91' lang='lat' dir='ltr'>in</span> <span class='ocrx_word' id='word_1_267' title='bbox 247 2610 398 2641; x_wconf 85' lang='lat' dir='ltr'>affinitate</span> <span class='ocrx_word' id='word_1_268' title='bbox 411 2610 517 2641; x_wconf 81' lang='lat' dir='ltr'>differt</span> <span class='ocrx_word' id='word_1_269' title='bbox 537 2619 655 2650; x_wconf 88' lang='lat' dir='ltr'>genus,</span> <span class='ocrx_word' id='word_1_270' title='bbox 671 2613 702 2642; x_wconf 88' lang='lat' dir='ltr'>et</span> <span class='ocrx_word' id='word_1_271' title='bbox 724 2612 844 2652; x_wconf 85' lang='lat' dir='ltr'>gradus</span> <span class='ocrx_word' id='word_1_272' title='bbox 859 2624 866 2643; x_wconf 73' lang='grc' dir='ltr'>ε</span> <span class='ocrx_word' id='word_1_273' title='bbox 883 2622 957 2643; x_wconf 89' lang='lat' dir='ltr'>uam</span> 
     </span>
     <span class='ocr_line' id='line_1_45' title="bbox 192 2662 958 2704; baseline 0.007 -12"><span class='ocrx_word' id='word_1_274' title='bbox 192 2671 295 2701; x_wconf 85' lang='lat' dir='ltr'>genus</span> <span class='ocrx_word' id='word_1_275' title='bbox 309 2662 480 2693; x_wconf 86' lang='lat' dir='ltr'>attenditur</span> <span class='ocrx_word' id='word_1_276' title='bbox 494 2673 513 2694; x_wconf 92' lang='lat' dir='ltr'>a</span> <span class='ocrx_word' id='word_1_277' title='bbox 531 2665 619 2704; x_wconf 83' lang='lat' dir='ltr'>parte</span> <span class='ocrx_word' id='word_1_278' title='bbox 633 2665 867 2696; x_wconf 82' lang='lat' dir='ltr'>commixtionis</span> <span class='ocrx_word' id='word_1_279' title='bbox 879 2690 888 2704; x_wconf 92' lang='lat'>,</span> <span class='ocrx_word' id='word_1_280' title='bbox 904 2667 958 2697; x_wconf 87' lang='lat' dir='ltr'>sed</span> 
     </span>
    </p>
   </div>
   <div class='ocr_carea' id='block_1_5' title="bbox 1738 196 1795 225">
    <p class='ocr_par' dir='ltr' id='par_1_7' title="bbox 1738 196 1795 225">
     <span class='ocr_line' id='line_1_46' title="bbox 1738 196 1795 225; baseline -0.018 0"><span class='ocrx_word' id='word_1_281' title='bbox 1738 196 1795 225; x_wconf 68' lang='lat'>423</span> 
     </span>
    </p>
   </div>
   <div class='ocr_carea' id='block_1_6' title="bbox 1026 260 1792 359">
    <p class='ocr_par' dir='ltr' id='par_1_8' title="bbox 1026 260 1792 359">
     <span class='ocr_line' id='line_1_47' title="bbox 1026 260 1792 306; baseline -0.009 -9"><span class='ocrx_word' id='word_1_282' title='bbox 1026 267 1147 306; x_wconf 88' lang='lat' dir='ltr'>gradus</span> <span class='ocrx_word' id='word_1_283' title='bbox 1162 275 1180 296; x_wconf 90' lang='lat' dir='ltr'>a</span> <span class='ocrx_word' id='word_1_284' title='bbox 1201 267 1289 305; x_wconf 83' lang='lat' dir='ltr'>parte</span> <span class='ocrx_word' id='word_1_285' title='bbox 1304 264 1470 303; x_wconf 84' lang='lat' dir='ltr'>sanguinis</span> <span class='ocrx_word' id='word_1_286' title='bbox 1484 266 1516 294; x_wconf 84' lang='lat' dir='ltr'>et</span> <span class='ocrx_word' id='word_1_287' title='bbox 1531 260 1769 304; x_wconf 85' lang='lat' dir='ltr'>propagationis</span> <span class='ocrx_word' id='word_1_288' title='bbox 1786 271 1792 290; x_wconf 76' lang='grc' dir='ltr'>ε</span> 
     </span>
     <span class='ocr_line' id='line_1_48' title="bbox 1026 317 1526 359; baseline -0.006 -9"><span class='ocrx_word' id='word_1_289' title='bbox 1026 321 1152 359; x_wconf 87' lang='lat' dir='ltr'>propter</span> <span class='ocrx_word' id='word_1_290' title='bbox 1166 318 1250 358; x_wconf 85' lang='lat' dir='ltr'>quod</span> <span class='ocrx_word' id='word_1_291' title='bbox 1263 317 1376 347; x_wconf 87' lang='lat' dir='ltr'>dicitur</span> <span class='ocrx_word' id='word_1_292' title='bbox 1391 326 1502 348; x_wconf 91' lang='lat' dir='ltr'>versus</span> <span class='ocrx_word' id='word_1_293' title='bbox 1520 328 1526 347; x_wconf 74' lang='grc' dir='ltr'>ε</span> 
     </span>
    </p>
   </div>
   <div class='ocr_carea' id='block_1_7' title="bbox 1088 397 1693 429">
    <p class='ocr_par' dir='ltr' id='par_1_9' title="bbox 1088 397 1693 429">
     <span class='ocr_line' id='line_1_49' title="bbox 1088 397 1693 429; baseline -0.005 -6"><span class='ocrx_word' id='word_1_294' title='bbox 1088 401 1167 423; x_wconf 85' lang='lat' dir='ltr'>Mutat</span> <span class='ocrx_word' id='word_1_295' title='bbox 1182 400 1261 429; x_wconf 79' lang='lat' dir='ltr'>nupta</span> <span class='ocrx_word' id='word_1_296' title='bbox 1278 405 1366 429; x_wconf 74' lang='lat' dir='ltr'>genus,</span> <span class='ocrx_word' id='word_1_297' title='bbox 1382 398 1426 422; x_wconf 86' lang='lat' dir='ltr'>sed</span> <span class='ocrx_word' id='word_1_298' title='bbox 1443 399 1564 429; x_wconf 83' lang='lat' dir='ltr'>generata</span> <span class='ocrx_word' id='word_1_299' title='bbox 1578 397 1693 428; x_wconf 83' lang='lat' dir='ltr'>gradum.</span> 
     </span>
    </p>
   </div>
   <div class='ocr_carea' id='block_1_8' title="bbox 1018 477 1797 2064">
    <p class='ocr_par' dir='ltr' id='par_1_10' title="bbox 1018 477 1797 2064">
     <span class='ocr_line' id='line_1_50' title="bbox 1028 477 1794 518; baseline -0.004 -8"><span class='ocrx_word' id='word_1_300' title='bbox 1028 480 1113 510; x_wconf 86' lang='lat' dir='ltr'>Unde</span> <span class='ocrx_word' id='word_1_301' title='bbox 1127 478 1304 518; x_wconf 83' lang='lat' dir='ltr'>antiquitus</span> <span class='ocrx_word' id='word_1_302' title='bbox 1325 478 1387 508; x_wconf 86' lang='lat' dir='ltr'>tria</span> <span class='ocrx_word' id='word_1_303' title='bbox 1413 486 1531 516; x_wconf 88' lang='lat' dir='ltr'>genera</span> <span class='ocrx_word' id='word_1_304' title='bbox 1545 477 1706 507; x_wconf 84' lang='lat' dir='ltr'>affinitatis</span> <span class='ocrx_word' id='word_1_305' title='bbox 1727 486 1794 508; x_wconf 89' lang='lat' dir='ltr'>esse</span> 
     </span>
     <span class='ocr_line' id='line_1_51' title="bbox 1026 530 1794 569; baseline -0.004 -6"><span class='ocrx_word' id='word_1_306' title='bbox 1026 533 1270 563; x_wconf 86' lang='lat' dir='ltr'>consueverunt.</span> <span class='ocrx_word' id='word_1_307' title='bbox 1293 530 1436 561; x_wconf 88' lang='lat' dir='ltr'>Primum</span> <span class='ocrx_word' id='word_1_308' title='bbox 1464 531 1567 569; x_wconf 82' lang='lat' dir='ltr'>surgit</span> <span class='ocrx_word' id='word_1_309' title='bbox 1592 540 1632 561; x_wconf 80' lang='lat' dir='ltr'>ex</span> <span class='ocrx_word' id='word_1_310' title='bbox 1661 539 1794 561; x_wconf 90' lang='lat' dir='ltr'>consan-</span> 
     </span>
     <span class='ocr_line' id='line_1_52' title="bbox 1027 585 1792 625; baseline -0.004 -8"><span class='ocrx_word' id='word_1_311' title='bbox 1027 587 1183 625; x_wconf 88' lang='lat' dir='ltr'>guinitate</span> <span class='ocrx_word' id='word_1_312' title='bbox 1195 610 1202 624; x_wconf 91' lang='lat'>,</span> <span class='ocrx_word' id='word_1_313' title='bbox 1234 587 1265 616; x_wconf 86' lang='lat' dir='ltr'>et</span> <span class='ocrx_word' id='word_1_314' title='bbox 1294 586 1398 625; x_wconf 86' lang='lat' dir='ltr'>prima</span> <span class='ocrx_word' id='word_1_315' title='bbox 1426 585 1530 615; x_wconf 81' lang='lat' dir='ltr'>carnis</span> <span class='ocrx_word' id='word_1_316' title='bbox 1557 585 1792 615; x_wconf 77' lang='lat' dir='ltr'>commixtione.</span> 
     </span>
     <span class='ocr_line' id='line_1_53' title="bbox 1026 637 1796 676; baseline -0.004 -6"><span class='ocrx_word' id='word_1_317' title='bbox 1026 639 1206 670; x_wconf 86' lang='lat' dir='ltr'>Secundum</span> <span class='ocrx_word' id='word_1_318' title='bbox 1238 638 1345 676; x_wconf 83' lang='lat' dir='ltr'>surgit</span> <span class='ocrx_word' id='word_1_319' title='bbox 1371 647 1411 667; x_wconf 77' lang='lat' dir='ltr'>ex</span> <span class='ocrx_word' id='word_1_320' title='bbox 1440 637 1715 676; x_wconf 87' lang='lat' dir='ltr'>consanguinitate</span> <span class='ocrx_word' id='word_1_321' title='bbox 1728 661 1736 675; x_wconf 85' lang='lat'>,</span> <span class='ocrx_word' id='word_1_322' title='bbox 1764 639 1796 667; x_wconf 90' lang='lat' dir='ltr'>et</span> 
     </span>
     <span class='ocr_line' id='line_1_54' title="bbox 1026 690 1793 723; baseline -0.004 0"><span class='ocrx_word' id='word_1_323' title='bbox 1026 693 1162 723; x_wconf 75' lang='lat' dir='ltr'>secunda</span> <span class='ocrx_word' id='word_1_324' title='bbox 1177 692 1282 722; x_wconf 86' lang='lat' dir='ltr'>carnis</span> <span class='ocrx_word' id='word_1_325' title='bbox 1301 691 1536 722; x_wconf 74' lang='lat' dir='ltr'>commixtione.</span> <span class='ocrx_word' id='word_1_326' title='bbox 1563 690 1704 721; x_wconf 84' lang='lat' dir='ltr'>Tertium</span> <span class='ocrx_word' id='word_1_327' title='bbox 1723 699 1793 721; x_wconf 89' lang='lat' dir='ltr'>sur-</span> 
     </span>
     <span class='ocr_line' id='line_1_55' title="bbox 1025 743 1796 784; baseline -0.004 -8"><span class='ocrx_word' id='word_1_328' title='bbox 1025 746 1072 784; x_wconf 81' lang='lat' dir='ltr'>git</span> <span class='ocrx_word' id='word_1_329' title='bbox 1095 755 1135 776; x_wconf 72' lang='lat' dir='ltr'>ex</span> <span class='ocrx_word' id='word_1_330' title='bbox 1164 745 1301 776; x_wconf 85' lang='lat' dir='ltr'>secunda</span> <span class='ocrx_word' id='word_1_331' title='bbox 1324 744 1493 781; x_wconf 83' lang='lat' dir='ltr'>affinitate,</span> <span class='ocrx_word' id='word_1_332' title='bbox 1520 746 1551 773; x_wconf 89' lang='lat' dir='ltr'>et</span> <span class='ocrx_word' id='word_1_333' title='bbox 1573 744 1665 774; x_wconf 87' lang='lat' dir='ltr'>tertia</span> <span class='ocrx_word' id='word_1_334' title='bbox 1694 743 1796 774; x_wconf 88' lang='lat' dir='ltr'>carnis</span> 
     </span>
     <span class='ocr_line' id='line_1_56' title="bbox 1026 795 1796 837; baseline -0.004 -8"><span class='ocrx_word' id='word_1_335' title='bbox 1026 799 1261 829; x_wconf 81' lang='lat' dir='ltr'>commixtione.</span> <span class='ocrx_word' id='word_1_336' title='bbox 1278 797 1468 837; x_wconf 72' lang='lat' dir='ltr'>Exemplum</span> <span class='ocrx_word' id='word_1_337' title='bbox 1481 799 1546 826; x_wconf 87' lang='lat' dir='ltr'>est:</span> <span class='ocrx_word' id='word_1_338' title='bbox 1564 795 1594 826; x_wconf 87' lang='lat' dir='ltr'>Si</span> <span class='ocrx_word' id='word_1_339' title='bbox 1613 797 1707 826; x_wconf 87' lang='lat' dir='ltr'>frater</span> <span class='ocrx_word' id='word_1_340' title='bbox 1722 799 1796 826; x_wconf 86' lang='lat' dir='ltr'>tuus</span> 
     </span>
     <span class='ocr_line' id='line_1_57' title="bbox 1026 849 1795 890; baseline -0.005 -8"><span class='ocrx_word' id='word_1_341' title='bbox 1026 852 1189 882; x_wconf 86' lang='lat' dir='ltr'>contrahat</span> <span class='ocrx_word' id='word_1_342' title='bbox 1204 861 1278 882; x_wconf 85' lang='lat' dir='ltr'>cum</span> <span class='ocrx_word' id='word_1_343' title='bbox 1298 851 1396 881; x_wconf 86' lang='lat' dir='ltr'>Maria</span> <span class='ocrx_word' id='word_1_344' title='bbox 1406 874 1416 888; x_wconf 90' lang='lat'>,</span> <span class='ocrx_word' id='word_1_345' title='bbox 1432 851 1500 890; x_wconf 87' lang='lat' dir='ltr'>ipsa</span> <span class='ocrx_word' id='word_1_346' title='bbox 1515 852 1561 880; x_wconf 87' lang='lat' dir='ltr'>est</span> <span class='ocrx_word' id='word_1_347' title='bbox 1577 850 1679 880; x_wconf 85' lang='lat' dir='ltr'>affinis</span> <span class='ocrx_word' id='word_1_348' title='bbox 1692 849 1748 879; x_wconf 89' lang='lat' dir='ltr'>tibi</span> <span class='ocrx_word' id='word_1_349' title='bbox 1763 849 1795 879; x_wconf 90' lang='lat' dir='ltr'>in</span> 
     </span>
     <span class='ocr_line' id='line_1_58' title="bbox 1026 903 1795 945; baseline -0.004 -10"><span class='ocrx_word' id='word_1_350' title='bbox 1026 906 1128 945; x_wconf 89' lang='lat' dir='ltr'>primo</span> <span class='ocrx_word' id='word_1_351' title='bbox 1147 914 1274 944; x_wconf 85' lang='lat' dir='ltr'>genere.</span> <span class='ocrx_word' id='word_1_352' title='bbox 1293 904 1327 935; x_wconf 84' lang='lat' dir='ltr'>Si</span> <span class='ocrx_word' id='word_1_353' title='bbox 1351 903 1534 941; x_wconf 85' lang='lat' dir='ltr'>contrahat,</span> <span class='ocrx_word' id='word_1_354' title='bbox 1549 905 1676 933; x_wconf 85' lang='lat' dir='ltr'>mortuo</span> <span class='ocrx_word' id='word_1_355' title='bbox 1700 903 1795 932; x_wconf 88' lang='lat' dir='ltr'>fratre</span> 
     </span>
     <span class='ocr_line' id='line_1_59' title="bbox 1025 956 1795 997; baseline -0.005 -8"><span class='ocrx_word' id='word_1_356' title='bbox 1025 961 1080 989; x_wconf 89' lang='lat' dir='ltr'>tuo</span> <span class='ocrx_word' id='word_1_357' title='bbox 1093 983 1102 996; x_wconf 85' lang='lat'>,</span> <span class='ocrx_word' id='word_1_358' title='bbox 1116 967 1189 988; x_wconf 87' lang='lat' dir='ltr'>cum</span> <span class='ocrx_word' id='word_1_359' title='bbox 1214 958 1274 988; x_wconf 86' lang='lat' dir='ltr'>alio</span> <span class='ocrx_word' id='word_1_360' title='bbox 1287 982 1294 995; x_wconf 87' lang='lat'>,</span> <span class='ocrx_word' id='word_1_361' title='bbox 1312 958 1378 997; x_wconf 89' lang='lat' dir='ltr'>ipse</span> <span class='ocrx_word' id='word_1_362' title='bbox 1400 957 1459 987; x_wconf 86' lang='lat' dir='ltr'>erit</span> <span class='ocrx_word' id='word_1_363' title='bbox 1473 956 1577 986; x_wconf 80' lang='lat' dir='ltr'>affinis</span> <span class='ocrx_word' id='word_1_364' title='bbox 1600 956 1657 986; x_wconf 88' lang='lat' dir='ltr'>tibi</span> <span class='ocrx_word' id='word_1_365' title='bbox 1683 956 1718 986; x_wconf 88' lang='lat' dir='ltr'>in</span> <span class='ocrx_word' id='word_1_366' title='bbox 1743 965 1795 986; x_wconf 86' lang='lat' dir='ltr'>se-</span> 
     </span>
     <span class='ocr_line' id='line_1_60' title="bbox 1025 1009 1796 1050; baseline -0.005 -8"><span class='ocrx_word' id='word_1_367' title='bbox 1025 1012 1128 1042; x_wconf 85' lang='lat' dir='ltr'>cundo</span> <span class='ocrx_word' id='word_1_368' title='bbox 1144 1020 1270 1050; x_wconf 81' lang='lat' dir='ltr'>genere.</span> <span class='ocrx_word' id='word_1_369' title='bbox 1288 1010 1330 1049; x_wconf 78' lang='lat' dir='ltr'>Si,</span> <span class='ocrx_word' id='word_1_370' title='bbox 1341 1011 1407 1050; x_wconf 84' lang='lat' dir='ltr'>ipsa</span> <span class='ocrx_word' id='word_1_371' title='bbox 1424 1012 1559 1047; x_wconf 88' lang='lat' dir='ltr'>mortua,</span> <span class='ocrx_word' id='word_1_372' title='bbox 1575 1009 1642 1049; x_wconf 88' lang='lat' dir='ltr'>ipse</span> <span class='ocrx_word' id='word_1_373' title='bbox 1655 1009 1705 1040; x_wconf 85' lang='lat' dir='ltr'>vir</span> <span class='ocrx_word' id='word_1_374' title='bbox 1720 1018 1796 1039; x_wconf 85' lang='lat' dir='ltr'>con-</span> 
     </span>
     <span class='ocr_line' id='line_1_61' title="bbox 1024 1059 1795 1100; baseline -0.005 -7"><span class='ocrx_word' id='word_1_375' title='bbox 1024 1063 1130 1093; x_wconf 80' lang='lat' dir='ltr'>trahat</span> <span class='ocrx_word' id='word_1_376' title='bbox 1145 1072 1218 1093; x_wconf 87' lang='lat' dir='ltr'>cum</span> <span class='ocrx_word' id='word_1_377' title='bbox 1235 1063 1313 1100; x_wconf 83' lang='lat' dir='ltr'>alia,</span> <span class='ocrx_word' id='word_1_378' title='bbox 1327 1062 1380 1092; x_wconf 89' lang='lat' dir='ltr'>illa</span> <span class='ocrx_word' id='word_1_379' title='bbox 1395 1061 1511 1092; x_wconf 65' lang='lat' dir='ltr'>mulier</span> <span class='ocrx_word' id='word_1_380' title='bbox 1528 1062 1609 1091; x_wconf 85' lang='lat' dir='ltr'>esset</span> <span class='ocrx_word' id='word_1_381' title='bbox 1623 1060 1679 1091; x_wconf 91' lang='lat' dir='ltr'>tibi</span> <span class='ocrx_word' id='word_1_382' title='bbox 1692 1059 1795 1090; x_wconf 84' lang='lat' dir='ltr'>affinis</span> 
     </span>
     <span class='ocr_line' id='line_1_62' title="bbox 1024 1115 1795 1156; baseline -0.005 -8"><span class='ocrx_word' id='word_1_383' title='bbox 1024 1118 1058 1148; x_wconf 87' lang='lat' dir='ltr'>in</span> <span class='ocrx_word' id='word_1_384' title='bbox 1070 1118 1162 1148; x_wconf 84' lang='lat' dir='ltr'>tertio</span> <span class='ocrx_word' id='word_1_385' title='bbox 1180 1126 1308 1156; x_wconf 85' lang='lat' dir='ltr'>genere.</span> <span class='ocrx_word' id='word_1_386' title='bbox 1325 1117 1385 1147; x_wconf 86' lang='lat' dir='ltr'>Sed</span> <span class='ocrx_word' id='word_1_387' title='bbox 1401 1115 1565 1155; x_wconf 85' lang='lat' dir='ltr'>generatio</span> <span class='ocrx_word' id='word_1_388' title='bbox 1576 1139 1583 1149; x_wconf 79' lang='lat'>,</span> <span class='ocrx_word' id='word_1_389' title='bbox 1598 1116 1664 1145; x_wconf 86' lang='lat' dir='ltr'>sive</span> <span class='ocrx_word' id='word_1_390' title='bbox 1680 1122 1795 1154; x_wconf 86' lang='lat' dir='ltr'>propa-</span> 
     </span>
     <span class='ocr_line' id='line_1_63' title="bbox 1026 1168 1795 1213; baseline -0.005 -12"><span class='ocrx_word' id='word_1_391' title='bbox 1026 1172 1113 1210; x_wconf 84' lang='lat' dir='ltr'>gatio</span> <span class='ocrx_word' id='word_1_392' title='bbox 1124 1195 1131 1208; x_wconf 89' lang='lat'>,</span> <span class='ocrx_word' id='word_1_393' title='bbox 1151 1171 1287 1210; x_wconf 85' lang='lat' dir='ltr'>gradum</span> <span class='ocrx_word' id='word_1_394' title='bbox 1303 1173 1405 1201; x_wconf 86' lang='lat' dir='ltr'>mutat</span> <span class='ocrx_word' id='word_1_395' title='bbox 1428 1169 1588 1199; x_wconf 78' lang='lat' dir='ltr'>affinitatis</span> <span class='ocrx_word' id='word_1_396' title='bbox 1599 1192 1606 1205; x_wconf 90' lang='lat'>,</span> <span class='ocrx_word' id='word_1_397' title='bbox 1625 1168 1706 1213; x_wconf 80' lang='lat' dir='ltr'>sicut</span> <span class='ocrx_word' id='word_1_398' title='bbox 1720 1177 1795 1198; x_wconf 89' lang='lat' dir='ltr'>con-</span> 
     </span>
     <span class='ocr_line' id='line_1_64' title="bbox 1025 1223 1794 1263; baseline -0.004 -9"><span class='ocrx_word' id='word_1_399' title='bbox 1025 1225 1261 1263; x_wconf 79' lang='lat' dir='ltr'>sanguinitatis.</span> <span class='ocrx_word' id='word_1_400' title='bbox 1283 1224 1343 1255; x_wconf 90' lang='lat' dir='ltr'>Sed</span> <span class='ocrx_word' id='word_1_401' title='bbox 1360 1224 1418 1254; x_wconf 86' lang='lat' dir='ltr'>ista</span> <span class='ocrx_word' id='word_1_402' title='bbox 1442 1223 1503 1253; x_wconf 85' lang='lat' dir='ltr'>tria</span> <span class='ocrx_word' id='word_1_403' title='bbox 1520 1231 1639 1261; x_wconf 87' lang='lat' dir='ltr'>genera</span> <span class='ocrx_word' id='word_1_404' title='bbox 1664 1230 1794 1252; x_wconf 80' lang='lat' dir='ltr'>consue-</span> 
     </span>
     <span class='ocr_line' id='line_1_65' title="bbox 1025 1275 1797 1316; baseline -0.003 -8"><span class='ocrx_word' id='word_1_405' title='bbox 1025 1280 1141 1308; x_wconf 82' lang='lat' dir='ltr'>verunt</span> <span class='ocrx_word' id='word_1_406' title='bbox 1162 1287 1229 1307; x_wconf 88' lang='lat' dir='ltr'>esse</span> <span class='ocrx_word' id='word_1_407' title='bbox 1251 1277 1442 1316; x_wconf 80' lang='lat' dir='ltr'>antiquitus3</span> <span class='ocrx_word' id='word_1_408' title='bbox 1461 1285 1549 1306; x_wconf 89' lang='lat' dir='ltr'>nunc</span> <span class='ocrx_word' id='word_1_409' title='bbox 1572 1277 1679 1305; x_wconf 86' lang='lat' dir='ltr'>autem</span> <span class='ocrx_word' id='word_1_410' title='bbox 1691 1299 1700 1313; x_wconf 93' lang='lat'>,</span> <span class='ocrx_word' id='word_1_411' title='bbox 1716 1275 1797 1306; x_wconf 86' lang='lat' dir='ltr'>sicut</span> 
     </span>
     <span class='ocr_line' id='line_1_66' title="bbox 1025 1329 1796 1370; baseline -0.003 -10"><span class='ocrx_word' id='word_1_412' title='bbox 1025 1331 1141 1370; x_wconf 87' lang='lat' dir='ltr'>patebit</span> <span class='ocrx_word' id='word_1_413' title='bbox 1166 1332 1256 1369; x_wconf 75' lang='lat' dir='ltr'>post,</span> <span class='ocrx_word' id='word_1_414' title='bbox 1274 1339 1338 1360; x_wconf 88' lang='lat' dir='ltr'>non</span> <span class='ocrx_word' id='word_1_415' title='bbox 1364 1332 1425 1360; x_wconf 88' lang='lat' dir='ltr'>stat</span> <span class='ocrx_word' id='word_1_416' title='bbox 1449 1329 1509 1359; x_wconf 90' lang='lat' dir='ltr'>nisi</span> <span class='ocrx_word' id='word_1_417' title='bbox 1531 1329 1672 1368; x_wconf 87' lang='lat' dir='ltr'>primum</span> <span class='ocrx_word' id='word_1_418' title='bbox 1693 1337 1796 1367; x_wconf 90' lang='lat' dir='ltr'>genus</span> 
     </span>
     <span class='ocr_line' id='line_1_67' title="bbox 1025 1381 1794 1422; baseline -0.004 -8"><span class='ocrx_word' id='word_1_419' title='bbox 1025 1384 1206 1422; x_wconf 81' lang='lat' dir='ltr'>affinitatis,</span> <span class='ocrx_word' id='word_1_420' title='bbox 1235 1384 1304 1414; x_wconf 88' lang='lat' dir='ltr'>aliis</span> <span class='ocrx_word' id='word_1_421' title='bbox 1328 1383 1531 1414; x_wconf 84' lang='lat' dir='ltr'>cessantibus.</span> <span class='ocrx_word' id='word_1_422' title='bbox 1555 1382 1659 1412; x_wconf 89' lang='lat' dir='ltr'>Tertio</span> <span class='ocrx_word' id='word_1_423' title='bbox 1680 1381 1794 1412; x_wconf 90' lang='lat' dir='ltr'>intelli-</span> 
     </span>
     <span class='ocr_line' id='line_1_68' title="bbox 1024 1435 1792 1477; baseline -0.003 -9"><span class='ocrx_word' id='word_1_424' title='bbox 1024 1438 1166 1477; x_wconf 88' lang='lat' dir='ltr'>gendum</span> <span class='ocrx_word' id='word_1_425' title='bbox 1180 1440 1227 1468; x_wconf 89' lang='lat' dir='ltr'>est</span> <span class='ocrx_word' id='word_1_426' title='bbox 1243 1461 1250 1475; x_wconf 71' lang='grc'><em>,</em></span> <span class='ocrx_word' id='word_1_427' title='bbox 1267 1438 1353 1477; x_wconf 86' lang='lat' dir='ltr'>quod</span> <span class='ocrx_word' id='word_1_428' title='bbox 1372 1437 1478 1467; x_wconf 82' lang='lat' dir='ltr'>differt</span> <span class='ocrx_word' id='word_1_429' title='bbox 1492 1438 1602 1467; x_wconf 87' lang='lat' dir='ltr'>utrum</span> <span class='ocrx_word' id='word_1_430' title='bbox 1618 1435 1734 1466; x_wconf 90' lang='lat' dir='ltr'>mulier</span> <span class='ocrx_word' id='word_1_431' title='bbox 1747 1436 1792 1466; x_wconf 88' lang='lat' dir='ltr'>af-</span> 
     </span>
     <span class='ocr_line' id='line_1_69' title="bbox 1023 1489 1792 1531; baseline -0.003 -10"><span class='ocrx_word' id='word_1_432' title='bbox 1023 1491 1096 1521; x_wconf 86' lang='lat' dir='ltr'>finis</span> <span class='ocrx_word' id='word_1_433' title='bbox 1109 1493 1240 1530; x_wconf 84' lang='lat' dir='ltr'>generet</span> <span class='ocrx_word' id='word_1_434' title='bbox 1253 1491 1374 1531; x_wconf 90' lang='lat' dir='ltr'>prolem</span> <span class='ocrx_word' id='word_1_435' title='bbox 1392 1491 1430 1521; x_wconf 89' lang='lat' dir='ltr'>de</span> <span class='ocrx_word' id='word_1_436' title='bbox 1448 1489 1687 1529; x_wconf 85' lang='lat' dir='ltr'>consanguineo</span> <span class='ocrx_word' id='word_1_437' title='bbox 1702 1498 1773 1520; x_wconf 91' lang='lat' dir='ltr'>meo</span> <span class='ocrx_word' id='word_1_438' title='bbox 1784 1513 1792 1527; x_wconf 85' lang='lat'>,</span> 
     </span>
     <span class='ocr_line' id='line_1_70' title="bbox 1023 1542 1795 1582; baseline -0.004 -7"><span class='ocrx_word' id='word_1_439' title='bbox 1023 1553 1064 1575; x_wconf 86' lang='lat' dir='ltr'>an</span> <span class='ocrx_word' id='word_1_440' title='bbox 1079 1545 1116 1575; x_wconf 90' lang='lat' dir='ltr'>de</span> <span class='ocrx_word' id='word_1_441' title='bbox 1131 1547 1295 1575; x_wconf 77' lang='lat' dir='ltr'>extraneo.</span> <span class='ocrx_word' id='word_1_442' title='bbox 1313 1544 1345 1575; x_wconf 89' lang='lat' dir='ltr'>Si</span> <span class='ocrx_word' id='word_1_443' title='bbox 1361 1544 1399 1573; x_wconf 92' lang='lat' dir='ltr'>de</span> <span class='ocrx_word' id='word_1_444' title='bbox 1416 1543 1672 1582; x_wconf 86' lang='lat' dir='ltr'>consanguineo,</span> <span class='ocrx_word' id='word_1_445' title='bbox 1691 1542 1795 1582; x_wconf 90' lang='lat' dir='ltr'>proles</span> 
     </span>
     <span class='ocr_line' id='line_1_71' title="bbox 1022 1595 1795 1637; baseline -0.003 -10"><span class='ocrx_word' id='word_1_446' title='bbox 1022 1599 1174 1637; x_wconf 84' lang='lat' dir='ltr'>generata</span> <span class='ocrx_word' id='word_1_447' title='bbox 1188 1606 1252 1628; x_wconf 92' lang='lat' dir='ltr'>non</span> <span class='ocrx_word' id='word_1_448' title='bbox 1276 1599 1321 1628; x_wconf 90' lang='lat' dir='ltr'>est</span> <span class='ocrx_word' id='word_1_449' title='bbox 1346 1597 1425 1627; x_wconf 86' lang='lat' dir='ltr'>mihi</span> <span class='ocrx_word' id='word_1_450' title='bbox 1446 1597 1575 1635; x_wconf 89' lang='lat' dir='ltr'>alligata</span> <span class='ocrx_word' id='word_1_451' title='bbox 1588 1596 1715 1627; x_wconf 89' lang='lat' dir='ltr'>vinculo</span> <span class='ocrx_word' id='word_1_452' title='bbox 1730 1595 1795 1626; x_wconf 82' lang='lat' dir='ltr'>affi-</span> 
     </span>
     <span class='ocr_line' id='line_1_72' title="bbox 1022 1649 1791 1690; baseline -0.001 -10"><span class='ocrx_word' id='word_1_453' title='bbox 1022 1651 1138 1689; x_wconf 85' lang='lat' dir='ltr'>nitatis,</span> <span class='ocrx_word' id='word_1_454' title='bbox 1152 1651 1206 1682; x_wconf 91' lang='lat' dir='ltr'>sed</span> <span class='ocrx_word' id='word_1_455' title='bbox 1221 1650 1518 1690; x_wconf 87' lang='lat' dir='ltr'>consanguinitatis.</span> <span class='ocrx_word' id='word_1_456' title='bbox 1530 1649 1563 1680; x_wconf 90' lang='lat' dir='ltr'>Si</span> <span class='ocrx_word' id='word_1_457' title='bbox 1578 1657 1654 1680; x_wconf 88' lang='lat' dir='ltr'>vero</span> <span class='ocrx_word' id='word_1_458' title='bbox 1669 1649 1707 1679; x_wconf 90' lang='lat' dir='ltr'>de</span> <span class='ocrx_word' id='word_1_459' title='bbox 1720 1649 1791 1686; x_wconf 84' lang='lat' dir='ltr'>alio,</span> 
     </span>
     <span class='ocr_line' id='line_1_73' title="bbox 1021 1703 1791 1744; baseline -0.004 -9"><span class='ocrx_word' id='word_1_460' title='bbox 1021 1705 1197 1735; x_wconf 86' lang='lat' dir='ltr'>secuudum</span> <span class='ocrx_word' id='word_1_461' title='bbox 1215 1706 1289 1744; x_wconf 74' lang='lat' dir='ltr'>Jura</span> <span class='ocrx_word' id='word_1_462' title='bbox 1304 1704 1456 1734; x_wconf 89' lang='lat' dir='ltr'>moderna</span> <span class='ocrx_word' id='word_1_463' title='bbox 1481 1703 1563 1733; x_wconf 86' lang='lat' dir='ltr'>nihil</span> <span class='ocrx_word' id='word_1_464' title='bbox 1587 1703 1718 1733; x_wconf 89' lang='lat' dir='ltr'>omnino</span> <span class='ocrx_word' id='word_1_465' title='bbox 1741 1711 1791 1733; x_wconf 93' lang='lat' dir='ltr'>re-</span> 
     </span>
     <span class='ocr_line' id='line_1_74' title="bbox 1021 1756 1790 1797; baseline -0.003 -10"><span class='ocrx_word' id='word_1_466' title='bbox 1021 1759 1150 1797; x_wconf 87' lang='lat' dir='ltr'>putatur</span> <span class='ocrx_word' id='word_1_467' title='bbox 1176 1757 1255 1787; x_wconf 88' lang='lat' dir='ltr'>mihi</span> <span class='ocrx_word' id='word_1_468' title='bbox 1285 1757 1429 1787; x_wconf 89' lang='lat' dir='ltr'>attinere.</span> <span class='ocrx_word' id='word_1_469' title='bbox 1458 1756 1643 1795; x_wconf 88' lang='lat' dir='ltr'>Antiquitus</span> <span class='ocrx_word' id='word_1_470' title='bbox 1664 1757 1790 1794; x_wconf 84' lang='lat' dir='ltr'>tamen,</span> 
     </span>
     <span class='ocr_line' id='line_1_75' title="bbox 1020 1810 1791 1851; baseline -0.001 -9"><span class='ocrx_word' id='word_1_471' title='bbox 1020 1812 1100 1842; x_wconf 89' lang='lat' dir='ltr'>sicut</span> <span class='ocrx_word' id='word_1_472' title='bbox 1119 1814 1203 1851; x_wconf 87' lang='lat' dir='ltr'>patet</span> <span class='ocrx_word' id='word_1_473' title='bbox 1218 1821 1257 1842; x_wconf 78' lang='lat' dir='ltr'>ex</span> <span class='ocrx_word' id='word_1_474' title='bbox 1280 1811 1404 1842; x_wconf 88' lang='lat' dir='ltr'>decreto</span> <span class='ocrx_word' id='word_1_475' title='bbox 1428 1810 1593 1849; x_wconf 84' lang='lat' dir='ltr'>Gregorii,</span> <span class='ocrx_word' id='word_1_476' title='bbox 1611 1811 1641 1840; x_wconf 86' lang='lat' dir='ltr'>et</span> <span class='ocrx_word' id='word_1_477' title='bbox 1655 1810 1791 1841; x_wconf 88' lang='lat' dir='ltr'>habetur</span> 
     </span>
     <span class='ocr_line' id='line_1_76' title="bbox 1022 1863 1790 1903; baseline -0.001 -8"><span class='ocrx_word' id='word_1_478' title='bbox 1022 1865 1053 1895; x_wconf 88' lang='lat' dir='ltr'>in</span> <span class='ocrx_word' id='word_1_479' title='bbox 1068 1864 1173 1894; x_wconf 87' lang='lat' dir='ltr'>littera</span> <span class='ocrx_word' id='word_1_480' title='bbox 1185 1888 1193 1901; x_wconf 95' lang='lat'>,</span> <span class='ocrx_word' id='word_1_481' title='bbox 1206 1864 1409 1903; x_wconf 84' lang='lat' dir='ltr'>judicabatur</span> <span class='ocrx_word' id='word_1_482' title='bbox 1422 1863 1525 1893; x_wconf 88' lang='lat' dir='ltr'>affinis</span> <span class='ocrx_word' id='word_1_483' title='bbox 1537 1871 1601 1893; x_wconf 89' lang='lat' dir='ltr'>non</span> <span class='ocrx_word' id='word_1_484' title='bbox 1618 1863 1722 1902; x_wconf 86' lang='lat' dir='ltr'>primo</span> <span class='ocrx_word' id='word_1_485' title='bbox 1734 1872 1790 1902; x_wconf 88' lang='lat' dir='ltr'>ge-</span> 
     </span>
     <span class='ocr_line' id='line_1_77' title="bbox 1020 1917 1790 1956; baseline -0.003 -8"><span class='ocrx_word' id='word_1_486' title='bbox 1020 1927 1093 1948; x_wconf 88' lang='lat' dir='ltr'>nere</span> <span class='ocrx_word' id='word_1_487' title='bbox 1106 1942 1113 1956; x_wconf 95' lang='lat'>,</span> <span class='ocrx_word' id='word_1_488' title='bbox 1130 1917 1182 1948; x_wconf 87' lang='lat' dir='ltr'>sed</span> <span class='ocrx_word' id='word_1_489' title='bbox 1207 1917 1344 1948; x_wconf 86' lang='lat' dir='ltr'>secundo</span> <span class='ocrx_word' id='word_1_490' title='bbox 1356 1941 1364 1955; x_wconf 91' lang='lat'>,</span> <span class='ocrx_word' id='word_1_491' title='bbox 1380 1917 1462 1947; x_wconf 87' lang='lat' dir='ltr'>sicut</span> <span class='ocrx_word' id='word_1_492' title='bbox 1481 1924 1627 1955; x_wconf 79' lang='lat' dir='ltr'>expresse</span> <span class='ocrx_word' id='word_1_493' title='bbox 1643 1917 1790 1955; x_wconf 87' lang='lat' dir='ltr'>tangitur</span> 
     </span>
     <span class='ocr_line' id='line_1_78' title="bbox 1020 1968 1788 2009; baseline -0.001 -8"><span class='ocrx_word' id='word_1_494' title='bbox 1020 1972 1052 2001; x_wconf 92' lang='lat' dir='ltr'>in</span> <span class='ocrx_word' id='word_1_495' title='bbox 1063 1971 1167 2001; x_wconf 88' lang='lat' dir='ltr'>littera</span> <span class='ocrx_word' id='word_1_496' title='bbox 1183 1981 1188 2000; x_wconf 94' lang='lat'>:</span> <span class='ocrx_word' id='word_1_497' title='bbox 1208 1972 1239 2001; x_wconf 87' lang='lat' dir='ltr'>et</span> <span class='ocrx_word' id='word_1_498' title='bbox 1254 1979 1312 2009; x_wconf 87' lang='lat' dir='ltr'>pro</span> <span class='ocrx_word' id='word_1_499' title='bbox 1325 1969 1378 2000; x_wconf 90' lang='lat' dir='ltr'>illo</span> <span class='ocrx_word' id='word_1_500' title='bbox 1393 1972 1534 2009; x_wconf 87' lang='lat' dir='ltr'>tempore</span> <span class='ocrx_word' id='word_1_501' title='bbox 1549 1969 1688 1999; x_wconf 82' lang='lat' dir='ltr'>maxime</span> <span class='ocrx_word' id='word_1_502' title='bbox 1700 1968 1788 2000; x_wconf 85' lang='lat' dir='ltr'>intel-</span> 
     </span>
     <span class='ocr_line' id='line_1_79' title="bbox 1018 2024 1348 2064; baseline -0.003 -10"><span class='ocrx_word' id='word_1_503' title='bbox 1018 2024 1130 2064; x_wconf 84' lang='lat' dir='ltr'>ligitur</span> <span class='ocrx_word' id='word_1_504' title='bbox 1141 2025 1198 2054; x_wconf 86' lang='lat' dir='ltr'>iste</span> <span class='ocrx_word' id='word_1_505' title='bbox 1214 2032 1325 2054; x_wconf 89' lang='lat' dir='ltr'>versus</span> <span class='ocrx_word' id='word_1_506' title='bbox 1342 2034 1348 2054; x_wconf 93' lang='lat'>:</span> 
     </span>
    </p>
   </div>
   <div class='ocr_carea' id='block_1_9' title="bbox 1077 2103 1678 2134">
    <p class='ocr_par' dir='ltr' id='par_1_11' title="bbox 1077 2103 1678 2134">
     <span class='ocr_line' id='line_1_80' title="bbox 1077 2103 1678 2134; baseline -0.003 -6"><span class='ocrx_word' id='word_1_507' title='bbox 1077 2105 1157 2128; x_wconf 84' lang='lat' dir='ltr'>Mutat</span> <span class='ocrx_word' id='word_1_508' title='bbox 1170 2105 1249 2134; x_wconf 85' lang='lat' dir='ltr'>nupta</span> <span class='ocrx_word' id='word_1_509' title='bbox 1263 2110 1355 2134; x_wconf 81' lang='lat' dir='ltr'>genus,</span> <span class='ocrx_word' id='word_1_510' title='bbox 1370 2103 1414 2127; x_wconf 89' lang='lat' dir='ltr'>sed</span> <span class='ocrx_word' id='word_1_511' title='bbox 1428 2104 1548 2134; x_wconf 81' lang='lat' dir='ltr'>generata</span> <span class='ocrx_word' id='word_1_512' title='bbox 1563 2103 1678 2134; x_wconf 78' lang='lat' dir='ltr'>gradum.</span> 
     </span>
    </p>
   </div>
   <div class='ocr_carea' id='block_1_10' title="bbox 1013 2183 1787 2652">
    <p class='ocr_par' dir='ltr' id='par_1_12' title="bbox 1013 2183 1787 2652">
     <span class='ocr_line' id='line_1_81' title="bbox 1017 2183 1785 2223; baseline 0 -8"><span class='ocrx_word' id='word_1_513' title='bbox 1017 2184 1096 2221; x_wconf 83' lang='lat' dir='ltr'>Quia</span> <span class='ocrx_word' id='word_1_514' title='bbox 1112 2185 1226 2215; x_wconf 82' lang='lat' dir='ltr'>mulier</span> <span class='ocrx_word' id='word_1_515' title='bbox 1238 2183 1342 2214; x_wconf 85' lang='lat' dir='ltr'>affinis</span> <span class='ocrx_word' id='word_1_516' title='bbox 1357 2183 1436 2214; x_wconf 86' lang='lat' dir='ltr'>mihi</span> <span class='ocrx_word' id='word_1_517' title='bbox 1448 2208 1455 2221; x_wconf 90' lang='lat'>,</span> <span class='ocrx_word' id='word_1_518' title='bbox 1473 2184 1615 2223; x_wconf 88' lang='lat' dir='ltr'>quiafuit</span> <span class='ocrx_word' id='word_1_519' title='bbox 1627 2193 1709 2215; x_wconf 82' lang='lat' dir='ltr'>uxor</span> <span class='ocrx_word' id='word_1_520' title='bbox 1723 2185 1785 2215; x_wconf 86' lang='lat' dir='ltr'>fra-</span> 
     </span>
     <span class='ocr_line' id='line_1_82' title="bbox 1016 2237 1786 2276; baseline 0.001 -8"><span class='ocrx_word' id='word_1_521' title='bbox 1016 2238 1072 2269; x_wconf 89' lang='lat' dir='ltr'>tris</span> <span class='ocrx_word' id='word_1_522' title='bbox 1087 2238 1166 2276; x_wconf 79' lang='lat' dir='ltr'>mei,</span> <span class='ocrx_word' id='word_1_523' title='bbox 1183 2238 1208 2267; x_wconf 92' lang='lat' dir='ltr'>si</span> <span class='ocrx_word' id='word_1_524' title='bbox 1224 2237 1322 2268; x_wconf 85' lang='lat' dir='ltr'>nubat</span> <span class='ocrx_word' id='word_1_525' title='bbox 1334 2237 1398 2275; x_wconf 81' lang='lat' dir='ltr'>alii,</span> <span class='ocrx_word' id='word_1_526' title='bbox 1416 2239 1549 2276; x_wconf 86' lang='lat' dir='ltr'>generat</span> <span class='ocrx_word' id='word_1_527' title='bbox 1563 2237 1642 2268; x_wconf 86' lang='lat' dir='ltr'>mihi</span> <span class='ocrx_word' id='word_1_528' title='bbox 1657 2238 1786 2269; x_wconf 83' lang='lat' dir='ltr'>affinem</span> 
     </span>
     <span class='ocr_line' id='line_1_83' title="bbox 1015 2290 1787 2331; baseline 0 -9"><span class='ocrx_word' id='word_1_529' title='bbox 1015 2292 1047 2322; x_wconf 90' lang='lat' dir='ltr'>in</span> <span class='ocrx_word' id='word_1_530' title='bbox 1063 2292 1124 2322; x_wconf 88' lang='lat' dir='ltr'>alio</span> <span class='ocrx_word' id='word_1_531' title='bbox 1144 2300 1262 2331; x_wconf 88' lang='lat' dir='ltr'>genere</span> <span class='ocrx_word' id='word_1_532' title='bbox 1276 2291 1447 2321; x_wconf 82' lang='lat' dir='ltr'>affinitatis.</span> <span class='ocrx_word' id='word_1_533' title='bbox 1466 2290 1499 2322; x_wconf 86' lang='lat' dir='ltr'>Si</span> <span class='ocrx_word' id='word_1_534' title='bbox 1522 2301 1599 2323; x_wconf 89' lang='lat' dir='ltr'>vero</span> <span class='ocrx_word' id='word_1_535' title='bbox 1618 2294 1787 2331; x_wconf 86' lang='lat' dir='ltr'>generaret</span> 
     </span>
     <span class='ocr_line' id='line_1_84' title="bbox 1016 2345 1786 2385; baseline 0 -9"><span class='ocrx_word' id='word_1_536' title='bbox 1016 2346 1154 2385; x_wconf 87' lang='lat' dir='ltr'>prolem,</span> <span class='ocrx_word' id='word_1_537' title='bbox 1172 2347 1247 2375; x_wconf 90' lang='lat' dir='ltr'>tunc</span> <span class='ocrx_word' id='word_1_538' title='bbox 1269 2346 1436 2384; x_wconf 87' lang='lat' dir='ltr'>generaret</span> <span class='ocrx_word' id='word_1_539' title='bbox 1462 2345 1540 2375; x_wconf 91' lang='lat' dir='ltr'>mihi</span> <span class='ocrx_word' id='word_1_540' title='bbox 1558 2345 1686 2376; x_wconf 88' lang='lat' dir='ltr'>affinem</span> <span class='ocrx_word' id='word_1_541' title='bbox 1697 2369 1705 2383; x_wconf 89' lang='lat'>,</span> <span class='ocrx_word' id='word_1_542' title='bbox 1722 2354 1786 2376; x_wconf 90' lang='lat' dir='ltr'>non</span> 
     </span>
     <span class='ocr_line' id='line_1_85' title="bbox 1015 2398 1783 2438; baseline 0 -9"><span class='ocrx_word' id='word_1_543' title='bbox 1015 2399 1047 2429; x_wconf 89' lang='lat' dir='ltr'>in</span> <span class='ocrx_word' id='word_1_544' title='bbox 1069 2399 1130 2429; x_wconf 85' lang='lat' dir='ltr'>alio</span> <span class='ocrx_word' id='word_1_545' title='bbox 1154 2407 1286 2438; x_wconf 84' lang='lat' dir='ltr'>genere,</span> <span class='ocrx_word' id='word_1_546' title='bbox 1313 2398 1366 2429; x_wconf 86' lang='lat' dir='ltr'>sed</span> <span class='ocrx_word' id='word_1_547' title='bbox 1387 2398 1501 2437; x_wconf 87' lang='lat' dir='ltr'>gradu.</span> <span class='ocrx_word' id='word_1_548' title='bbox 1526 2398 1591 2429; x_wconf 90' lang='lat' dir='ltr'>Hoc</span> <span class='ocrx_word' id='word_1_549' title='bbox 1610 2401 1716 2429; x_wconf 86' lang='lat' dir='ltr'>tamen</span> <span class='ocrx_word' id='word_1_550' title='bbox 1738 2400 1783 2429; x_wconf 87' lang='lat' dir='ltr'>est</span> 
     </span>
     <span class='ocr_line' id='line_1_86' title="bbox 1014 2453 1784 2493; baseline -0.001 -9"><span class='ocrx_word' id='word_1_551' title='bbox 1014 2454 1218 2484; x_wconf 88' lang='lat' dir='ltr'>retractatum</span> <span class='ocrx_word' id='word_1_552' title='bbox 1234 2454 1390 2493; x_wconf 86' lang='lat' dir='ltr'>quantum</span> <span class='ocrx_word' id='word_1_553' title='bbox 1407 2453 1446 2483; x_wconf 90' lang='lat' dir='ltr'>ad</span> <span class='ocrx_word' id='word_1_554' title='bbox 1463 2454 1637 2492; x_wconf 87' lang='lat' dir='ltr'>utrumque</span> <span class='ocrx_word' id='word_1_555' title='bbox 1658 2461 1713 2492; x_wconf 91' lang='lat' dir='ltr'>per</span> <span class='ocrx_word' id='word_1_556' title='bbox 1730 2453 1784 2491; x_wconf 82' lang='lat' dir='ltr'>jus</span> 
     </span>
     <span class='ocr_line' id='line_1_87' title="bbox 1013 2505 1785 2545; baseline -0.001 -8"><span class='ocrx_word' id='word_1_557' title='bbox 1013 2516 1133 2537; x_wconf 87' lang='lat' dir='ltr'>novum</span> <span class='ocrx_word' id='word_1_558' title='bbox 1148 2506 1287 2544; x_wconf 77' lang='lat' dir='ltr'>(Extrav.</span> <span class='ocrx_word' id='word_1_559' title='bbox 1304 2505 1343 2537; x_wconf 83' lang='lat' dir='ltr'>de</span> <span class='ocrx_word' id='word_1_560' title='bbox 1358 2507 1650 2545; x_wconf 61' lang='lat' dir='ltr'>consanguinitate,</span> <span class='ocrx_word' id='word_1_561' title='bbox 1666 2507 1695 2536; x_wconf 80' lang='lat' dir='ltr'>et</span> <span class='ocrx_word' id='word_1_562' title='bbox 1710 2505 1785 2543; x_wconf 67' lang='lat' dir='ltr'>affi-</span> 
     </span>
     <span class='ocr_line' id='line_1_88' title="bbox 1013 2557 1783 2596; baseline -0.004 -6"><span class='ocrx_word' id='word_1_563' title='bbox 1013 2560 1126 2592; x_wconf 71' lang='lat' dir='ltr'>nitate.</span> <span class='ocrx_word' id='word_1_564' title='bbox 1142 2568 1168 2589; x_wconf 90' lang='lat' dir='ltr'>c.</span> <span class='ocrx_word' id='word_1_565' title='bbox 1188 2559 1258 2590; x_wconf 81' lang='lat' dir='ltr'>Non</span> <span class='ocrx_word' id='word_1_566' title='bbox 1271 2558 1370 2596; x_wconf 78' lang='lat' dir='ltr'>debet,</span> <span class='ocrx_word' id='word_1_567' title='bbox 1387 2561 1416 2589; x_wconf 90' lang='lat' dir='ltr'>et</span> <span class='ocrx_word' id='word_1_568' title='bbox 1437 2559 1469 2588; x_wconf 88' lang='lat' dir='ltr'>in</span> <span class='ocrx_word' id='word_1_569' title='bbox 1487 2558 1630 2589; x_wconf 85' lang='lat' dir='ltr'>decretali</span> <span class='ocrx_word' id='word_1_570' title='bbox 1647 2557 1729 2588; x_wconf 86' lang='lat' dir='ltr'>edita</span> <span class='ocrx_word' id='word_1_571' title='bbox 1751 2558 1783 2588; x_wconf 85' lang='lat' dir='ltr'>in</span> 
     </span>
     <span class='ocr_line' id='line_1_89' title="bbox 1014 2612 1782 2652; baseline -0.001 -9"><span class='ocrx_word' id='word_1_572' title='bbox 1014 2612 1150 2643; x_wconf 91' lang='lat' dir='ltr'>Concilio</span> <span class='ocrx_word' id='word_1_573' title='bbox 1165 2612 1326 2652; x_wconf 84' lang='lat' dir='ltr'>generali,</span> <span class='ocrx_word' id='word_1_574' title='bbox 1349 2612 1402 2643; x_wconf 88' lang='lat' dir='ltr'>ubi</span> <span class='ocrx_word' id='word_1_575' title='bbox 1425 2621 1571 2651; x_wconf 84' lang='lat' dir='ltr'>expresse</span> <span class='ocrx_word' id='word_1_576' title='bbox 1595 2612 1782 2642; x_wconf 86' lang='lat' dir='ltr'>retractatur</span> 
     </span>
    </p>
   </div>
   <div class='ocr_carea' id='block_1_11' title="bbox 1015 2664 1898 2705">
    <p class='ocr_par' dir='ltr' id='par_1_13' title="bbox 1015 2664 1898 2705">
     <span class='ocr_line' id='line_1_90' title="bbox 1015 2664 1898 2705; baseline -0.001 -9"><span class='ocrx_word' id='word_1_577' title='bbox 1015 2668 1217 2705; x_wconf 86' lang='lat' dir='ltr'>utrumque).</span> <span class='ocrx_word' id='word_1_578' title='bbox 1234 2666 1290 2696; x_wconf 87' lang='lat' dir='ltr'>His</span> <span class='ocrx_word' id='word_1_579' title='bbox 1306 2665 1391 2702; x_wconf 89' lang='lat' dir='ltr'>visis,</span> <span class='ocrx_word' id='word_1_580' title='bbox 1408 2664 1555 2704; x_wconf 73' lang='lat' dir='ltr'>quaedam</span> <span class='ocrx_word' id='word_1_581' title='bbox 1569 2664 1692 2704; x_wconf 83' lang='lat' dir='ltr'>regulae</span> <span class='ocrx_word' id='word_1_582' title='bbox 1709 2666 1783 2696; x_wconf 87' lang='lat' dir='ltr'>sunt</span> <span class='ocrx_word' id='word_1_583' title='bbox 1799 2668 1874 2695; x_wconf 63' lang='lat' dir='ltr'>flcaul-</span> <span class='ocrx_word' id='word_1_584' title='bbox 1894 2671 1898 2689; x_wconf 84' lang='lat'>¹</span> 
     </span>
    </p>
   </div>
  </div>
 </body>
</html>
