1991 3006
823 168 1010 202 DISTINCT.
1035 167 1123 198 XXX.

179 249 232 271 rea
245 248 310 270 non
325 242 371 270 est
390 242 477 270 tanta
498 239 642 276 servitus,
667 241 696 269 et
718 241 782 269 tam
796 237 941 268 indivisi-

178 292 249 322 bilis
260 292 372 332 copula
382 292 415 322 in
426 292 628 322 matrimonio
643 291 808 331 spirituali,
819 290 898 319 sicut
911 289 943 318 in

179 345 295 375 carnali
310 356 317 375 ι
330 347 360 375 et
373 345 433 375 hoc
447 346 541 384 patet,
552 344 627 383 quia
642 344 726 383 Papa
739 345 841 383 potest
855 342 945 381 depo-

179 406 272 435 nere,
300 399 331 427 et
356 396 516 427 absolvere
546 397 584 426 ab
608 397 799 436 episcopatu.
824 395 946 425 Tertius

180 450 293 480 modus
302 449 423 480 dicendi
433 451 489 486 est,
497 450 581 488 quod
589 449 644 479 ubi
651 449 845 479 rationabilis
854 457 947 478 causa

180 505 241 539 est,
260 501 375 532 scilicet
393 502 560 531 necessitas
571 525 578 537 ‚
594 501 644 531 vel
660 501 838 532 communis
858 501 944 530 utili-

180 557 237 590 tas,
254 556 353 593 potest
367 554 510 593 praecipi,
528 557 557 584 et
572 556 646 585 tunc
662 555 712 585 ille
733 557 858 584 tenetur
872 555 947 584 obe-

180 606 262 643 dire3
276 608 306 636 et
318 607 467 646 quoniam
479 616 602 646 semper
617 607 876 647 praesumendum
889 610 945 642 est,

181 658 265 700 quod
281 661 386 689 tantus
401 662 489 698 pater
507 669 547 689 ex
566 669 660 689 causa
683 659 860 689 rationabili
877 668 948 689 mo-

181 713 304 748 veatur,
319 711 380 741 nisi
404 721 551 751 expresse
570 715 719 752 appareat
741 712 946 749 contrarium,

182 763 373 793 credendum
388 767 434 794 est
454 765 537 803 quod
553 765 697 795 subditus
713 765 839 795 obedire
861 767 947 795 tene-

183 819 245 846 tur.
264 816 352 853 Quod
379 816 404 845 si
420 816 513 846 sciret
531 826 563 846 se
582 817 840 854 insufficientem,
857 820 887 847 et
902 818 949 847 in-

182 869 329 908 dignum,
342 872 372 899 et
385 869 506 899 videret
519 869 578 898 sibi
594 869 760 900 imminere
772 870 950 909 periculum

183 922 309 959 animae,
326 922 517 952 credendum
535 924 581 952 est
600 922 682 961 quod
705 932 767 953 non
791 926 952 954 teneretur

1710 171 1768 199 255

999 233 1136 264 obedire.
1153 233 1228 263 Haec
1239 233 1323 263 enim
1340 234 1516 264 obedientia
1530 234 1701 272 modicum,
1714 236 1770 264 aut

1002 286 1080 316 nihil
1096 286 1133 316 de
1157 294 1215 316 suo
1237 286 1327 316 debet
1342 286 1475 324 habere,
1493 288 1631 318 maxime
1652 290 1770 326 tempo-

1001 339 1089 369 ribus
1105 338 1275 368 modernis.
1292 338 1448 378 Quidquid
1460 342 1566 371 tamen
1581 340 1631 379 sit,
1644 350 1709 371 non
1724 343 1771 371 est

1001 392 1105 421 simile
1118 391 1155 421 de
1169 391 1229 422 isto
1240 392 1455 430 matrimonio,
1473 395 1502 423 et
1514 394 1552 423 de
1567 393 1631 431 illo,
1648 393 1770 423 ratione

998 446 1066 484 Jam
1082 445 1161 475 visa.

1042 500 1060 527 4
1072 499 1102 527 et
1117 499 1145 526 5.
1155 496 1203 526 Ad
1211 495 1288 526 illud
1297 496 1381 535 quod
1393 496 1540 535 objicitur
1547 498 1584 527 de
1591 498 1772 536 J'uramento

1003 559 1059 589 pro
1074 549 1183 586 altero,
1200 548 1367 579 dicendum
1384 550 1479 588 quod,
1496 550 1574 580 sieut
1589 550 1669 580 infra
1685 552 1770 589 pate-

1003 602 1058 639 bit,
1076 601 1193 631 nullius
1208 604 1254 631 est
1268 601 1401 638 roboris7
1421 601 1475 632 sed
1491 602 1657 640 quusdam
1672 602 1773 632 solatii

1003 658 1034 685 et
1049 654 1266 692 solemnitatis,
1289 654 1416 693 quando
1434 657 1578 694 parentes
1591 656 1702 693 jurant
1715 664 1773 694 pro

1005 710 1146 749 parvulis
1156 720 1163 746 3
1175 718 1233 739 nec
1248 709 1435 748 obligantur
1448 709 1487 739 ad
1504 709 1599 746 aliud,
1614 710 1675 739 nisi
1690 710 1773 749 quod

1005 763 1087 793 bona
1102 763 1162 793 fide
1177 762 1217 793 ad
1243 762 1304 792 hoc
1326 762 1533 800 laborabunt,
1555 762 1639 801 quod
1663 763 1774 792 matri-

1007 818 1152 848 monium
1174 818 1380 856 compleatur.
1402 817 1555 848 Ultimum
1575 819 1676 856 patet,
1698 818 1775 856 quia

1006 873 1076 903 talis
1097 873 1156 903 sibi
1176 873 1396 912 praeJudicium
1414 872 1579 911 generavit
1593 881 1632 902 ex
1648 872 1775 911 propria

1008 926 1212 964 obligatione.

706 1070 1073 1118 DISTINCTIO
1115 1074 1250 1118 XXX

184 1184 220 1204 DE
244 1183 359 1204 ERRORE
383 1182 434 1207 QU1
459 1182 598 1203 EVACUAT
621 1182 812 1211 CONSENSUM;
840 1185 877 1205 DE
901 1184 1044 1206 CONJUGIO
1074 1186 1177 1207 MARIAE
1208 1186 1243 1207 ET
1274 1186 1400 1215 JOSEPH,
1427 1186 1463 1206 ET
1493 1186 1529 1206 DE
1558 1185 1657 1206 FINALI
1682 1185 1776 1206 CAUSA

623 1236 823 1265 MATRIMONII,
850 1237 916 1262 QUAE
939 1238 992 1259 EST
1016 1238 1119 1259 PROLIS
1143 1238 1338 1260 PROCREATIO.

237 1330 242 1343 ¹
268 1321 333 1354 Nec
355 1322 461 1354 solum
485 1322 604 1354 coactio
627 1322 782 1366 impedit,
800 1323 851 1355 vel
876 1324 1019 1356 excludit
1042 1335 1235 1357 consensum
1250 1351 1257 1365 ,
1275 1325 1329 1357 sed
1347 1326 1443 1357 etiam
1459 1336 1560 1357 error.
1576 1324 1649 1357 Non
1665 1328 1773 1356 autem

191 1379 297 1412 omnis
312 1390 403 1411 error
424 1390 616 1412 consensum
643 1379 792 1423 impedit.
821 1381 874 1413 Est
900 1382 986 1413 enim
1008 1393 1097 1414 error
1120 1382 1204 1415 alius
1226 1393 1392 1426 personae,
1413 1383 1499 1414 alius
1524 1383 1676 1421 fortunae,
1693 1381 1776 1413 alius

191 1437 388 1469 conditionis
405 1462 412 1477 ‚
431 1437 514 1469 alins
528 1437 695 1480 qualitatis
715 1449 721 1468 :
739 1449 829 1469 error
843 1450 988 1481 personae
1003 1465 1011 1480 ,
1027 1439 1159 1483 quando
1176 1439 1227 1472 hic
1247 1444 1383 1484 putatur
1399 1451 1465 1472 esse
1482 1440 1578 1472 homo
1594 1439 1668 1479 ille,
1685 1442 1716 1471 et
1730 1441 1777 1470 est

192 1494 295 1532 alius3
314 1505 404 1526 error
419 1494 559 1526 fortunae
571 1520 578 1534 ,
596 1494 728 1537 quando
753 1499 887 1538 putatur
900 1507 967 1528 esse
989 1496 1078 1528 dives
1099 1497 1157 1540 qui
1173 1508 1296 1540 pauper
1311 1501 1358 1529 est
1371 1523 1378 1537 ,
1397 1497 1447 1529 vel
1463 1508 1479 1529 e
1493 1508 1648 1530 converso
1662 1509 1670 1537 ;
1687 1506 1777 1528 error

192 1551 404 1591 conditionis,
423 1551 555 1595 quando
572 1555 706 1594 putatur
722 1563 787 1584 esse
810 1552 905 1593 liber,
923 1553 981 1596 qui
1003 1564 1116 1585 servus
1141 1558 1206 1594 est3
1224 1565 1314 1586 error
1337 1554 1521 1598 qualitatis,
1539 1553 1670 1597 quando
1684 1557 1777 1596 puta-

193 1614 247 1642 tur
263 1621 330 1641 esse
355 1609 481 1649 bonus,
505 1609 561 1652 qui
584 1609 690 1641 nialus
713 1613 770 1641 est.
798 1609 896 1642 Error
918 1610 1061 1643 fortunae
1084 1615 1113 1643 et
1139 1611 1306 1655 qualitatis
1327 1611 1471 1655 conjugii
1493 1622 1687 1644 consensum
1712 1621 1778 1642 non

193 1666 356 1707 excludit;
382 1677 473 1698 error
495 1677 572 1698 vero
596 1666 792 1699 conditionis
815 1667 1021 1711 conjugalem
1047 1679 1240 1700 consensum
1264 1673 1422 1700 evacuat:
1447 1668 1486 1700 de
1508 1680 1572 1712 qua
1594 1667 1778 1701 conditione

193 1723 399 1767 postmodum
413 1723 634 1756 tractabimus.
653 1724 752 1756 Error
765 1735 897 1768 quoque
913 1736 1055 1768 personae
1075 1736 1268 1757 consensum
1293 1725 1499 1769 conjugalem
1527 1736 1591 1758 non
1614 1724 1776 1765 admittit,

194 1784 229 1812 ut
245 1781 271 1812 si
289 1781 363 1824 quis
385 1780 542 1812 feminam
567 1781 710 1813 nobilem
726 1781 760 1813 in
781 1781 972 1825 conjugium
988 1786 1094 1826 petat,
1112 1789 1142 1814 et
1156 1794 1214 1826 pro
1239 1794 1275 1814 ea
1299 1783 1363 1814 alia
1386 1783 1541 1825 ignobilis
1566 1782 1714 1815 tradatur
1728 1782 1777 1823 ei,

193 1849 259 1870 non
275 1842 321 1870 est
336 1838 420 1870 inter
435 1849 488 1870 eos
502 1838 694 1881 conjugium
709 1864 716 1879 ‚
734 1839 812 1882 quia
828 1850 893 1871 non
916 1840 1078 1871 consensit
1094 1839 1144 1871 vir
1165 1840 1198 1871 in
1222 1840 1315 1871 istam
1326 1865 1334 1880 ,
1357 1839 1411 1871 sed
1426 1840 1458 1871 in
1479 1840 1590 1872 aliam.
1608 1839 1651 1871 Ut
1666 1839 1692 1871 si
1706 1839 1780 1883 quis

193 1895 395 1938 promitteret
415 1894 496 1927 mihi
511 1906 543 1927 se
559 1895 770 1927 venditurum
793 1907 911 1928 aurum
925 1922 933 1937 ,
951 1900 981 1929 et
1000 1908 1058 1940 pro
1073 1907 1154 1928 auro
1176 1897 1307 1929 offerret
1332 1896 1411 1928 mihi
1430 1897 1672 1937 aurichalcum,
1690 1900 1721 1928 et
1735 1896 1781 1928 ita

195 1963 247 1984 me
270 1951 449 1995 deciperet;
477 1952 638 1995 numquid
665 1952 789 1984 dicerer
812 1953 1010 1986 consensisse
1035 1954 1068 1985 in
1094 1953 1343 1986 aurichalcum?
1364 1965 1535 1998 nunquam
1559 1954 1648 1986 volui
1673 1964 1780 1986 emere

196 2008 417 2041 aurichalcum
438 2022 444 2041 :
464 2020 521 2041 nec
536 2020 612 2052 ergo
628 2011 660 2041 in
679 2010 761 2041 illud
786 2010 933 2043 consensi
948 2036 955 2050 ,
973 2011 1052 2054 quia
1071 2022 1247 2043 consensus
1262 2022 1327 2043 non
1344 2011 1406 2042 nisi
1421 2011 1600 2043 voluntatis
1614 2014 1672 2043 est.
1690 2010 1781 2043 Sicut

195 2077 274 2109 *ergo
288 2077 378 2098 error
394 2067 534 2099 materiae
550 2067 693 2099 excludit
716 2078 908 2100 consensum
924 2094 932 2109 ‚
949 2069 994 2100 ita
1007 2072 1039 2100 et
1053 2068 1085 2100 in
1101 2068 1254 2111 conjugio
1271 2079 1360 2100 error
1375 2079 1532 2111 personae..
1550 2068 1613 2100 Sed
1629 2068 1781 2111 objicitur

197 2123 236 2155 de
250 2123 348 2155 Jacob
362 2149 370 2165 ‚
391 2124 447 2167 qui
462 2135 520 2167 pro
541 2124 661 2156 Rachel
685 2128 807 2168 septem
833 2125 927 2157 annis
952 2125 1107 2157 servierat
1122 2151 1129 2165 ‚
1146 2130 1176 2157 et
1191 2126 1356 2169 supposita
1379 2130 1425 2158 est
1447 2126 1475 2158 ei
1492 2126 1549 2157 Lia
1565 2128 1594 2157 ²:
1619 2125 1781 2169 numquid

199 2191 289 2213 error
303 2192 448 2224 persona:
469 2181 606 2214 exclusit
631 2182 823 2225 conjugium
840 2209 847 2224 ‚
865 2194 938 2215 cuin
965 2194 1030 2215 non
1054 2183 1086 2214 in
1102 2194 1172 2214 eam
1187 2208 1194 2223 ‚
1211 2183 1265 2214 sed
1291 2183 1324 2214 in
1340 2182 1460 2215 Rachel
1484 2183 1701 2215 consenserit?
1718 2182 1781 2214 Sed

200 2238 287 2282 quod
303 2238 348 2270 ibi
363 2238 484 2270 factum
501 2242 564 2279 est,
582 2239 615 2270 in
632 2239 784 2282 mysterio
800 2243 926 2281 gestum
942 2251 1009 2272 non
1028 2240 1174 2283 improbe
1188 2239 1347 2280 traditur3
1365 2239 1410 2271 ibi
1426 2244 1533 2272 tamen
1550 2240 1607 2271 etsi
1624 2250 1688 2272 non
1703 2250 1783 2283 prae-

199 2295 307 2337 cessit,
325 2301 453 2328 secutus
475 2300 521 2328 est
540 2307 716 2328 consensus
736 2308 742 2328 ε
761 2307 819 2328 nec
839 2308 878 2328 ex
902 2297 960 2329 illo
981 2297 1156 2329 concubitu
1169 2323 1176 2337 ‚
1194 2297 1251 2340 qui
1274 2308 1465 2329 consensum
1483 2297 1658 2341 praecessit,
1682 2297 1784 2329 forni-

199 2353 276 2385 carii
288 2353 491 2397 judicantur,
510 2365 584 2386 cum
601 2354 656 2385 ille
673 2354 814 2386 maritali
829 2354 944 2386 affectu
965 2366 1035 2386 eain
1060 2354 1248 2397 cognoverit
1263 2380 1270 2395 ,
1288 2358 1320 2387 et
1341 2355 1397 2386 illa
1421 2354 1537 2386 uxorio
1562 2354 1680 2386 affectu
1695 2354 1783 2386 debi-

199 2413 268 2442 tum
282 2411 484 2454 persolverit,
498 2415 616 2454 putans
631 2412 702 2453 lege
718 2412 1010 2454 primogenitarum
1027 2416 1057 2443 et
1074 2412 1216 2455 paternis
1230 2411 1377 2455 imperiis
1388 2422 1420 2443 se
1436 2411 1485 2443 illi
1496 2411 1571 2454 jure
1585 2411 1782 2454 copulatam.

199 2466 380 2500 Excusatur
394 2468 491 2500 etiam
506 2494 513 2509 ‚
529 2468 608 2512 quia
625 2468 684 2500 Dei
706 2469 841 2501 consilio
858 2469 892 2501 in
909 2469 1062 2513 mysterio
1087 2469 1132 2501 ita
1146 2473 1253 2501 actum
1270 2473 1326 2501 est.
1345 2468 1449 2501 Hodie
1462 2468 1560 2500 etiam
1576 2472 1784 2500 excusaretur

199 2523 274 2563 ille,
290 2524 343 2556 eui
366 2524 467 2557 inscio
492 2525 603 2558 uxoris
627 2536 718 2557 soror
741 2526 899 2558 lectulum
925 2527 996 2570 ejus
1021 2527 1165 2569 ingressa
1188 2537 1220 2558 se
1245 2525 1418 2569 subjiceret
1437 2538 1443 2557 ε
1460 2537 1532 2569 quae
1553 2537 1627 2558 cum
1646 2525 1714 2557 sine
1730 2536 1784 2567 spe

233 2622 239 2636 ¹
254 2621 344 2644 Totum
362 2621 409 2644 hoc
425 2622 534 2651 primum
550 2624 625 2652 caput
640 2622 746 2646 hahetur
762 2630 838 2647 causa
852 2630 924 2654 nix,
942 2631 965 2653 q.
983 2629 1000 2651 1,
1017 2631 1062 2654 pei·
1076 2625 1165 2647 totuin⁴
1179 2637 1206 2640 —
1219 2625 1225 2637 ²
1237 2624 1307 2652 Gen.‚
1322 2629 1393 2651 xxm,
1412 2626 1491 2648 23-26.

1804 1340 1893 1362 Consen-

1794 1377 1829 1390 sus
1861 1374 1897 1397 qui

1795 1404 1826 1421 est
1836 1409 1899 1424 causa

1802 1433 1896 1455 efficiens

1796 1464 1900 1485 matrimo-

1796 1494 1824 1513 nii
1858 1502 1900 1516 nou

1796 1525 1860 1546 debet
1870 1533 1901 1547 es-

1797 1564 1818 1577 se
1833 1559 1902 1580 desee-

1823 1590 1880 1610 tirus

1806 1624 1884 1647 aparte

1802 1652 1896 1672 rationis.
