1991 3006
99 1685 180 1710 Quibus

86 1720 185 1743 tempori-

89 1748 128 1767 bus
143 1754 188 1767 ces-

94 1779 182 1799 samium

84 1811 111 1830 sit
120 1817 131 1829 a
147 1810 188 1829 roi-

119 1844 149 1862 tu.

87 2258 194 2283 Hierony-

85 2295 132 2308 mus
167 2290 193 2308 vi-

86 2320 194 2339 detumit»

86 2351 165 2370 senum
182 2357 192 2369 a

86 2381 181 2407 praemis-

117 2418 154 2432 5¹5.

203 213 260 242 282
760 209 1065 242 SENTENTIARUM
1088 210 1162 241 LIB.
1188 211 1237 241 IV.

204 291 301 324 quam
323 279 468 322 gaudens
491 279 570 324 quia
590 279 703 320 duxit,
720 289 852 311 securus
874 281 1018 322 expectat
1043 278 1128 310 diem
1152 278 1379 310 novissimum.
1403 291 1419 310 »
1435 279 1546 311 Idem¹
1567 291 1573 311 :
1592 292 1608 310 «
1635 279 1708 313 Una
1722 281 1789 313 sola

203 349 299 370 causa
323 348 390 369 esse
415 332 536 380 potest,
553 349 618 381 qua
644 342 673 370 te
695 337 734 369 ad
759 337 811 377 id,
829 336 915 380 quod
942 335 1060 368 novisti
1076 362 1083 375 ,
1100 346 1164 367 non
1191 335 1286 367 modo
1304 347 1368 368 non
1387 336 1604 377 hortaremur,
1622 336 1676 369 sed
1691 337 1787 369 etiam

204 394 452 439 prohiberemus
469 395 624 439 implere3
644 395 669 427 si
688 395 767 427 sorte
784 398 841 426 tua
855 393 976 436 conjux
992 393 1050 425 hoc
1069 397 1175 424 tecum
1191 393 1351 436 suscipere
1376 394 1476 425 animi
1491 394 1543 426 vel
1569 395 1675 426 carnis
1698 393 1790 426 infir-

205 454 315 486 mitate
331 457 503 485 recusaret.
518 452 598 485 Nam
614 452 762 485 vovenda
779 452 854 483 talia
869 462 933 483 non
950 455 1025 483 sunt
1040 463 1056 483 :1
1073 451 1256 494 conjugatis
1270 451 1331 483 nisi
1347 463 1384 483 ex
1400 463 1557 484 consensu
1575 456 1604 484 et
1622 452 1788 484 voluntate

203 510 369 542 communi
384 524 392 551 3
411 514 441 542 et
459 510 485 542 si
503 521 707 555 praepropere
730 510 850 541 factum
868 509 985 550 fuerit,
1003 509 1106 551 magis
1127 513 1173 539 est
1194 508 1385 550 corrigenda
1404 510 1584 549 temeritas,
1603 521 1701 553 quam
1718 520 1789 553 per-

204 568 358 601 solvenda
372 568 554 612 promissio.
573 568 645 600 Non
663 567 749 599 enim
767 567 853 599 Deus
867 567 981 609 exigit,
999 566 1025 598 si
1041 567 1114 610 quis
1131 578 1167 598 ex
1185 566 1292 598 alieno
1307 566 1431 610 aliquid
1449 567 1573 599 voverit
1588 593 1594 607 ,
1612 567 1665 599 sed
1682 566 1787 610 potius

204 637 363 670 usurpare
378 629 465 658 vetat
483 626 640 658 alienum.
664 639 678 656 »
695 625 782 657 Idem
802 626 831 656 ²:
855 638 869 654 «
886 624 1060 668 Apostolus
1080 636 1138 656 nec
1152 624 1191 656 ad
1209 628 1352 668 tempus,
1370 628 1405 656 ut
1423 630 1535 656 vacent
1550 624 1709 663 orationi,
1726 623 1789 655 nisi

204 695 243 717 ex
258 695 427 724 consensu,
445 684 551 716 voluit
571 683 726 727 conjuges
747 682 869 714 carnali
892 682 1030 714 invicem
1050 682 1194 714 fraudari
1209 682 1329 714 debito.
1350 694 1365 711 n
1388 681 1475 713 Ida-m
1491 681 1500 697 ³
1517 694 1523 713 t
1547 695 1564 712 <t
1579 681 1788 714 Manifestum

203 747 250 776 est
265 743 309 775 ita
325 742 464 774 voluisse
480 742 584 783 legem
598 741 754 773 feminam
769 740 830 772 sub
847 740 916 771 viro
932 750 1014 780 esse,
1034 740 1177 772 utnulla
1191 740 1260 783 ejus
1277 744 1350 772 vota
1372 751 1444 784 quse
1465 740 1668 772 abstinentiae
1692 750 1788 771 causa

202 800 345 842 voverit,
364 800 540 832 reddantur
563 799 603 831 ab
618 810 671 839 ea,
690 799 751 830 nisi
773 802 886 830 auctor
908 797 1006 829 fuerit
1026 797 1077 829 vir
1097 797 1326 841 permittendo.
1354 797 1434 829 Nam
1455 809 1530 830 cum
1556 798 1594 830 ad
1621 801 1787 841 peccatum

203 859 348 903 ejusdem
373 858 435 890 viri
461 857 622 902 pertinere
645 856 787 889 voluerit
811 856 881 896 lex,
905 855 931 887 si
957 855 1046 899 prius
1069 855 1270 899 permiserit,
1292 858 1322 886 et
1348 859 1456 898 postea
1482 855 1704 898 prohibuerit.;
1722 865 1788 887 non

205 921 312 950 tamen
327 915 410 948 dixit
424 919 459 947 ut
474 915 569 947 faciat
586 914 705 946 mulier
719 913 806 957 quod
827 917 977 953 voverat,
994 913 1073 956 quia
1094 912 1249 956 permissa
1266 912 1334 955 jam
1356 912 1446 956 prius
1460 923 1479 944 a
1498 913 1566 944 viro
1582 912 1698 944 fuerat.
1716 911 1789 944 Viri

203 974 286 1007 dixit
311 985 377 1006 esse
399 976 585 1017 peccatum,
603 972 681 1016 quia
702 971 818 1004 abnuit
839 970 926 1015 quod
953 970 1043 1014 prius
1066 974 1283 1010 concesseram
1310 981 1374 1001 non
1397 974 1505 1002 tamen
1529 969 1660 1002 mulieri
1676 980 1714 1001 ex
1731 969 1791 1001 hoc

204 1033 329 1076 jussum
345 1031 451 1072 dedit,
470 1035 506 1063 ut
529 1042 603 1063 cum
631 1030 721 1074 prius
742 1029 793 1061 vir
818 1029 846 1061 ei
870 1028 1078 1069 concesserit,
1102 1032 1210 1071 postea
1226 1027 1252 1059 si
1278 1027 1497 1071 prohibuerit,
1514 1031 1751 1060 contemnatur.
1771 1038 1787 1057 »

203 1089 252 1122 Ex
267 1089 317 1122 his
331 1093 482 1134 apparet,
499 1088 587 1132 quod
604 1087 654 1120 vir
669 1087 721 1119 vel
737 1087 857 1119 mulier
870 1086 1105 1118 continentiam
1124 1085 1190 1117 Deo
1206 1084 1321 1117 offerre
1335 1096 1399 1117 non
1417 1089 1519 1129 potest
1539 1085 1608 1117 sine
1622 1084 1790 1117 communi

203 1158 359 1180 consensu
373 1173 380 1187 ,
397 1157 456 1178 nec
471 1146 552 1178 alter
567 1145 658 1177 alteri
674 1144 821 1177 debitum
839 1155 956 1186 negare
971 1143 1076 1175 debet.
1095 1142 1129 1175 Si
1152 1154 1227 1174 vero
1244 1143 1383 1186 quilibet
1407 1154 1520 1175 eorum
1543 1143 1683 1175 alterum
1699 1154 1718 1175 a
1732 1153 1792 1175 suo

199 1205 274 1249 jure
290 1204 483 1244 absolverit,
499 1203 538 1236 ad
556 1202 754 1247 praeteritam
770 1202 959 1234 servitutem
977 1200 1141 1244 numquid
1159 1211 1309 1233 revocare
1325 1201 1466 1244 poterit?
1481 1200 1548 1232 Hoc
1559 1200 1647 1232 enim
1661 1199 1792 1232 videtur

203 1262 410 1306 Augustinus
434 1273 531 1306 supra
556 1261 708 1293 voluisse.
738 1259 943 1299 Quibusdam
968 1258 1119 1298 videtur,
1137 1258 1225 1302 quod
1251 1258 1369 1289 mulier
1393 1269 1459 1289 non
1480 1257 1646 1289 discedens
1661 1268 1679 1289 a
1694 1256 1792 1289 domo

202 1321 282 1361 viri,
309 1331 382 1364 quae
407 1319 478 1352 viro
503 1319 708 1363 permittente
731 1317 963 1350 continentiam
988 1315 1133 1356 voverit,
1157 1315 1207 1347 vel
1232 1315 1434 1359 promiserit,
1463 1316 1575 1347 eodem
1600 1314 1793 1358 prohibente

202 1378 327 1411 solvere
344 1389 409 1410 non
426 1377 550 1418 valeat,
568 1381 598 1408 et
612 1376 673 1409 hoc
688 1379 820 1419 propter
839 1374 1032 1415 dignitatem
1047 1373 1109 1405 viri
1125 1399 1132 1414 ‚
1151 1373 1208 1417 qui
1224 1377 1270 1405 est
1285 1377 1381 1416 caput
1406 1372 1562 1404 mulieris.
1590 1371 1653 1405 Sed
1675 1372 1793 1405 melius

203 1436 263 1468 hoc
285 1435 483 1478 intelligitur
508 1435 540 1466 in
564 1434 622 1466 tali
649 1445 746 1474 casu,
774 1433 828 1464 ubi
855 1432 905 1464 vir
927 1431 1072 1464 concedit
1098 1431 1228 1463 mulieri
1255 1441 1372 1463 vovere
1396 1430 1650 1470 continentiam,
1667 1434 1697 1462 et
1718 1434 1793 1462 ante

203 1498 317 1526 votum
334 1493 486 1538 prohibet
508 1492 655 1536 implere.
681 1491 715 1523 Si
732 1501 808 1522 vero
826 1490 975 1522 habitum
1001 1489 1198 1530 mutaverit,
1216 1499 1282 1520 non
1303 1492 1406 1532 potest
1427 1488 1591 1528 revocari,
1609 1487 1791 1519 secundum

204 1552 289 1584 illud
303 1553 313 1569 ⁶
336 1563 342 1583 :
364 1564 380 1581 «
395 1551 458 1590 Qui
476 1561 612 1583 uxorem
628 1560 721 1581 suam
737 1548 846 1581 velare
867 1547 1072 1592 permiserit,
1089 1547 1186 1579 aliam
1209 1557 1274 1578 nou
1294 1545 1449 1589 accipiat,
1474 1546 1528 1578 sed
1552 1544 1702 1577 similiter
1716 1555 1792 1577 eou-

204 1613 359 1642 vertatur.
377 1622 393 1639 »

249 1666 288 1699 Et
311 1666 386 1698 licet
413 1665 559 1698 debitum
589 1665 729 1709 poscenti
759 1675 886 1708 semper
911 1664 951 1695 sit
979 1663 1173 1696 solvendum
1197 1688 1205 1703 ,
1235 1674 1301 1694 non
1329 1662 1402 1694 licet
1430 1666 1539 1694 tamen
1566 1661 1713 1705 qualibet
1740 1661 1795 1693 die

206 1735 347 1768 poscere.
369 1723 463 1756 Unde
484 1723 690 1766 Augustinus
705 1726 715 1742 ⁶
735 1736 741 1755 :
764 1735 780 1752 «
803 1721 987 1754 Christiano
1006 1732 1080 1753 cum
1103 1731 1204 1752 uxore
1227 1732 1286 1752 sua
1305 1720 1483 1764 aliquando
1503 1719 1578 1751 licet
1595 1718 1771 1751 convenire
1784 1744 1794 1760 ‚

208 1781 385 1826 aliquando
414 1793 480 1814 non
507 1793 514 1813 :
540 1786 671 1825 propter
700 1779 911 1824 processionis
939 1778 1027 1811 enim
1057 1778 1125 1810 dies
1137 1782 1168 1810 et
1191 1778 1395 1822 jejuniorum
1423 1776 1601 1821 aliquando
1628 1787 1695 1808 non
1722 1775 1797 1808 licet

203 1840 378 1872 convenire
401 1851 407 1871 ι
435 1839 513 1883 quia
543 1839 639 1871 etiam
666 1850 685 1870 a
709 1838 806 1870 licitis
827 1836 1058 1869 abstinendum
1083 1840 1150 1876 est,
1176 1840 1211 1868 ut
1240 1835 1369 1867 facilius
1390 1834 1557 1878 impetrari
1582 1833 1682 1878 possit
1705 1832 1792 1877 quod

204 1897 397 1941 postulatur.
427 1909 443 1926 n
468 1896 556 1929 Idem
573 1900 599 1928 6;
624 1909 640 1926 α
657 1895 790 1934 Quoties
810 1895 898 1927 enim
914 1894 966 1927 vel
988 1893 1056 1926 dies
1080 1893 1277 1932 nativitatis,
1295 1893 1347 1925 vel
1372 1892 1505 1936 reliquae
1530 1890 1719 1923 festivitates
1740 1890 1796 1923 ad-

204 1955 375 1996 venerint,
393 1966 459 1987 non
478 1954 584 1986 solum
600 1965 619 1986 a
636 1953 895 1985 concubinarum
917 1951 1099 1991 consortio,
1122 1951 1177 1983 sed
1202 1950 1298 1982 etiam
1322 1961 1340 1981 a
1360 1949 1499 1993 propriis
1520 1948 1678 1981 uxoribus
1699 1947 1797 1980 absti-

690 2009 699 2025 ⁷
726 2022 732 2042 z
756 2022 772 2040 «
794 2010 829 2041 Si
850 2020 946 2041 causa
972 2008 1252 2052 procurandorum
1276 2007 1423 2039 filiorum
1447 2007 1579 2039 ducitur
1604 2016 1705 2046 uxor,
1728 2015 1793 2037 non

205 2016 290 2046 nete.
317 2025 333 2043 >³
357 2012 446 2045 Idem
473 2011 667 2044 Ambrosius

208 2070 351 2102 multum
375 2074 504 2113 tempus
528 2079 714 2100 concessum
737 2067 868 2099 videtur
883 2066 923 2098 ad
942 2066 1050 2110 ipsum
1070 2077 1166 2098 usum
1181 2078 1188 2106 3
1205 2064 1283 2108 quia
1305 2068 1336 2096 et
1350 2063 1418 2096 dies
1432 2063 1524 2104 festi,
1541 2067 1572 2095 et
1587 2063 1654 2096 dies
1670 2073 1796 2106 proces-

207 2127 327 2168 sionis,
345 2126 462 2170 etipsa
482 2126 564 2158 ratio
579 2128 773 2169 conceptus,
791 2130 821 2157 et
842 2129 954 2168 partus
971 2123 1067 2167 juxta
1091 2123 1195 2165 legem
1219 2132 1341 2154 cessare
1364 2131 1460 2153 usum
1480 2120 1586 2153 carnis
1604 2120 1655 2152 his
1680 2120 1797 2153 debere

210 2184 408 2228 temporibus
423 2184 657 2216 demonstrant.
679 2195 694 2213 »

253 2242 305 2274 Illi
320 2246 428 2274 autem
451 2241 538 2285 quod
558 2241 681 2273 dictum
708 2245 774 2281 est,
792 2239 925 2272 reddere
948 2239 1095 2271 debitum
1119 2249 1185 2271 non
1211 2248 1277 2270 esse
1302 2241 1488 2281 peccatum,
1506 2235 1637 2269 videtur
1661 2234 1793 2268 obviare

209 2299 296 2344 quod
311 2299 357 2331 ait
371 2299 593 2342 Hieronymus
604 2303 614 2319 ⁸
631 2311 637 2330 :
656 2298 889 2342 «Quicumque
905 2297 1001 2329 uxori
1019 2296 1165 2328 debitum
1181 2295 1298 2336 reddit,
1312 2305 1426 2327 vacare
1441 2305 1507 2326 non
1523 2297 1625 2338 potest
1639 2292 1793 2334 orationi,

208 2368 266 2389 nec
280 2367 392 2389 carnes
406 2356 483 2399 agni
498 2356 603 2389 edere.
622 2368 638 2386 »
656 2356 766 2388 Idem⁹
783 2367 789 2387 t
807 2369 823 2386 «
839 2355 873 2387 Si
890 2365 987 2398 panes
1008 2353 1236 2398 propositionis
1255 2353 1295 2385 ab
1316 2353 1365 2384 his
1379 2378 1387 2393 ,
1405 2352 1463 2396 qui
1487 2362 1604 2384 uxores
1627 2362 1702 2383 suas
1723 2350 1796 2382 teti-

207 2419 340 2458 gerant,
359 2414 485 2447 comedi
500 2425 566 2446 non
588 2418 735 2458 poterant
746 2413 779 2454 ¹⁰,
797 2417 920 2457 quanto
937 2412 1040 2455 magis
1060 2411 1152 2456 panis
1171 2411 1229 2454 qui
1252 2410 1291 2442 de
1309 2410 1391 2443 coelo
1406 2408 1592 2449 descendit,
1611 2419 1676 2440 nou
1693 2411 1797 2451 potest

209 2472 250 2505 ab
265 2472 316 2504 his
326 2471 408 2515 ‚qui
428 2472 548 2515 conjug
539 2471 658 2503 alibus
680 2471 778 2514 paulo
792 2474 866 2503 ante
890 2470 1011 2503 liaesere
1025 2469 1250 2513 complexibus
1264 2494 1272 2507 ,
1290 2467 1407 2500 violari
1421 2470 1520 2511 atque
1542 2466 1706 2509 contingi!
1726 2465 1799 2498 Non

241 2542 378 2574 ¹Aug.,11d
391 2542 544 2569 Α11.ιιεητα”,
561 2541 642 2572 Εμιεὶ.
655 2547 713 2569 xlv
728 2541 759 2564 al,
772 2547 870 2569 cxxvi,
880 2548 904 2565 11.
917 2542 972 2564 9.-
986 2541 1038 2564 21d.
1045 2541 1090 2571 ‚cle
1104 2539 1216 2564 »ίιίιιίίεικ
1230 2539 1335 2569 Crmjuy
1350 2538 1392 2561 lib.
1408 2539 1425 2564 l,
1441 2545 1464 2561 e
1480 2543 1508 2567 11,
1524 2544 1550 2560 n.
1565 2538 1620 2560 2—
1631 2536 1638 2550 ³
1653 2537 1698 2564 td
1710 2536 1799 2565 Quoest.

206 2579 328 2609 inNum.,
344 2578 388 2601 lib.
403 2578 444 2608 lV,
459 2584 481 2601 c.
501 2583 554 2601 Lix.
567 2590 596 2593 —
613 2578 618 2590 ⁵
635 2577 670 2600 Ex
686 2577 763 2600 Cone.
780 2577 908 2604 Remens..
925 2578 949 2599 et
964 2576 1071 2599 habetur
1086 2580 1264 2602 caus.xxx111
1279 2582 1303 2605 q.
1322 2579 1345 2603 v,
1362 2581 1383 2597 c.
1401 2573 1447 2602 ραι
1463 2579 1606 2595 uxorem.—
1621 2572 1696 2595 ²⁵1in
1711 2572 1800 2595 auctor

208 2614 287 2643 Quoest
302 2614 331 2637 <le
349 2620 408 2636 novo
425 2613 449 2636 et
468 2613 514 2635 vet.
534 2611 606 2639 Test„
619 2619 642 2635 c.
657 2617 754 2640 (xxvxi,
770 2613 795 2634 et
810 2596 916 2635 habetui
933 2616 1202 2641 caus.xxx111,q.1v
1219 2608 1469 2633 c.C}1›z'slizmo.—‘²
1485 2606 1683 2635 Habeturih‘id..
1700 2613 1722 2629 c.
1740 2606 1802 2636 Quo-

205 2649 260 2673 ties
263 2649 400 2678 -71bid.‚
415 2655 437 2672 c.
451 2648 479 2671 Si
496 2654 587 2676 causa,
602 2649 627 2669 et
642 2647 718 2671 estin
734 2647 807 2676 epist.
825 2647 855 2669 ul
870 2646 1176 2676 Consent„c.rxx1.—“
1196 2645 1308 2669 Hieron.
1325 2644 1349 2667 in
1360 2643 1471 2674 quodam
1484 2649 1602 2666 sermone
1617 2641 1664 2673 ipsi
1679 2641 1800 2671 ascripto,

207 2686 231 2708 et
247 2684 362 2714 babetur,
377 2690 444 2708 caus,
462 2688 554 2712 xxxui,
571 2689 595 2713 q.
613 2688 647 2711 iv,
664 2688 686 2705 c.
702 2682 803 2705 sczale's.
815 2696 845 2700 —
860 2683 868 2695 ⁹
885 2682 928 2705 lbi
932 2682 947 2705 l.
963 2695 986 2698 -
1006 2683 1026 2699 ²⁰
1040 2683 1046 2705 l
1059 2682 1126 2712 Κεφ,
1140 2687 1194 2709 11111,
1212 2682 1232 2703 1.
