1991 3006
169 277 263 305 Quaest.
279 279 301 301 2.
318 278 407 301 Utrum
427 277 508 301 coitus
527 277 666 308 conjugatis
687 284 763 301 causa
781 278 858 302 forni-

199 311 305 336 cationis
319 312 428 336 vitandae
445 311 524 342 possit
536 318 592 335 esse
607 312 661 336 sine
672 312 742 336 omni
753 315 857 343 peccato

198 347 300 370 veniali.

168 383 262 410 Quaest.
282 383 304 406 3.
330 383 367 406 An
383 382 449 406 coire
472 389 528 406 cum
548 388 627 406 uxore
650 382 747 407 ratione
764 390 857 408 coneu-

198 417 327 447 piscentiae
351 417 471 441 satiandae
494 418 525 441 sit
542 425 644 448 semper
667 418 773 443 mortale
798 425 858 449 pec-

198 455 293 476 catum.

168 488 239 511 DIST.
255 493 337 511 mu.

168 522 298 552 Expositio
313 524 406 546 textus.

169 558 228 581 ART.
247 563 264 581 1.
281 557 374 585 Quaest.
391 557 504 581 1.Utrum
515 560 619 588 propter
633 561 720 583 votum
733 560 792 589 post
805 565 858 583 car-

197 592 281 616 nalem
305 592 423 622 copulam
447 593 526 622 possit
546 593 585 617 vir
604 594 752 622 continere,
778 600 857 617 uxore

196 627 309 651 nolente.

167 663 261 691 Quaest.
281 663 304 686 2.
322 664 358 686 An
379 663 418 686 vir
434 664 491 686 ante
507 663 634 686 carnalem
649 664 856 688 commixtionem

196 697 276 728 possit
292 697 433 728 continere,
450 705 529 722 uxore
544 698 655 722 nolente.

167 734 228 757 ΑΜ.
250 739 276 757 11.
296 734 390 761 Quaest.
410 733 431 757 i.
448 734 487 757 An
508 734 609 764 leproso
625 734 728 765 conjugi
742 735 858 765 oporteat

196 767 309 791 debitum
324 768 441 792 reddere.

167 803 293 831 Quaeritur
311 804 334 826 2.
360 804 396 827 Au
420 803 476 834 quis
494 805 610 828 teneatur
624 804 736 828 debitum
751 805 857 828 reddere

196 838 339 862 fornica-nti.

166 874 226 897 ΑΜ·-
246 879 285 898 111.
311 873 406 902 Quaest.
433 876 452 898 t.
482 874 518 897 An
543 875 658 905 tempore
684 876 872 898 menstruorum

196 909 276 939 possit
288 909 360 932 reddi
375 911 399 932 et
412 908 464 939 peti
475 908 598 932 debitum.

165 944 260 971 Quaest.
280 945 304 967 2.
324 945 360 967 An
372 945 486 974 tempore
503 944 600 967 dierum
614 944 765 968 solemnium
783 944 857 968 dehi-

195 980 248 1002 tum
267 979 346 1009 possit
360 979 411 1009 peti
428 978 508 1006 licite,
529 980 553 1002 et
567 979 639 1002 solvi.

164 1014 227 1037 ΑΜ.
243 1020 277 1038 iv.
295 1014 389 1042 Quzaet.
404 1016 425 1038 1,
441 1014 480 1037 An
498 1013 523 1036 in
541 1013 697 1037 celebrandis
708 1014 801 1044 nuptiis
816 1015 856 1038 de·

194 1049 254 1072 beat
269 1051 368 1079 tempus
380 1049 520 1072 observari.

164 1084 257 1112 Quaest.
269 1085 291 1107 2.
308 1086 346 1108 An
356 1083 547 1107 matrimonium
563 1086 724 1108 contractum
740 1086 856 1115 tempore

194 1120 307 1143 indebito
322 1120 413 1143 debeat
425 1119 546 1150 separari.

162 1155 234 1178 Disr.
252 1160 344 1178 xxxm.

162 1189 294 1220 Expositio
309 1190 401 1213 textus.

164 1225 225 1249 Aur.
247 1231 264 1248 1.
283 1225 376 1253 Quaest.
402 1227 422 1248 1.
443 1225 480 1248 An
500 1224 532 1248 sit
551 1226 638 1248 contra
657 1225 740 1255 legem
760 1227 856 1249 naturae

193 1259 361 1285 concubinam
374 1259 479 1283 habere.

162 1296 256 1324 Quaest.
272 1297 295 1319 2.
311 1296 348 1319 An
360 1297 449 1318 contra
463 1294 545 1325 legem
555 1296 650 1318 naturae
661 1295 692 1318 sit
707 1296 775 1326 quod
789 1302 856 1319 unus

192 1331 284 1354 habeat
297 1330 383 1360 plures
397 1336 499 1354 uxores.

162 1367 256 1395 Quaest.
278 1366 301 1389 3.
326 1366 363 1389 An
382 1366 449 1389 Deus
472 1365 589 1389 debuerit
608 1365 763 1396 dispensare,
787 1367 855 1396 quod

193 1401 289 1425 licitum
302 1401 368 1424 esset
383 1400 477 1424 habere
494 1400 659 1424 concubinas.

162 1438 223 1460 ART.
245 1442 272 1459 11.
288 1435 384 1464 Quaest.
401 1438 424 1459 1.
440 1437 478 1459 An
492 1435 623 1466 virginitas
634 1436 667 1460 sit
680 1436 769 1460 virtus.

162 1472 255 1500 Quaest.
283 1473 306 1494 2.
332 1472 369 1494 An
397 1470 526 1501 virginitas
551 1471 701 1501 praeferatur
729 1471 857 1503 conjugali

193 1505 363 1529 continentiae.

162 1541 256 1569 Quaest.
272 1541 294 1564 3.
311 1541 348 1564 An
365 1540 498 1570 praemium
512 1540 663 1571 virginitatis
680 1541 711 1564 sit
725 1541 836 1565 aureola.

162 1575 224 1599 Aur.
240 1581 278 1599 ω.
295 1575 389 1603 Quaest.
402 1576 424 1599 1.
444 1575 482 1598 An
496 1574 592 1599 licitum
607 1575 681 1599 fuerit
695 1583 801 1600 uxorem
815 1583 856 1600 re-

192 1610 304 1640 pudiare.

162 1645 256 1673 Quaest.
277 1647 300 1669 2.
321 1647 359 1669 An
381 1644 513 1675 repudiare
532 1652 640 1669 uxorem
659 1646 775 1670 debuerit
796 1653 857 1677 per-

193 1680 268 1704 mitti.

161 1715 255 1743 Quaest.
275 1716 298 1739 3.
315 1716 350 1738 Au
374 1720 439 1739 uxor
459 1717 516 1746 post
533 1715 667 1746 repudium
688 1715 779 1740 debeat
800 1716 855 1740 viro

193 1750 359 1775 reconciliari.

163 1787 234 1810 Disr.
250 1792 340 1810 xxxiv.

164 1821 292 1852 Expositio
308 1822 400 1845 textus.

163 1857 224 1881 ΑΜ.
241 1863 259 1880 1.
275 1857 370 1885 Ouaest.
385 1858 407 1880 1.
420 1857 457 1880 An
470 1857 659 1881 matrimonium
674 1856 765 1880 habeat
780 1857 858 1887 impe-

193 1892 343 1915 dimeutum.

163 1927 256 1955 Quaest.
287 1928 310 1950 2.
343 1928 381 1950 An
413 1926 594 1957 impedimenta
627 1926 782 1950 matrimonii
809 1927 858 1951 sint

195 1962 350 1987 sufficienter
364 1969 410 1993 per
422 1962 570 1992 Magistrum
584 1962 720 1992 assignata.

163 1998 225 2021 Aur.
256 2003 283 2020 11.
315 1997 410 2025 Quaest.
442 1999 464 2020 1.
492 1998 531 2020 An
561 1997 681 2021 naturalis
708 1996 857 2027 impotentia

193 2033 301 2057 coeundi
317 2033 349 2056 sit
360 2033 571 2063 impedimentum
586 2032 750 2057 matrimonii.

163 2068 255 2096 Quaest.
278 2070 301 2091 2.
328 2070 363 2092 An
379 2068 529 2099 impotentia
542 2068 663 2098 coeundi,
679 2075 736 2099 quae
757 2070 794 2092 est
812 2075 857 2098 per

193 2102 354 2131 maleficium,
368 2103 492 2134 impediat
509 2103 709 2127 matrimonium.

164 2140 224 2162 ART.
246 2144 286 2162 111.
308 2139 403 2166 Quaest.
430 2141 451 2163 1.
475 2139 513 2162 ΑΙ]
537 2139 601 2163 furia
625 2139 745 2170 impediat
769 2139 856 2163 matri-

194 2180 318 2197 monium.

165 2209 257 2236 Quaest.
278 2209 301 2232 2.
325 2209 361 2232 An
386 2207 482 2232 crimen
507 2208 615 2232 incestus
632 2209 754 2239 impediat
770 2209 856 2233 matri-

195 2250 320 2267 monium.

164 2279 234 2302 Disr.
252 2283 329 2301 xxxv.

167 2313 296 2344 Expositio
309 2314 393 2337 textus

165 2350 225 2372 Aur.
242 2354 258 2372 1.
275 2349 367 2376 Quaest.
387 2350 409 2372 1.
425 2349 462 2372 An
472 2349 551 2379 possit
562 2349 616 2372 ficri
631 2349 767 2373 divortium
783 2357 858 2373 causa

193 2383 378 2407 fornicationis.

164 2419 257 2447 Quoest.
273 2420 296 2442 2.
313 2420 350 2442 An
371 2418 497 2443 dimittere
517 2426 623 2444 uxorem
641 2420 803 2444 fornicariam
828 2420 857 2444 sit

195 2454 220 2477 in
235 2455 373 2484 praecepto.

165 2489 259 2517 Quaest.
271 2490 293 2513 3.
305 2490 343 2513 An
353 2488 430 2519 possit
440 2489 507 2518 quis,
515 2490 618 2520 propria
628 2491 787 2522 auctoritate,
797 2497 859 2515 uxo-

195 2530 249 2547 rem
260 2524 423 2547 fornicariam
434 2524 559 2548 dimittere
570 2525 622 2549 sine
627 2525 722 2556 judicio
729 2526 856 2551 Ecclesiae.

166 2559 260 2586 Ouaest.
276 2560 298 2582 4.
313 2561 360 2587 An,
373 2559 481 2583 divortio
494 2559 632 2591 celebrato,
645 2561 725 2591 possit
736 2561 775 2585 vir
785 2561 858 2585 aliam

196 2600 303 2618 uxorem
314 2594 415 2624 ducere,
431 2594 471 2618 vel
484 2601 548 2618 uxor
562 2595 637 2619 alium
654 2596 745 2620 virum.

167 2629 259 2657 Quaest.
279 2631 300 2653 5.
320 2630 356 2653 An
372 2631 429 2660 post
441 2629 578 2654 divortium
590 2631 689 2660 possint
702 2631 740 2655 vir
756 2634 779 2655 et
796 2637 860 2655 uxor

197 2664 309 2689 invicem
322 2664 488 2689 reconciliari.

902 213 1029 245 lNDEx.

891 349 935 372 278

891 455 934 478 279

890 490 932 513 281

890 525 934 548 283

890 630 934 652 286

890 700 933 723 287

890 771 933 794 288

889 841 934 864 289

889 911 933 933 290

891 981 932 1004 193

889 1051 932 1073 295

889 1122 933 1145 296

889 1157 933 1180 297

889 1191 932 1214 300

886 1262 930 1285 303

890 1332 933 1355 306

889 1403 932 1425 307

889 1438 933 1461 310

890 1508 932 1532 311

888 1544 933 1566 312

889 1612 932 1635 3¹5

890 1683 933 1706 317

890 1752 934 1775 318

891 1788 934 1811 3¹9

889 1822 931 1846 321

889 1893 933 1916 324

890 1963 933 1986 326

889 2034 933 2057 328

890 2104 934 2127 329

889 2175 934 2198 332

889 2245 934 2268 333

890 2281 934 2303 334

891 2315 934 2339 337

891 2386 935 2409 339

890 2456 932 2479 341

890 2526 934 2550 34‘2

888 2597 933 2620 343

890 2667 935 2692 ³⁴4

990 280 1084 308 Quaest.
1101 282 1123 304 6.
1137 281 1183 309 Au,
1199 280 1273 311 culpa
1285 287 1337 305 non
1353 281 1523 312 praecedente,
1535 282 1615 313 possit
1625 283 1681 307 fieri

1021 314 1167 339 divortium.

991 350 1060 374 Dvsr.
1077 355 1166 374 xxxvi.

991 385 1120 415 Expositio
1136 386 1229 408 textus.

991 421 1051 444 ΑΜ.
1066 425 1083 443 1.
1095 420 1187 448 Quaest.
1206 422 1226 443 1.
1243 421 1280 444 An
1297 420 1409 444 conditio
1424 421 1551 445 servitutis
1561 422 1682 452 impediat

1020 454 1219 479 matrimonium.

990 491 1083 518 Quaest.
1097 491 1120 513 2.
1133 491 1172 513 An
1187 490 1297 514 conditio
1315 490 1442 514 servitutis
1458 498 1515 514 cum
1532 498 1618 516 errore
1633 492 1680 516 im-

1020 525 1106 555 pediat
1124 525 1322 548 matrimonium.

989 560 1084 588 Quaest.
1109 561 1131 583 3.
1155 560 1245 584 Utrum
1263 562 1381 590 sequatur
1402 560 1486 591 proles
1507 561 1680 585 conditionem

1020 595 1105 625 patris,
1122 601 1154 618 an
1168 595 1264 619 matris.

990 631 1050 653 Aur.
1067 635 1097 653 11.
1112 630 1205 658 Quaest.
1230 633 1249 653 1.
1272 631 1310 653 An
1329 630 1440 654 defectus
1458 631 1538 655 zelatis
1561 631 1680 662 impediat

1019 665 1216 689 matrimonium

989 701 1084 729 Qufest.
1099 701 1122 723 2.
1142 701 1180 723 An
1198 699 1309 723 defectus
1329 700 1409 724 aetatis
1428 700 1548 731 impediat
1562 703 1680 725 contrac-

1010 735 1115 763 ,tionem
1129 734 1294 766 sponsalium.

989 771 1084 799 Quaest.
1101 771 1122 794 3.
1147 772 1183 793 An
1205 770 1331 800 sponsalia
1349 772 1477 794 contracta
1499 772 1555 800 post
1579 773 1679 801 septen-

1019 806 1089 829 nium
1100 805 1197 835 possint
1211 805 1313 828 dissolvi
1328 812 1373 835 per
1387 807 1503 829 mutuum
1518 812 1679 830 consensum.

990 841 1061 864 Disr.
1077 846 1176 863 xxxvu.

990 875 1118 906 Expositio
1139 877 1230 899 textus.

991 912 1051 935 ΛΒΤ.
1069 916 1085 933 1.
1101 911 1195 939 Quaest.
1214 913 1234 934 1.
1248 911 1287 934 An
1301 910 1413 934 minores
1427 910 1529 934 ordines
1543 911 1682 941 impediant

1018 945 1218 969 matrimonium.

989 983 1075 1009 Quaest
1100 982 1122 1004 2.
1143 981 1233 1005 Utrum
1247 986 1318 1004 sacer
1333 980 1395 1004 ordo
1414 980 1534 1011 impediat
1548 981 1678 1005 matrimo-

1019 1022 1098 1039 nium.

989 1051 1082 1079 Quaest.
1097 1051 1120 1074 3.
1137 1051 1225 1074 Utrum
1239 1050 1350 1074 Ecclesia
1361 1051 1479 1075 debuerit
1493 1051 1639 1081 instituere,
1654 1054 1681 1075 ut

1019 1093 1090 1109 sacer
1104 1086 1166 1109 rodo
1180 1086 1313 1116 impediret
1327 1086 1525 1110 matrimonium.

989 1122 1049 1145 Aur.
1075 1127 1102 1144 11.
1131 1121 1225 1149 Quaest.
1250 1123 1272 1143 1.
1300 1121 1389 1144 Utrum
1414 1127 1521 1144 uxorem
1541 1120 1680 1144 adulteram

1019 1156 1135 1179 occidere
1151 1156 1191 1186 sit,
1207 1155 1310 1179 licitum.

989 1192 1084 1220 Quaest.
1099 1192 1122 1214 2.
1138 1191 1227 1215 Utrum
1245 1191 1361 1214 occidere
1381 1197 1486 1214 uxorem
1506 1191 1606 1221 gravius
1620 1197 1680 1221 pec-

1019 1228 1102 1250 catum
1113 1226 1153 1255 sit,
1169 1232 1245 1256 quam
1257 1227 1375 1250 matrem.

988 1263 1082 1291 Qucest.
1105 1263 1128 1285 3.
1154 1262 1242 1285 Utrum
1264 1261 1432 1285 uxorieidium
1452 1261 1572 1291 impediat
1594 1261 1680 1285 matri—

1019 1297 1144 1321 monium.

990 1334 1059 1356 Dlsr.
1077 1337 1187 1356 xxxvrtl.

990 1367 1119 1398 Expositio
1136 1368 1230 1391 textus.

990 1404 1051 1427 Aur.
1064 1408 1082 1425 1.
1102 1403 1194 1430 Quaest.
1211 1404 1233 1425 1.
1248 1403 1286 1426 An
1302 1401 1415 1425 diffinitio
1430 1401 1545 1432 Bugonis
1557 1401 1588 1425 sit
1605 1401 1680 1425 bona.

989 1438 1082 1466 Quaest.
1098 1439 1120 1460 2.
1135 1438 1172 1460 An
1187 1437 1240 1461 voti
1254 1437 1359 1461 materia
1374 1437 1406 1460 sit
1420 1436 1574 1460 indifferens.

990 1474 1083 1502 Quaest.
1102 1474 1125 1496 3.
1141 1473 1179 1496 An
1191 1473 1274 1496 omnis
1287 1473 1383 1496 liabens
1396 1478 1469 1496 usum
1487 1471 1590 1495 rationis
1604 1471 1682 1502 possit

1020 1507 1133 1531 emittere
1148 1510 1245 1532 votum.

989 1544 1051 1567 Aur.
1072 1549 1098 1566 11.
1111 1543 1208 1571 Quaest·
1223 1545 1245 1566 1.
1265 1543 1354 1566 Utrum
1367 1544 1455 1565 votum
1466 1541 1572 1572 simplex
1587 1541 1620 1565 sit
1632 1540 1683 1564 im-

1019 1578 1192 1608 pedimentum
1207 1578 1361 1607 rescindens,
1379 1577 1419 1601 vel
1434 1577 1634 1601 matrimonium.

989 1614 1083 1642 Quaest.
1101 1615 1123 1637 2.
1143 1614 1231 1637 Utrum
1243 1615 1331 1636 votum
1343 1612 1422 1643 possit
1435 1612 1595 1636 commutari.

989 1649 1082 1677 Quaest.
1096 1649 1118 1671 3.
1135 1649 1173 1671 An
1188 1655 1302 1671 summus·
1313 1648 1428 1678 pontifex
1445 1647 1523 1677 possit
1536 1647 1683 1677 dispensare

1021 1683 1046 1706 in
1061 1685 1131 1707 voto.

990 1719 1061 1741 Disr.
1080 1723 1171 1741 xxxix.

992 1753 1120 1783 Expositio
1139 1754 1230 1776 textus.

989 1789 1051 1812 ΛΒΤ.
1076 1793 1092 1811 1.
1117 1788 1209 1816 Quaest.
1234 1789 1255 1812 1.
1280 1787 1369 1811 Utrum
1395 1786 1583 1810 matrimonium
1604 1786 1683 1816 possit

1020 1822 1134 1846 contrahi
1147 1822 1212 1846 inter
1227 1822 1337 1852 fidelem,
1350 1823 1375 1845 et
1390 1821 1524 1845 infidelem.

990 1858 1084 1886 Queest.
1111 1859 1133 1881 2.
1157 1858 1247 1881 Utrum
1270 1859 1457 1880 sacramentum
1475 1856 1629 1880 matrimonii
1652 1856 1683 1880 sit

1020 1893 1085 1916 inter
1098 1892 1234 1923 infidelem,
1249 1894 1274 1916 et
1286 1892 1421 1916 infidelem.

989 1929 1083 1957 Quaest.
1099 1929 1121 1951 3.
1138 1929 1226 1951 Utrum
1244 1927 1433 1952 matrimonium
1454 1926 1591 1950 infidelium
1606 1933 1681 1950 excu-

1021 1966 1058 1987 set
1071 1963 1174 1993 coitum,
1191 1963 1243 1987 sive
1256 1962 1417 1994 conjugalem
1433 1964 1527 1991 actum,
1543 1963 1570 1986 ut
1582 1968 1635 1985 non
1651 1962 1683 1985 sit

1020 1999 1052 2023 ibi
1066 2001 1208 2030 peccatum.

990 2034 1082 2063 Quaest.
1101 2035 1123 2057 4.
1141 2035 1231 2058 Utrum
1246 2033 1435 2057 matrimonium
1451 2034 1509 2056 ante
1530 2032 1682 2062 baptismum

1020 2070 1098 2100 ponat
1112 2069 1138 2092 in
1153 2076 1287 2093 numerum
1302 2076 1358 2092 cum
1374 2067 1537 2092 matrimonio
1552 2069 1682 2091 contracto

1022 2106 1079 2135 post
1095 2104 1264 2135 baptismum,
1288 2104 1320 2127 ita
1339 2104 1407 2134 quod
1429 2103 1484 2127 talis
1499 2102 1627 2133 judicetur
1645 2102 1681 2126 hi-

1020 2146 1118 2170 gamus.

991 2176 1051 2198 Αητ.
1082 2181 1107 2198 11.
1138 2175 1230 2203 Quaest.
1257 2176 1278 2198 1.
1305 2175 1392 2198 Utrum
1404 2192 1411 2203 ,
1438 2173 1516 2197 altero
1544 2173 1681 2204 conjugum

1020 2210 1137 2233 veniente
1149 2210 1180 2233 ad
1192 2210 1267 2233 fidem
1279 2227 1284 2237 ,
1297 2210 1375 2233 altero
1391 2209 1536 2232 remanente
1551 2208 1576 2231 in
1592 2208 1680 2231 infide-

1019 2245 1097 2275 litate,
1110 2245 1222 2269 solvatur
1236 2245 1425 2268 matrimonium
1442 2245 1564 2275 quantum
1577 2244 1607 2267 ad
1621 2243 1681 2267 fide-

1021 2280 1080 2303 lem.

990 2316 1083 2343 Quaist.
1102 2317 1124 2338 2.
1147 2316 1234 2339 Utrum
1258 2314 1446 2338 matrimonium
1465 2313 1577 2337 solvatur
1600 2313 1681 2344 quoad

1022 2350 1159 2374 infidelem.

991 2386 1084 2414 Quaest.
1103 2387 1123 2408 3.
1142 2386 1230 2409 Utrum
1245 2384 1434 2409 matrimonium
1447 2383 1572 2413 solvatur,
1585 2383 1606 2406 si
1620 2383 1682 2406 alter

1022 2420 1158 2451 conjugum
1177 2420 1219 2443 {iat
1239 2419 1359 2450 infidelis,
1374 2419 1436 2443 alter
1453 2426 1512 2443 vero
1530 2418 1609 2442 fidelis
1624 2425 1680 2448 per-

1022 2457 1132 2479 maneat.

991 2492 1085 2520 Quies-t.
1109 2493 1131 2514 4.
1153 2491 1241 2515 Utrum
1261 2490 1286 2514 in
1309 2489 1452 2514 infidelibus
1471 2488 1628 2513 venientibus
1649 2488 1681 2511 ad

1021 2525 1097 2549 fidem
1113 2525 1224 2549 solvatur
1235 2525 1424 2549 matrimonium
1441 2526 1544 2555 propter
1558 2529 1679 2553 persona-

1022 2568 1078 2585 rum
1089 2560 1302 2592 illegitimitatem.

993 2597 1063 2621 Disr.
1081 2602 1122 2620 Χῖ..

993 2631 1121 2662 Expositio
1133 2632 1224 2655 textus.

993 2668 1055 2692 An.
1074 2673 1089 2691 1.

1698 218 1753 248 661

1710 319 1755 341 345

1711 353 1757 377 347

1712 388 1756 412 348

1712 443 1756 481 3ἐο

1711 528 1753 551 351

1711 598 1754 622 353

1710 668 1755 690 354

1709 738 1722 760 3
1729 738 1756 761 55

1713 808 1757 831 356

1712 842 1757 865 358

1713 877 1758 900 359

1711 947 1756 970 360

1710 1017 1755 1040 362

1713 1087 1756 1110 363

1713 1157 1757 1180 365

1711 1228 1755 1251 367

1713 1297 1757 1320 368

1713 1331 1758 1354 370

1714 1366 1758 1389 372

1715 1401 1759 1424 377

1714 1436 1759 1459 379

1715 1507 1756 1529 381

1713 1577 1760 1599 382

1715 1611 1759 1634 384

1713 1681 1759 1704 386

1714 1717 1758 1740 389

1715 1751 1760 1775 392

1714 1822 1758 1845 395

1715 1892 1758 1915 396

1715 1998 1758 2021 398

1715 2138 1758 2162 400

1712 2279 1754 2302 401

1713 2348 1757 2370 403

1715 2453 1757 2478 404

1712 2558 1756 2581 405

1712 2593 1756 2616 406

1711 2628 1755 2651 407

1713 2662 1757 2687 4⁰9
