1991 3006
814 206 999 238 DISTINCT.
1022 206 1113 238 XXV.
1702 209 1759 239 185

174 277 257 309 tium
273 275 501 309 administrant
515 301 523 315 ,
540 279 571 307 et
585 274 686 307 altare
702 278 845 318 ponunt,
863 285 938 306 cum
954 285 1012 306 nec
1031 274 1205 306 sacrificari
1222 275 1343 307 oblatio
1363 275 1431 307 11110
1446 276 1544 320 possit
1558 302 1564 316 ,
1583 276 1639 308 ubi
1655 275 1758 320 Spiri-

176 338 228 367 tus
242 338 371 367 sanctus
386 343 452 366 non
475 332 613 371 511;1101-,
638 331 789 376 cuiquam
818 332 978 364 Dominus
1004 343 1060 376 per
1084 331 1154 376 ejus
1178 343 1286 376 preces
1313 337 1344 364 et
1367 333 1527 365 orationes
1555 333 1673 376 prosit,
1702 333 1758 377 qui

175 391 351 424 Dominum
376 390 482 434 ipsum
507 389 655 422 violavit.
686 389 908 433 Hieronymus
930 400 1062 433 quoque
1078 389 1190 422 asserit
1207 390 1213 406 ¹
1229 389 1339 422 omnia
1353 402 1425 434 quae
1440 391 1624 423 offeruntur
1639 391 1679 423 ab
1694 390 1760 422 113)-

175 448 280 482 retieis
294 447 512 481 contaminata
527 458 593 479 esse
610 447 643 480 in
667 451 839 491 conspectu
861 447 991 479 Domini
1010 460 1016 478 :
1033 447 1111 491 quia
1132 447 1205 479 licet
1230 451 1339 479 sancta
1359 448 1531 481 videantur
1558 448 1662 492 specie
1685 449 1756 487 5111,

176 510 282 538 13111011
298 505 376 549 quia
390 508 536 537 contacta
558 509 635 536 sunt
653 505 692 537 ab
714 505 771 537 illo
784 531 791 545 ,
809 504 866 548 qui
882 504 1028 548 pollutus
1050 508 1095 536 est
1110 530 1117 545 ,
1136 504 1332 548 polluuntur
1357 505 1478 538 omnia.
1497 506 1585 538 Idem
1599 508 1627 538 ²:
1649 519 1665 537 «
1682 505 1757 538 Odit

176 563 261 595 Deus
276 562 433 595 sacrificia
449 563 678 594 haereticorum
691 588 699 604 ,
716 566 748 594 et
762 573 780 594 a
794 573 827 594 se
840 562 969 606 projicit
987 574 993 594 :
1011 566 1041 594 et
1063 562 1190 606 quoties
1205 562 1239 594 in
1256 562 1388 594 nomine
1403 563 1472 606 ejus
1488 564 1673 606 congregati
1689 564 1758 596 fue-

175 620 239 652 rint
254 646 261 661 ,
279 620 456 653 detestatur
476 620 623 653 foetorem
638 631 751 652 eorum
764 646 771 660 ,
788 624 818 652 et
833 620 956 652 claudit
975 631 1068 652 nares
1086 632 1172 652 suas.
1188 633 1203 650 »
1222 620 1311 652 Idem
1327 625 1336 640 ³
1355 633 1361 652 :
1382 633 1397 651 (1
1413 621 1465 652 1111
1481 621 1624 653 offerunt
1640 633 1754 665 panem

174 678 387 721 sacrilegum,
408 691 423 708 1)
439 682 497 710 etc.
526 678 588 711 Leo
610 678 708 710 etiam
733 682 869 710 testatur
885 682 895 697 '⁴
909 681 1001 710 extra
1024 677 1199 710 Ecclesiam
1224 689 1281 710 nec
1304 681 1373 709 rata
1388 689 1454 709 esse
1477 678 1653 710 sacerdotia
1667 705 1674 719 ,
1699 690 1755 710 nec

174 747 250 768 vera
265 747 331 768 esse
346 736 514 768 sacrificia.
532 736 620 768 Idem
639 736 735 768 etiam
752 735 829 767 dicit
871 748 876 766 :
902 748 917 765 «
933 735 995 767 Per
1021 735 1278 767 crudelissimam
1301 735 1463 767 vesaniam
1487 735 1520 767 in
1537 735 1759 768 Alexandrina

173 793 246 826 sede
262 793 410 826 omnium
425 797 700 826 sacramentorum
727 793 838 825 lumen
859 793 1053 825 extinctum.
1072 794 1251 837 Intercepta
1265 797 1311 825 est
1327 793 1473 825 sacrificii
1497 793 1630 835 oblatio,
1647 793 1763 825 defecit

174 850 356 883 chrismatis
386 851 596 883 sanctificatio
611 877 618 891 ,
645 855 675 883 et
704 851 955 894 parricidalibus
984 851 1136 883 manibus
1166 851 1343 894 impiorum
1374 851 1484 883 onmia
1512 862 1544 882 se
1571 851 1759 883 subtraxeror

176 908 339 952 mysteria.
366 922 381 939 »
407 908 466 940 His
490 908 629 952 aliisque
656 908 849 941 testimoniis
875 908 976 940 astrui
1007 908 1138 940 videtur
1163 912 1363 940 sacramenta
1385 908 1595 941 ecclesiastica
1614 935 1621 946 ‚
1646 910 1759 952 praeci-

176 977 240 1010 pue
264 965 407 1009 corporis
429 970 460 998 et
483 966 652 1008 sanguinis
671 992 679 1005 ,
705 966 920 998 ordinationis
944 970 974 998 et
1000 966 1277 1005 confirmationis,
1308 977 1362 1009 per
1386 966 1552 999 haereticos
1577 977 1642 999 non
1670 977 1760 1010 pos—e

178 1022 367 1055 ministrari.

219 1081 338 1114 Contra
353 1085 461 1114 autem
479 1081 536 1114 alii
551 1081 671 1114 sentire
687 1081 841 1114 videntur
855 1108 862 1122 ,
880 1082 968 1126 quod
986 1082 1026 1114 ab
1041 1082 1201 1114 haereticis
1217 1082 1313 1113 etiam
1333 1081 1472 1125 praecisis
1486 1107 1493 1121 ,
1510 1081 1591 1113 sacri
1614 1081 1742 1113 ordines
1756 1107 1762 1121 ‚

178 1138 261 1171 sicut
274 1143 305 1171 et
317 1138 513 1182 baptismus,
531 1139 614 1171 tradi
631 1139 759 1172 valeant
779 1152 784 1171 :
804 1151 861 1172 nec
885 1140 925 1172 ab
951 1139 1109 1173 haereticis
1136 1139 1308 1172 redeuntes
1325 1165 1333 1180 ,
1356 1139 1413 1183 qui
1435 1139 1502 1171 11110
1524 1139 1664 1171 ordinati
1690 1144 1765 1171 sunt

175 1201 206 1228 et
225 1196 402 1240 baptizati,
420 1197 538 1229 iterum
565 1197 741 1230 ordinandi
762 1202 861 1238 sunt,
879 1197 961 1230 sicut
986 1209 1044 1230 nec
1068 1197 1267 1241 baptizandi.
1288 1197 1381 1229 Unde
1406 1197 1613 1240 Augustinus
1628 1201 1658 1229 6;
1681 1211 1694 1227 «
1720 1197 1765 1228 De

176 1254 333 1287 haereticis
355 1254 453 1287 etiam
477 1255 638 1287 damnatis
661 1255 749 1299 quod
773 1255 907 1298 quidam
929 1255 1043 1287 dicunt
1063 1269 1069 1288 :
1091 1269 1106 1286 «
1124 1255 1289 1299 Baptisma
1305 1255 1391 1299 quod
1417 1255 1537 1299 accepit
1561 1266 1625 1287 non
1648 1255 1766 1287 amittit

177 1311 234 1356 qui
260 1311 379 1344 recedit
402 1312 442 1344 ab
470 1312 631 1353 Ecclesia3
656 1312 711 1355 jus
734 1312 832 1345 dandi
857 1313 945 1356 quod
972 1312 1112 1356 accepit,
1141 1312 1260 1345 amittit
1285 1325 1291 1344 :
1320 1326 1335 1342 1)
1364 1312 1476 1344 multis
1508 1312 1611 1344 modis
1636 1316 1768 1356 apparot

178 1369 320 1402 inaniter
342 1369 416 1402 dici.
434 1369 558 1410 Primo,
575 1370 652 1414 quia
670 1369 763 1402 nulla
779 1370 962 1402 ostenditur
987 1381 1101 1412 031153,
1119 1381 1177 1402 0111
1200 1370 1255 1402 ille
1272 1370 1330 1414 qui
1345 1370 1428 1402 illud
1446 1370 1606 1413 baptisma
1620 1370 1768 1402 amittere

181 1438 246 1460 non
261 1431 385 1471 potest,
398 1427 453 1471 jus
474 1427 573 1459 dandi
594 1427 693 1471 possit
718 1427 865 1459 amittere
885 1441 890 1460 :
910 1431 1089 1472 utrumque
1113 1428 1203 1460 enim
1227 1432 1465 1460 sacramentum
1481 1432 1547 1468 est,
1573 1432 1604 1460 et
1626 1428 1768 1471 quadam

181 1484 420 1517 consecratione
437 1488 616 1528 utrumque
631 1484 756 1516 1101111111
772 1485 870 1517 datur
886 1497 892 1516 :
910 1485 1007 1525 illud,
1021 1496 1097 1517 cum
1115 1486 1318 1529 baptizatum
1332 1489 1363 1518 et
1376 1485 1475 1526 istud,
1493 1497 1566 1517 011111
1582 1485 1764 1518 ordinatur.

179 1543 254 1575 Ideo
281 1554 347 1575 non
370 1542 444 1574 licet
467 1543 501 1574 in
525 1542 682 1574 catholica
706 1542 848 1574 Ecclesia
871 1546 1049 1586 utrumque
1071 1543 1193 1575 iterari.
1221 1543 1305 1575 Nam
1330 1544 1356 1575 si
1377 1543 1509 1587 qnando
1534 1555 1573 1575 ex
1595 1544 1663 1587 ipsa
1678 1547 1768 1587 parte

177 1601 344 1633 venientes
358 1600 456 1633 etiam
473 1600 638 1644 praepositi
651 1625 659 1641 ,
679 1610 735 1643 pro
752 1600 836 1632 bono
860 1600 946 1643 pacis
968 1605 1110 1633 correcto
1134 1601 1315 1633 schismatis
1331 1612 1439 1633 errore
1458 1601 1596 1645 suscepti
1620 1605 1716 1642 sunt3
1734 1605 1765 1633 et

177 1658 204 1690 si
220 1658 326 1690 visum
341 1661 388 1690 est
402 1669 484 1702 opus
498 1668 564 1689 esse
580 1662 615 1689 ut
636 1657 747 1690 eadem
772 1657 879 1690 officia
903 1663 1053 1700 gererent
1076 1669 1150 1702 quae
1173 1658 1333 1701 agebant,
1356 1669 1422 1691 non
1445 1662 1522 1691 sunt
1545 1670 1659 1691 rursus
1682 1658 1769 1691 ordi-

178 1716 289 1749 nandi.
317 1715 380 1748 Sed
405 1715 486 1748 sicut
512 1715 691 1759 baptismus
714 1715 745 1747 in
768 1715 835 1757 eis,
861 1716 906 1748 ita
930 1716 1048 1749 mansit
1074 1716 1236 1749 ordinatio
1260 1716 1387 1759 integra
1403 1728 1409 1748 :
1427 1716 1505 1760 quia
1521 1716 1554 1748 in
1579 1716 1769 1760 praecisione

178 1774 284 1806 fuerat
301 1773 436 1814 vitium,
454 1773 541 1817 quod
557 1773 591 1805 in
614 1773 737 1805 unitate
760 1773 845 1817 pacis
868 1778 915 1806 est
930 1778 1109 1807 correctum
1124 1801 1131 1814 ,
1148 1786 1214 1807 non
1231 1775 1264 1807 in
1280 1775 1489 1806 sacramentis
1503 1801 1510 1815 ,
1528 1785 1601 1818 quae
1620 1774 1769 1806 ubicum-

178 1843 241 1876 que
256 1835 334 1864 sunt
347 1857 354 1871 ,
375 1831 442 1875 ipsa
466 1842 543 1863 vera
565 1834 652 1863 sunt.
672 1831 711 1863 Et
735 1842 808 1863 cum
834 1831 895 1876 ipsi
919 1832 1070 1876 expedire
1086 1832 1216 1864 videtur
1236 1832 1402 1874 Ecclesiae,
1420 1836 1456 1864 ut
1474 1832 1639 1876 praepositi
1655 1843 1768 1865 eorum

179 1889 345 1922 venientes
356 1889 395 1921 ad
410 1888 603 1921 catholicam
620 1889 804 1921 societatem
821 1915 828 1930 ,
846 1889 985 1921 honores
1009 1900 1083 1921 suos
1103 1889 1148 1921 ibi
1164 1901 1229 1922 non
1254 1890 1500 1930 administrent,
1518 1901 1584 1922 uon
1600 1889 1645 1922 eis
1661 1894 1768 1922 tamen

178 1946 247 1990 ipsa
258 1946 473 1978 ordinationis
485 1950 687 1978 sacramenta
705 1946 937 1987 detrahuntur,
953 1946 1007 1979 sed
1024 1958 1121 1991 snper
1129 1958 1182 1979 eos
1198 1950 1341 1979 manent.
1356 1947 1496 1991 Ideoque
1510 1958 1575 1979 non
1591 1947 1637 1979 eis
1654 1958 1770 1979 manus

179 2003 371 2048 imponitur,
390 2015 429 2035 ne
445 2015 510 2036 non
525 2003 662 2043 homini,
677 2003 731 2035 sed
751 2004 813 2048 ipsi
825 2008 1026 2037 sacramento
1041 2004 1097 2037 fiat
1115 2005 1250 2049 injuria.
1265 2004 1356 2036 Sicut
1373 2009 1482 2037 autem
1498 2004 1531 2036 in
1548 2005 1709 2048 baptismo
1724 2009 1770 2037 est

175 2061 242 2105 jus,
254 2061 341 2105 quod
353 2072 409 2105 per
424 2072 477 2093 eos
491 2061 559 2093 dari
572 2061 682 2105 possit,
694 2061 780 2093 sicin
792 2062 996 2094 ordinatione
1006 2062 1061 2106 jus
1075 2062 1174 2094 dandi
1187 2066 1232 2094 est
1247 2074 1253 2094 ε
1274 2066 1453 2106 utrumque
1467 2062 1599 2105 quidem
1613 2062 1651 2095 ad
1663 2062 1770 2106 perui-

177 2118 258 2151 ciem
273 2130 378 2151 suam.
397 2118 460 2151 Sed
471 2118 560 2151 aliud
577 2123 623 2151 est
638 2130 702 2151 non
716 2119 844 2157 habere,
859 2119 949 2152 aliud
961 2120 1138 2163 perniciose
1154 2120 1286 2160 habere,
1304 2120 1394 2152 aliud
1409 2120 1589 2152 salubriter
1605 2120 1736 2153 habere.
1750 2134 1765 2149 n

178 2176 283 2208 Idem⁷
298 2187 304 2207 :
322 2189 337 2207 «
353 2176 398 2208 De
414 2175 480 2217 his,
497 2175 554 2220 qni
573 2176 612 2208 ab
630 2176 775 2209 Ecclesiae
792 2177 916 2209 unitate
932 2177 1070 2221 separati
1086 2181 1174 2217 sunt,
1191 2177 1284 2209 nulla
1300 2178 1369 2220 jam
1386 2178 1522 2221 quaestio
1538 2181 1596 2218 est,
1615 2177 1695 2221 quin
1712 2177 1768 2209 ha-

178 2233 274 2266 beant
284 2237 315 2266 01
331 2233 407 2266 dare
419 2234 559 2277 possint:
573 2234 626 2265 sed
638 2234 815 2278 perniciose
825 2234 958 2273 habent,
973 2234 1218 2278 pernicioseque
1226 2234 1315 2274 dant,
1330 2234 1387 2278 qui
1398 2239 1489 2267 extra
1502 2235 1672 2267 vinculum
1683 2235 1769 2279 pacis

178 2295 263 2323 sunt.
282 2291 397 2323 Neutri
415 2295 615 2323 sacramento
629 2292 776 2324 facienda
799 2296 846 2323 est
863 2292 995 2336 injuria.
1015 2292 1106 2324 Sicut
1121 2303 1187 2324 non
1205 2297 1288 2324 recte
1305 2292 1401 2324 habet
1416 2292 1473 2336 qui
1489 2292 1529 2323 ab
1547 2292 1669 2324 unitate
1686 2304 1770 2324 rece-

179 2348 241 2390 dit,
258 2349 313 2381 sed
338 2353 444 2381 tamen
470 2349 565 2381 habet
580 2375 586 2389 ,
604 2354 634 2381 et
658 2349 729 2381 ideo
755 2350 903 2382 redeunti
928 2361 994 2382 non
1021 2350 1168 2382 redditur
1183 2363 1190 2391 3
1207 2349 1252 2381 510
1266 2349 1364 2381 etiam
1380 2361 1445 2382 non
1462 2354 1545 2382 recte
1560 2350 1615 2382 dat
1631 2376 1638 2391 ,
1656 2350 1713 2394 qui
1729 2350 1768 2382 ab

179 2406 302 2439 unitate
328 2406 468 2447 recedit,
495 2411 525 2439 et
550 2411 659 2439 tamen
679 2406 757 2439 dat:
777 2411 807 2439 et
830 2407 902 2439 ideo
929 2407 988 2451 qui
1013 2407 1054 2439 ab
1077 2419 1114 2439 eo
1140 2407 1272 2451 accipit,
1293 2407 1437 2439 venienti
1462 2407 1501 2439 ad
1525 2407 1684 2440 unitatem
1704 2418 1769 2438 non

179 2464 325 2497 iteratur.
345 2477 361 2494 n
378 2464 468 2497 Idem
485 2468 520 2495 ⁸:
545 2464 677 2497 «Aliud
704 2469 751 2497 est
775 2476 840 2497 non
865 2465 983 2497 habere
1007 2465 1154 2509 aliquid,
1181 2464 1271 2497 aliud
1294 2469 1340 2497 est
1364 2476 1429 2497 non
1452 2465 1527 2509 jure
1552 2465 1669 2497 habere
1684 2490 1692 2505 ,
1719 2464 1769 2496 vel

213 2541 217 2553 ¹
233 2540 346 2569 merom,
362 2541 387 2563 in
402 2540 475 2571 Ayy„
494 2546 521 2569 11,
540 2541 577 2569 12,
593 2542 617 2564 et
630 2540 736 2564 hahetur
754 2541 808 2565 (list.
825 2548 861 2570 x1,
877 2549 901 2571 q.
919 2547 937 2570 1,
951 2548 973 2564 0.
990 2540 1104 2571 Populus.
1117 2553 1147 2557 —
1162 2541 1170 2554 ²
1184 2541 1262 2571 Idem,
1278 2541 1302 2563 iu
1315 2540 1408 2570 Amos„
1425 2546 1449 2568 v,
1465 2542 1503 2569 21,
1520 2542 1544 2563 01
1557 2540 1663 2563 habetur
1678 2539 1733 2563 dist.
1752 2545 1770 2568 1,

180 2582 204 2606 q,
220 2580 236 2604 ι,
248 2583 270 2597 c.
282 2575 394 2599 Odi.—³
408 2576 491 2605 Idem,
512 2575 536 2599 in
548 2576 612 2603 Ose„
626 2581 686 2603 vm,
705 2578 740 2603 13,
759 2578 783 2599 01
802 2576 910 2600 habetur
925 2576 983 2599 dist.
1001 2582 1021 2605 1,
1042 2583 1067 2606 q.
1087 2582 1108 2607 1,
1124 2583 1145 2600 0.
1167 2575 1218 2599 Illi.
1234 2589 1259 2592 —
1281 2575 1291 2591 b
1310 2576 1369 2599 Leo.
1388 2576 1445 2605 1¹1³„
1462 2575 1496 2598 ad
1512 2574 1610 2598 Anatol.
1631 2575 1769 2603 Constant„

181 2611 261 2640 Epist.
276 2616 353 2634 xcvui
364 2630 369 2636 ,
385 2613 410 2634 et
429 2610 538 2634 habetur
553 2611 610 2634 dist.
628 2617 648 2641 1,
665 2618 689 2641 q.
709 2617 725 2640 1,
743 2619 764 2635 0.
781 2612 901 2635 Ecclesia.
913 2625 942 2629 —
955 2612 964 2628 ⁵
981 2611 1027 2641 111„
1042 2611 1075 2634 ad
1091 2611 1190 2635 Leonem
1208 2611 1281 2640 Azty.,
1301 2611 1380 2641 Epist.
1399 2617 1497 2640 Lxxiii,
1513 2612 1535 2633 el
1555 2610 1661 2632 habetur
1678 2609 1734 2632 dist.
1751 2615 1769 2640 1,

179 2653 202 2676 q.
216 2651 232 2672 1v
243 2652 264 2669 0.
277 2646 477 2674 Manifestum.—
488 2646 498 2662 ⁸
509 2649 580 2676 Aug„
591 2648 654 2669 cont.
672 2646 751 2676 Epist.
765 2647 889 2673 hermem,
905 2647 946 2669 111),
959 2647 975 2670 ΙΙ
986 2665 992 2676 ,
1007 2654 1027 2669 c.
1046 2652 1101 2677 xiii,
1113 2653 1138 2670 n.
1151 2648 1190 2675 28,
1202 2646 1342 2669 ethalmtur
1352 2645 1408 2669 «list.
1426 2652 1443 2673 1,
1457 2653 1481 2675 q.
1495 2651 1539 2673 ι,0.
1552 2644 1769 2674 ()ιιο(Ι[]αι’1111ηι.-

179 2681 188 2696 ⁷
202 2680 276 2710 lbicl,
290 2687 314 2703 n.
331 2682 368 2703 30.
386 2694 409 2697 a
427 2680 437 2697 Β
448 2680 521 2710 mal„
537 2687 581 2711 per
598 2683 688 2711 10111111,
701 2682 784 2712 quoad
797 2689 909 2705 sensum.

1792 1088 1804 1107 ,1
1811 1087 1886 1108 uctori-

1782 1121 1833 1139 11105
1848 1124 1884 1144 po-

1782 1153 1818 1175 nit,
1838 1155 1885 1175 quae

1783 1181 1879 1200 »alentur

1783 1211 1877 1237 fiammis-

1782 1249 1809 1262 sis
1817 1242 1886 1262 obvia-

1782 1280 1812 1293 ΓΡ.
