1991 3006
97 819 131 839 Ad
150 825 201 845 opp.

221 208 278 237 5¹4

220 274 313 304 criter
328 273 402 304 boni
416 284 423 310 ;
440 271 594 307 secundo,
613 273 723 302 utrum
743 271 897 302 defunctis
913 279 989 310 pro-

219 328 281 357 sint
296 325 450 365 suffragia
464 325 542 355 sacta
563 333 618 364 per
640 324 756 362 malos;
773 325 866 355 tertio
888 332 987 363 quan-

219 382 287 410 tum
310 379 433 419 prosint
450 378 626 417 suffragia:
649 380 680 408 et
701 387 774 408 curn
798 387 862 407 non
881 386 987 416 mqua-

218 433 289 463 liter
309 433 473 469 omnibus,
490 432 645 471 quaeritur
665 432 715 462 cui
736 432 858 470 magis:
883 433 938 460 aut
961 430 989 460 ci

218 486 273 525 qui
288 486 393 524 magis
407 485 541 522 meruit,
556 486 611 515 aut
626 484 654 515 ci
669 493 725 524 pro
740 493 802 523 quo
815 483 990 523 specialiter

217 538 309 569 fiunt.

481 634 674 673 QUESTIO
702 634 723 664 l.

229 722 269 747 An
282 720 416 755 suffragia
430 721 535 755 prosint
551 719 683 752 defunctis
697 718 861 745 mediocriter
876 717 948 744 bonis
960 723 978 743 ¹.

257 804 344 835 Circa
359 813 455 844 quam
477 804 520 834 sic
535 803 730 843 proceditur,
749 803 779 832 et
793 802 986 839 ostenditur,

216 858 301 898 quod
320 867 384 888 non
410 857 532 897 prosint
556 856 754 887 mediocriter
778 855 868 885 bonis
890 866 895 885 :
914 855 987 894 quia

216 911 322 950 magis
337 910 443 949 dignis
458 910 572 940 debent
587 908 732 939 Ecclesia}
751 908 904 947 suffragia
920 918 989 948 pro-

216 964 309 994 ficere
327 974 333 994 z
358 963 411 993 sed
427 971 490 993 non
511 965 643 1002 prosunt
663 961 772 998 bonis⁷
789 962 845 1001 qui
861 964 935 992 sunt
955 961 987 992 in

216 1018 361 1058 paradiso
382 1028 389 1048 ι
406 1026 502 1056 ergo,
520 1019 577 1047 etc.
602 1016 635 1047 Si
658 1019 693 1046 tu
712 1016 796 1046 dicas
820 1016 904 1055 quod
924 1024 987 1046 non

215 1070 379 1110 indigent,
397 1069 466 1100 ideo
491 1078 554 1099 non
581 1071 627 1099 est
651 1068 770 1106 simile;
795 1071 925 1098 contra:
952 1068 987 1099 ln

216 1124 282 1154 vita
296 1124 355 1154 ista
374 1125 551 1163 peccatores
573 1122 740 1161 indigent;
763 1124 793 1151 et
809 1123 914 1151 tamen
930 1130 987 1152 ne-

217 1184 301 1206 cesse
317 1179 364 1206 est
378 1175 460 1215 quod
476 1175 533 1215 ipsi
550 1174 664 1205 saciant
679 1174 908 1214 poenitentiam,
925 1183 987 1204 non

217 1228 270 1260 alii
286 1238 342 1268 pro
357 1229 443 1268 ipsis.

256 1283 286 1313 2.
311 1281 387 1312 ltem
403 1281 454 1311 ille
473 1281 529 1320 qui
544 1289 607 1311 non
623 1283 669 1311 est
687 1281 720 1310 in
735 1282 818 1310 statu
833 1279 986 1317 merendi,

217 1344 274 1366 nec
295 1344 362 1365 esse
383 1336 501 1374 potest,
518 1333 597 1363 nihil
620 1333 746 1373 prodest
763 1333 905 1363 alienum
921 1333 986 1363 suf-

216 1388 376 1428 fragium,
400 1387 480 1417 sicut
504 1388 588 1426 patet
616 1387 640 1416 si
673 1386 787 1426 aliquis
811 1386 851 1416 sit
873 1386 988 1416 stultus

214 1441 463 1472 irrevocabiliter
492 1451 498 1470 :
535 1439 588 1470 sed
622 1439 699 1469 tales
737 1442 811 1469 sunt
844 1439 961 1470 moitui
980 1448 986 1468 :

215 1504 312 1534 ergo,
333 1497 391 1525 etc.
419 1494 451 1524 Si
473 1495 508 1523 tu
533 1493 617 1523 dicas
638 1492 722 1532 quod
745 1493 834 1532 prius
861 1502 986 1523 merue-

214 1551 300 1585 runt,
318 1550 353 1578 ut
369 1547 412 1577 eis
429 1546 612 1586 prodessent
627 1546 658 1575 in
675 1547 756 1575 statu
773 1545 844 1583 illo·,
862 1548 985 1576 contra:

257 1604 285 1632 3.
296 1600 524 1639 Quodcumque
534 1601 733 1635 meruerunt,
747 1607 872 1628 necesse
882 1601 927 1628 est
935 1607 988 1628 eos

215 1655 385 1691 meruisse,
403 1655 433 1683 et
448 1652 532 1692 quod
547 1661 673 1682 necesse
687 1653 734 1681 est
750 1660 803 1681 eos
823 1651 986 1687 meruisse,

214 1716 340 1738 necesse
361 1709 408 1737 est
430 1705 650 1736 remunerari:
673 1713 752 1742 ergo
771 1704 797 1733 si
822 1713 987 1743 nunquam

215 1761 293 1791 fiant
306 1759 474 1798 suffragia,
492 1767 555 1788 non
576 1757 867 1788 remunerabuntur
886 1768 892 1787 ι
910 1766 988 1796 ergo

217 1814 298 1844 nihil
314 1814 358 1843 eis
374 1814 518 1852 prosunt.

258 1868 287 1897 ίι.
311 1866 389 1896 Item
406 1874 498 1905 poena
513 1863 698 1903 purgatoria
716 1866 921 1893 mensuratur
939 1873 986 1894 sc-

219 1919 359 1950 cundum
375 1918 582 1958 quantitatem
602 1916 778 1946 crcniabilis
794 1927 800 1946 z
818 1925 897 1955 ergo
913 1925 987 1947 cum

219 1971 372 2011 suffragia
396 1980 460 2002 non
482 1970 630 2000 minuant
652 1969 690 1999 de
710 1969 820 2008 culpa,
838 1979 915 2007 ergo
931 1978 988 2000 nec

219 2025 256 2056 de
267 2034 369 2065 poena.
384 2024 472 2061 Quod
483 2033 546 2054 non
557 2023 704 2053 minuant
716 2022 753 2052 de
768 2022 869 2061 culpa,
887 2026 985 2062 patct;

219 2079 294 2118 quia
307 2078 391 2109 solus
407 2078 487 2108 Deus
506 2076 600 2106 habet
619 2075 766 2105 effectum
785 2075 817 2104 in
835 2075 985 2106 animam.

220 2132 252 2162 Si
267 2134 301 2162 tu
314 2131 398 2162 dicas
410 2129 494 2170 quod
507 2129 625 2159 habent
639 2127 786 2158 effectum
800 2128 832 2157 in
848 2127 987 2158 animam

220 2193 275 2224 per
294 2184 424 2214 modum
447 2181 569 2219 meriti,
591 2183 621 2211 et
640 2181 719 2211 Deus
739 2180 851 2210 merita
870 2181 988 2211 suffra-

219 2237 346 2276 giorum
367 2235 502 2272 minuit3
523 2236 633 2264 contra
658 2244 664 2263 ;
691 2233 754 2263 Etsi
786 2233 866 2263 Deus
887 2234 986 2264 deleat

219 2290 320 2329 culpae
336 2289 492 2319 maculam
508 2297 563 2326 per
578 2296 609 2316 se
620 2310 627 2322 ,
643 2289 750 2315 tamen
767 2289 890 2316 reatum
906 2287 987 2317 delet

218 2352 274 2383 per
296 2351 441 2382 poenam:
459 2341 512 2371 sed
527 2341 648 2370 constat
669 2339 753 2378 quod
777 2339 809 2368 in
824 2339 869 2368 eis
885 2349 983 2378 quan-

217 2398 286 2427 tum
302 2395 341 2426 ad
356 2397 478 2425 reatum
495 2395 616 2432 oportet
631 2392 725 2422 dclvri
741 2392 865 2431 culpam
886 2402 892 2422 :
908 2402 986 2431 crgo

217 2458 273 2488 per
296 2456 423 2488 poenam
446 2446 664 2486 purgatoriam
683 2456 688 2475 :
715 2445 767 2474 scd
789 2445 848 2474 hoc
871 2445 985 2475 nihilo-

216 2503 323 2532 minus
338 2501 453 2531 faceret
467 2500 536 2529 sine
551 2498 712 2536 suffragiis
726 2507 733 2527 ι
751 2507 839 2536 ergo,
858 2501 915 2528 etc.

248 2565 252 2578 ¹
269 2564 308 2594 Cf.
324 2566 350 2588 S.
365 2563 466 2591 Thom„
484 2561 508 2584 in
523 2560 651 2591 S‹1[›s1l.1›.
669 2560 714 2588 ΙΙΙ,
734 2567 759 2590 q,
778 2566 852 2588 ωλι,
869 2562 914 2584 art.
943 2562 984 2591 ¹03

215 2599 344 2629 nieliara„
363 2599 392 2623 lV
411 2599 489 2625 Sunt„
502 2596 559 2620 dist.
576 2601 633 2624 XLV,
649 2598 695 2619 art.
717 2598 744 2625 2;
760 2595 850 2618 ilioni.
869 2598 984 2626 Argunt„

217 2636 247 2660 lV
275 2636 353 2664 Seni„
379 2634 436 2658 dist.
458 2638 518 2660 XLV,
539 2638 563 2662 q.
588 2637 610 2661 1,
637 2632 684 2654 urt.
710 2633 738 2659 53;
767 2630 853 2660 Steph.
883 2631 982 2659 undet,

215 2671 247 2696 lv
263 2671 340 2700 Seni„
357 2670 414 2694 dist.
428 2674 491 2697 nv,
503 2674 528 2697 q.
545 2672 582 2695 1v;
601 2667 665 2689 Petr.
684 2665 714 2689 de
729 2666 840 2694 Tarant..
857 2666 887 2689 lV
905 2666 983 2695 Sciit„

778 202 1083 235 SENTENTlARUM
1108 203 1140 233 Ll
1148 202 1179 233 B.
1206 202 1253 232 tv.

1088 272 1116 300 5.
1140 269 1216 300 [tem
1241 269 1300 299 hoc
1321 270 1497 301 ostenditur
1519 280 1574 311 per
1595 272 1815 306 deductionem

1046 323 1084 353 ad
1110 322 1322 362 impossibile,
1344 323 1496 362 quoniam
1520 324 1545 354 si
1568 325 1649 356 delet
1672 328 1814 366 partem,

1046 385 1123 413 ergo
1147 375 1293 415 possibile
1316 378 1362 406 est
1382 377 1465 416 quod
1490 379 1592 408 totum
1617 389 1624 408 ε
1651 380 1681 409 et
1703 379 1746 410 ita
1765 379 1817 410 ille

1046 429 1221 459 remanebit
1238 428 1426 468 impunituS.

1086 480 1145 511 Scd
1158 484 1266 511 contra
1279 492 1285 512 τ
1304 491 1360 521 per
1372 483 1590 513 auctoritatem
1606 492 1702 514 sacrae
1714 482 1818 524 Scrip—

1046 534 1147 564 turco²
1162 545 1167 564 z
1185 536 1210 566 S
1214 538 1307 566 ancta
1326 538 1356 566 et
1372 535 1510 567 salubris
1533 540 1577 567 esc
1596 538 1747 576 costilatz'o
1759 545 1818 577 pro

1046 586 1208 626 destinetis
1237 595 1390 626 exorare,
1420 591 1455 620 ut
1483 597 1503 620 α
1527 590 1666 629 peccatis
1689 589 1818 622 solvan-

1046 644 1098 672 τω·
1114 642 1166 680 (α).

1088 693 1163 723 ltem
1187 703 1243 732 per
1258 694 1492 733 Augustinum,
1510 695 1548 727 cle
1561 695 1645 726 Cura
1661 703 1718 734 pro
1736 702 1819 727 mor—

1045 747 1112 778 tuis
1127 747 1251 786 offenda
1269 747 1279 763 ³
1296 756 1303 777 :
1329 759 1344 775 «
1360 747 1515 778 Beneficia
1537 751 1567 779 et
1581 749 1733 779 sacrificia
1747 757 1819 789 quae

1046 800 1224 830 offeruntur
1239 809 1295 839 pro
1310 809 1375 830 non
1391 800 1481 831 valde
1496 801 1586 831 malis
1596 825 1604 839 ,
1620 803 1695 831 sunt
1709 801 1816 841 propi—

1046 853 1199 882 tiationes.
1218 864 1232 880 υ
1253 852 1349 891 Ergo,
1368 855 1426 883 etc.

1086 905 1163 936 ilem
1183 905 1242 936 hoc
1257 906 1433 936 ostenditur
1448 906 1634 937 auctoritate
1653 906 1817 945 Ecclesiae,

1045 960 1075 988 et
1096 968 1176 995 usu,
1204 968 1275 998 quae
1305 961 1373 990 orat
1401 968 1458 999 pro
1486 959 1659 990 defunctis:
1686 960 1712 990 si
1739 968 1820 998 ergo

1046 1010 1182 1042 Ecclesia
1196 1021 1262 1043 non
1276 1012 1431 1052 decipitur
1442 1036 1449 1049 ‚
1467 1014 1550 1052 patet
1564 1013 1649 1053 quod
1663 1012 1820 1053 suffragia

1046 1064 1165 1095 valent.

1088 1118 1162 1148 ltcm
1183 1118 1304 1148 ratione
1331 1118 1470 1156 videtur,
1488 1118 1563 1157 quia
1580 1126 1673 1158 poena
1696 1127 1818 1158 purga-

1045 1171 1124 1201 toria
1136 1173 1181 1201 cst
1196 1171 1424 1201 terminabilis:
1444 1180 1523 1209 crgo
1540 1173 1569 1201 et
1588 1171 1816 1203 diminuibilis:

1045 1224 1096 1254 sed
1115 1224 1139 1253 si
1164 1233 1221 1263 pro
1244 1233 1281 1254 eo
1304 1224 1359 1263 qui
1378 1226 1479 1263 potest
1498 1233 1637 1254 crescere
1661 1225 1695 1254 in
1716 1224 1819 1263 gratia

1044 1276 1099 1306 fiat
1110 1277 1222 1313 oratio,
1234 1276 1317 1306 valet
1330 1276 1369 1306 ad
1381 1276 1519 1315 gratiam
1530 1276 1817 1315 augmentandam:

1045 1337 1121 1367 ergo
1138 1329 1205 1368 pari
1221 1329 1355 1367 ratione,
1372 1329 1397 1358 si
1413 1329 1467 1359 siat
1483 1338 1540 1368 pro
1554 1338 1602 1366 eo,
1620 1330 1712 1369 cujus
1727 1338 1820 1369 poena

1044 1385 1145 1422 potest
1159 1383 1311 1420 diminui,
1335 1382 1417 1413 valet
1436 1382 1475 1413 ad
1490 1391 1616 1422 poenam
1635 1382 1819 1414 diminuen-

1044 1436 1131 1466 dam.

1086 1488 1182 1526 item,
1205 1489 1287 1519 sicut
1312 1497 1345 1518 se
1370 1488 1488 1518 habent
1509 1488 1666 1519 orationes
1687 1487 1818 1520 Sancto-

1044 1551 1119 1572 rum
1140 1544 1340 1572 mortuorum
1360 1541 1399 1571 ad
1419 1541 1530 1578 viv05,
1547 1541 1591 1571 sie
1614 1541 1763 1571 vivorum
1779 1541 1818 1572 ad

1045 1597 1186 1625 mortuos
1199 1606 1204 1625 :
1217 1595 1270 1625 sed
1285 1594 1389 1625 Sancti
1405 1594 1522 1624 mortui
1536 1594 1707 1633 impetrant
1722 1594 1818 1625 nobis

1043 1648 1137 1685 hona,
1158 1650 1188 1678 et
1211 1656 1268 1677 nos
1282 1647 1454 1686 adjuvant:
1481 1655 1558 1686 ergo
1583 1649 1613 1677 et
1636 1647 1703 1677 vivi
1729 1656 1818 1678 mor-

1044 1702 1126 1731 tuos.

1316 1769 1541 1802 CONCLUSIO.

1057 1848 1196 1882 Suffragia
1215 1847 1347 1879 defunctis
1365 1847 1532 1874 mediocriter
1553 1847 1628 1874 bonis
1644 1850 1755 1882 prosunt
1773 1848 1810 1876 ad

1176 1900 1263 1919 eorum
1278 1892 1437 1926 di'flnitatem
1453 1894 1476 1918 et
1491 1893 1679 1919 necessitatem.

1085 1968 1174 2008 Resp.
1201 1968 1240 1998 ad
1262 1977 1331 2007 arg.
1356 1967 1526 1998 Dicendum
1549 1967 1643 2007 quod,
1662 1967 1735 2007 quia
1758 1967 1816 1999 ‘in

1043 2022 1130 2053 omni
1144 2030 1233 2062 opere
1244 2022 1280 2061 (b)
1299 2022 1428 2053 Domini
1438 2023 1484 2051 est
1498 2020 1720 2052 misericordia
1730 2024 1758 2052 ec
1766 2029 1816 2052 ve-

1043 2075 1136 2110 ritas,
1146 2075 1208 2105 duo
1219 2077 1292 2104 sunt
1300 2084 1371 2114 quae
1382 2075 1500 2104 faciunt
1510 2074 1662 2113 suffragia
1669 2073 1814 2105 Ecclesiae

1044 2127 1159 2164 valere,
1175 2128 1291 2158 scilicet
1306 2128 1455 2166 dignitas,
1473 2130 1503 2158 et
1517 2127 1697 2157 necessitas.
1714 2126 1813 2157 Justi-

1044 2181 1086 2210 tia
1109 2181 1194 2211 euim
1217 2181 1391 2210 considerat
1416 2180 1607 2219 dignitatem
1632 2191 1638 2210 :
1669 2182 1700 2210 et
1722 2180 1812 2219 digni

1042 2236 1126 2271 sunt,
1142 2234 1196 2273 qui
1212 2234 1245 2263 in
1259 2234 1409 2264 charitate
1424 2234 1636 2270 decesserunt,
1651 2235 1682 2263 et
1695 2233 1734 2263 ab
1743 2233 1814 2263 aliis

1043 2287 1194 2316 membris
1234 2286 1380 2316 Ecclesiae
1417 2286 1563 2325 adjuvari
1601 2288 1786 2317 meruerunt
1803 2309 1812 2323 ,

1042 2341 1180 2370 maxime
1204 2340 1228 2369 si
1253 2340 1327 2379 ipsis
1357 2339 1434 2370 alios
1458 2339 1663 2379 adjuvarunt.
1689 2339 1813 2370 Miseri-

1041 2393 1147 2423 cordia
1162 2401 1239 2423 vero
1255 2392 1429 2422 considerat
1443 2392 1659 2422 necessilatem
1676 2402 1683 2421 :
1700 2394 1730 2422 et
1744 2392 1813 2423 haec

1041 2446 1169 2483 quiden]
1184 2454 1304 2484 magna
1317 2447 1361 2475 est
1378 2445 1409 2474 in
1424 2445 1473 2474 liis
1488 2445 1543 2484 qui
1558 2447 1630 2474 sunt
1646 2445 1677 2474 in
1693 2453 1812 2484 purga-

1042 2499 1132 2536 torio,
1149 2498 1223 2538 quia
1237 2499 1380 2537 graviter
1395 2498 1590 2538 puniuntur,
1608 2500 1639 2528 et
1653 2507 1685 2528 se
1696 2499 1812 2537 juvare

1040 2583 1096 2607 dist.
1112 2588 1171 2612 κω,
1187 2590 1211 2613 q.
1227 2588 1273 2606 vn.
1290 2596 1318 2599 —
1343 2583 1351 2598 2
1364 2583 1382 2606 ll
1402 2581 1525 2609 Machala.=
1547 2587 1597 2612 xil,
1614 2583 1652 2605 46.
1670 2594 1700 2599 ——
1713 2582 1723 2599 ³
1735 2584 1810 2614 Aug„

1041 2617 1178 2647 bachii-itt,
1193 2624 1216 2642 c.
1227 2624 1268 2648 cx,
1282 2625 1307 2641 n.
1324 2619 1361 2642 29.
1375 2630 1404 2634 —
1414 2617 1424 2633 Β
1436 2616 1502 2640 ΡειιΙ.
1519 2622 1590 2647 xxw,
1605 2618 1642 2641 10.

1072 2666 1104 2697 (a)
1119 2666 1188 2690 Edit.
1209 2666 1266 2690 Ven.
1283 2666 1429 2697 impunitus.
1443 2678 1468 2682 -
1482 2664 1515 2695 (b)
1528 2665 1602 2697 vulg.
1620 2665 1742 2690 tlm‘versoe
1753 2667 1809 2692 vioe.

1833 496 1936 516 Fundam.
