1991 3006
65 1010 95 1030 De
107 1006 171 1029 Exor-

63 1041 130 1062 cistis.

57 2042 88 2062 De
113 2042 166 2062 Aco-

58 2074 114 2100 lytis.

197 171 254 202 162
754 168 1057 200 SEN'FEN'mRUM
1083 168 1155 199 [ΑΒ.
1183 168 1230 198 tv.

195 236 380 281 prophetias
394 241 425 269 et
439 237 605 269 lectiones.
623 235 717 269 Unde
731 240 761 268 et
775 236 804 268 ei
819 235 951 267 vidente
967 235 1088 279 populo
1104 235 1222 268 traditu
1230 246 1244 266 r
1259 234 1299 267 ab
1312 234 1469 280 Episcopo
1483 235 1582 268 codex
1597 235 1786 269 divinarum

194 294 384 335 lectionum,
400 298 431 327 et
445 294 564 326 dicitur
579 295 586 310 ¹
602 308 609 327 :
631 307 647 325 11
662 294 790 338 Accipe,
809 298 840 325 ct
856 297 922 325 esto
939 292 1029 325 verbi
1044 293 1101 325 Dei
1113 293 1232 325 relator
1248 305 1254 324 :
1273 292 1457 333 habiturus,
1475 293 1501 324 si
1517 292 1658 326 fideliter
1672 293 1786 338 imple-

193 352 279 384 veris
295 352 455 394 officinm,
472 356 596 396 partem
610 363 684 384 eum
702 351 762 391 his,
783 351 838 395 qui
856 351 937 382 bene
958 351 1095 383 verbum
1110 350 1167 382 Dei
1186 350 1463 383 ministraverunt.
1483 364 1498 381 »
1514 354 1523 368 ²
1539 350 1628 389 «Qui
1643 350 1683 383 ad
1699 350 1787 384 hunc

192 410 330 452 gradum
347 410 551 454 provehitur,
567 410 750 442 litterarum
769 408 902 440 scientia
917 408 1011 440 debet
1031 419 1098 440 esse
1113 408 1302 448 instructus,
1322 411 1356 439 ut
1371 418 1483 440 sensus
1498 408 1675 440 verborum
1691 408 1787 441 intel-

192 468 284 511 ligat,
300 468 366 500 vim
386 472 578 500 accentuum
594 467 684 509 sciat,
703 467 851 499 distincte
869 466 972 507 legat3
991 478 1031 498 ne
1053 465 1242 498 confusione
1263 465 1456 509 prolationis
1476 465 1678 498 intellectum
1694 465 1787 498 audi-

193 525 316 558 toribus
336 525 473 558 auferat.
492 525 646 558 Attendat
670 524 747 568 qnid
764 523 956 564 indicative,
973 524 1053 568 quid
1077 523 1308 565 interrogative
1329 523 1370 554 sit
1390 522 1564 565 legendnm
1577 550 1585 564 ‚
1609 523 1664 556 ubi
1687 524 1728 556 sit
1751 523 1786 556 in

193 583 338 614 oratione
358 582 504 616 facienda
523 583 697 615 distinctio.
724 582 799 613 Hire
825 581 912 613 enim
933 581 1016 613 male
1039 585 1165 613 servata
1192 581 1393 613 intellectum
1415 581 1564 622 turbant,
1589 588 1620 614 et
1641 581 1722 614 alios
1745 581 1785 614 ad

192 640 293 672 risum
309 644 496 684 provocant.
514 640 658 672 Auribus
681 644 711 671 et
735 639 823 671 cordi
841 638 1009 670 consulere
1032 638 1126 671 debet
1149 650 1211 671 vox
1234 639 1372 671 lectoris.
1392 639 1460 670 lloc
1475 638 1620 671 officinm
1637 638 1786 683 implevit

190 697 358 738 Christus,
379 708 453 730 cum
472 698 506 730 in
525 697 630 730 medio
654 697 819 729 seniorum
847 696 969 728 librum
994 696 1083 728 Isaiae
1107 696 1275 740 aperiens,
1298 696 1446 729 distincte
1470 696 1511 729 ad
1534 695 1785 739 intelligendum

188 754 267 797 legit
282 758 292 774 ³
317 767 324 787 :
344 755 487 799 Spiritus
512 755 646 787 Domini
666 766 760 798 supet·
784 766 846 793 me,
873 758 931 785 ete.
950 754 995 785 Ex
1019 764 1084 798 quo
1105 753 1279 786 lectoribus
1301 753 1398 787 datur
1418 754 1572 795 intelligi,
1589 754 1668 798 quia
1681 753 1787 797 gratia

187 812 349 856 spirituali
364 813 485 845 clarere
500 812 617 844 debent
629 839 636 853 ,
654 811 711 856 qui
728 812 800 844 aliis
815 811 952 843 verbum
969 811 1026 843 Dei
1041 811 1253 843 annuntiant.
1276 811 1335 843 llic
1351 811 1430 843 ordo
1446 811 1584 844 formam
1603 816 1634 843 et
1654 811 1785 844 initium

187 881 206 902 a
229 870 393 914 prophetis
416 870 572 914 accepisse
598 869 747 909 videtur,
772 869 892 913 quibus
914 869 1033 901 dicitur
1050 873 1057 888 ⁸
1076 881 1081 900 :
1109 869 1248 909 Clmna,
1270 880 1310 901 ne
1332 879 1452 910 cesses,
1471 869 1565 912 quasi
1580 868 1658 902 tuba
1673 869 1785 902 exalta

187 939 295 960 vocem
315 934 420 960 tecam.

231 986 360 1018 Tertius
382 990 429 1018 est
452 986 530 1018 ordo
549 998 555 1017 τ
573 986 829 1018 Exorcistarum.
846 985 1021 1017 Exorcistae
1039 989 1161 1025 autem,
1180 996 1217 1017 ex
1242 995 1348 1027 graeco
1369 985 1404 1017 in
1422 985 1561 1017 latinum
1574 1010 1582 1025 ,
1600 984 1788 1028 adjurantes

187 1043 238 1075 vel
255 1043 459 1087 increpantes
477 1047 634 1076 vocantur
649 1047 658 1062 δ’
675 1055 680 1074 ;
704 1043 857 1075 invocant
871 1043 958 1075 enim
974 1054 1072 1086 snper
1084 1042 1352 1083 catechumenos,
1370 1046 1399 1074 et
1414 1053 1510 1086 super
1526 1053 1579 1075 eos
1594 1042 1652 1086 qui
1666 1041 1788 1074 habent

187 1101 339 1146 spiritum
360 1101 570 1133 immundum
584 1127 591 1141 ,
610 1112 729 1133 nomen
756 1101 907 1141 Domini,
933 1100 1121 1144 adjurantes
1140 1112 1196 1145 per
1215 1112 1310 1142 eum,
1330 1106 1363 1132 ut
1384 1100 1570 1143 egrediatur
1592 1100 1633 1133 ab
1656 1100 1712 1133 eis.
1735 1099 1785 1132 Ad

187 1159 389 1192 Exorcistam
406 1159 543 1203 pertinet
567 1159 762 1191 exorcismos
780 1158 968 1190 memoriter
990 1158 1150 1197 retinere,
1172 1169 1353 1202 manusque
1375 1169 1472 1202 super
1492 1168 1731 1200 energumenos
1755 1161 1787 1189 et

186 1216 433 1249 catechumenos
454 1216 488 1247 in
514 1216 727 1248 exorcizando
751 1216 930 1259 imponere.
955 1215 1059 1248 Debet
1083 1221 1192 1247 autem
1218 1216 1336 1248 habere
1358 1217 1509 1260 spiritum
1535 1215 1709 1257 mundum,
1727 1215 1784 1259 qui

184 1274 352 1317 spiritibus
374 1274 555 1306 immundis
571 1274 727 1317 imperat3
753 1277 784 1305 et
807 1273 989 1315 malignum
1014 1273 1176 1317 expellere
1201 1273 1240 1305 de
1262 1274 1356 1305 corde
1379 1285 1458 1314 suo,
1476 1285 1573 1317 quem
1593 1273 1727 1317 expellit
1746 1272 1786 1305 de

183 1342 316 1375 corpore
331 1332 456 1372 alieno,
474 1343 513 1363 ne
531 1331 691 1363 medicina
705 1357 712 1371 ,
731 1343 829 1375 qnam
846 1331 901 1363 alii
922 1331 1012 1371 facit,
1030 1331 1091 1362 sibi
1119 1342 1183 1363 non
1204 1331 1322 1375 prosit,
1345 1335 1375 1363 et
1398 1331 1525 1363 dicatur
1549 1331 1578 1363 ei
1592 1337 1602 1353 ⁶
1622 1343 1628 1363 :
1646 1329 1782 1372 Mediae,

184 1400 262 1422 cura
280 1395 310 1421 te
324 1389 443 1433 ipsum.
468 1389 508 1421 Hi
532 1401 605 1421 cum
628 1389 836 1430 ordinantur,
857 1389 1019 1432 accipiunt
1043 1388 1082 1421 dc
1103 1400 1204 1421 manu
1219 1389 1360 1432 episcopi
1375 1389 1498 1421 librum
1512 1388 1784 1428 exorcismorum,

183 1451 213 1478 et
229 1446 348 1479 dicitur
362 1447 447 1479 eis⁷:
468 1460 483 1477 «
500 1446 654 1490 Accipite,
671 1451 702 1478 et
716 1446 865 1479 habetote
882 1450 1070 1490 potestatem
1091 1446 1282 1489 imponendi
1300 1457 1416 1478 manus
1435 1457 1532 1490 super
1547 1456 1785 1488 energumenos

183 1509 214 1536 et
228 1504 486 1537 catechumenos.
516 1517 532 1533 1)
549 1504 617 1536 Hoc
641 1504 749 1536 officio
771 1516 850 1536 usus
873 1508 919 1536 est
943 1504 1123 1545 Dominus,
1147 1504 1279 1547 qnando
1301 1504 1403 1536 saliva
1427 1515 1485 1536 sua
1508 1503 1613 1546 tetigit
1636 1515 1730 1536 aures
1753 1508 1785 1536 et

183 1562 332 1605 linguam
361 1562 451 1594 surdi
477 1566 508 1594 et
539 1561 637 1601 muti,
662 1562 771 1593 dicens
795 1566 830 1593 ⁸:
855 1561 1048 1605 Ephplzetcz,
1075 1561 1161 1605 quod
1183 1567 1228 1594 est
1254 1574 1264 1592 .·
1285 1561 1482 1605 Adaperire,
1506 1572 1561 1604 per
1586 1560 1646 1593 hoc
1667 1560 1785 1593 docens

181 1631 240 1652 nos
255 1620 466 1664 spiritualiter
482 1619 598 1651 debere
618 1623 648 1650 ct
669 1619 794 1662 aperire
811 1630 906 1651 aures
921 1618 1175 1663 praecordiorum
1196 1619 1368 1651 hominum
1391 1619 1431 1651 ud
1453 1618 1726 1661 intelligendum,
1753 1623 1785 1650 et

182 1688 239 1710 ora
253 1677 293 1710 ad
308 1677 531 1709 confitendum
547 1703 554 1717 ,
572 1681 608 1709 ut
625 1677 719 1720 pulso
741 1676 889 1709 daemone
913 1676 1056 1720 Spiritus
1071 1681 1201 1709 sanctus
1224 1688 1281 1709 vas
1301 1688 1398 1709 suum
1421 1676 1565 1720 recipiat.
1593 1675 1661 1709 Hoc
1685 1676 1783 1708 etiam

180 1735 288 1767 officio
305 1746 383 1767 usus
398 1739 444 1767 est
458 1734 616 1773 Christus,
634 1746 708 1766 cum
731 1734 740 1750 ⁹
757 1734 971 1766 daemouiacos
988 1734 1110 1766 multos
1134 1734 1271 1766 sanavit.
1289 1734 1350 1766 Hic
1369 1734 1448 1766 ordo
1463 1746 1481 1766 a
1503 1733 1678 1766 Salomone
1693 1733 1783 1766 vide-

179 1797 233 1825 tur
249 1792 449 1824 descendisse
467 1804 473 1823 :
492 1791 550 1835 qui
566 1791 700 1823 modum
720 1793 759 1835 (a)
779 1792 985 1824 exorcizandi
1000 1792 1142 1833 invenit,
1159 1804 1224 1836 quo
1246 1792 1408 1825 daemones
1423 1791 1564 1835 adjurati
1584 1802 1624 1824 ex
1645 1791 1782 1824 obsessis

179 1849 370 1894 corporibus
384 1849 602 1893 pellebantur.
620 1849 704 1881 Huic
717 1849 825 1882 officio
843 1850 1016 1894 mancipati
1028 1850 1205 1882 Exorcistae
1222 1849 1323 1882 vocati
1340 1853 1427 1882 sunt.
1442 1849 1486 1881 De
1501 1849 1623 1894 quibus
1633 1849 1782 1882 Christus

180 1907 214 1939 in
230 1907 407 1949 Evangelio
424 1909 444 1924 ¹⁰
462 1919 468 1938 :
494 1906 532 1938 Si
555 1917 629 1949 erqo
650 1907 685 1939 in
702 1907 879 1940 Beelzebub
904 1907 999 1950 ejicio
1018 1906 1203 1949 doemonia,
1227 1907 1295 1950 filii
1317 1907 1436 1948 vestri,
1453 1906 1574 1939 scilicet
1600 1906 1778 1948 exorcistae,

180 1965 216 1997 in
232 1976 293 2008 quo
308 1964 447 2008 ejiciunt
459 1967 473 1996 ?

225 2022 348 2061 Quarto
369 2021 439 2053 loco
459 2022 635 2054 succedunt
661 2022 802 2066 Acolyti.
829 2022 958 2066 Acolyti
979 2033 1056 2054 vero
1080 2033 1200 2064 graece,
1224 2022 1324 2054 latine
1347 2021 1533 2053 ceroferarii
1552 2021 1708 2054 dicuntur
1724 2027 1740 2042 ¹¹
1761 2032 1780 2054 a

181 2078 390 2122 deportandis
413 2079 524 2119 cereis,
552 2079 684 2123 quando
712 2079 888 2122 legendum
917 2084 963 2112 est
992 2079 1224 2122 Evaugclium,
1253 2079 1307 2111 vel
1331 2079 1528 2111 sacrificinm
1558 2078 1776 2111 offerendum.

180 2137 272 2168 Tunc
296 2136 383 2168 enim
409 2136 632 2168 accenduntur
654 2137 850 2178 luminaria,
874 2141 905 2169 et
930 2137 1144 2180 deportantur
1167 2136 1208 2169 ab
1231 2136 1300 2168 eis:
1327 2147 1394 2168 non
1418 2136 1458 2168 ad
1480 2135 1672 2179 effugandas
1696 2135 1780 2168 aeris

180 2194 348 2234 tenebras,
365 2206 439 2226 cum
456 2194 502 2226 sol
527 2205 565 2227 eo
588 2199 732 2238 tempore
759 2195 886 2237 rutilet,
904 2195 957 2227 sed
981 2195 1021 2227 ad
1043 2195 1175 2237 signum
1196 2194 1316 2227 laetiiiae
1340 2193 1648 2234 demonstrandum,
1666 2197 1702 2225 ut
1717 2192 1778 2224 sub

178 2256 256 2296 typo
279 2252 414 2284 luminis
438 2253 614 2296 corpor-alis
639 2253 696 2284 illa
720 2254 778 2285 lux
803 2253 1004 2293 ostendatur,
1030 2253 1068 2285 de
1095 2264 1161 2296 qua
1184 2252 1305 2294 legitur
1326 2256 1346 2273 ¹2
1366 2264 1371 2283 :
1396 2252 1485 2283 Erat
1508 2250 1566 2283 lux
1591 2262 1680 2291 vera,
1707 2261 1778 2294 quae

177 2310 347 2342 illuminat
372 2322 502 2342 omnem
528 2310 694 2342 hominem
723 2312 907 2343 venientem
932 2311 967 2343 in
981 2310 1067 2342 lzzmc
1087 2309 1262 2342 mundum.
1285 2309 1335 2342 Ad
1351 2309 1526 2352 Acolytuni
1541 2307 1681 2352 pertinet
1695 2318 1778 2351 prae-

177 2368 300 2410 paratio
315 2367 530 2399 luminarium
547 2367 581 2399 in
596 2368 735 2400 sacrario
752 2367 786 2400 ⁵³.
804 2369 874 2412 Ipse
895 2379 1024 2401 cereum
1039 2371 1166 2411 portat,
1188 2367 1256 2411 ipse
1272 2366 1440 2399 urceolum
1455 2376 1530 2398 cum
1553 2365 1629 2397 vino
1645 2369 1675 2397 et
1690 2375 1776 2408 aqua

176 2429 327 2467 suggesta
342 2435 399 2468 pro
415 2424 610 2456 eucharistia
625 2425 832 2458 subdiaconis
848 2429 1018 2469 praeparat.
1042 2425 1084 2457 ni
1106 2436 1180 2457 cum
1196 2424 1410 2464 ordinantur,
1427 2434 1501 2455 cum
1521 2421 1625 2454 edocti
1651 2421 1776 2454 fuerint

208 2501 214 2515 ¹
231 2500 303 2523 Cone.
320 2499 405 2522 Carth.
422 2500 463 2529 lV,
478 2506 520 2522 an.
540 2500 593 2528 3518,
607 2508 627 2522 c,
645 2506 701 2530 vni,
720 2503 744 2524 et
764 2500 882 2531 liabetur,
895 2501 951 2524 11151.
968 2506 1043 2530 xxiii,
1057 2508 1079 2523 c.
1096 2500 1188 2523 Lector.
1202 2512 1229 2515 —
1245 2500 1253 2513 ²
1264 2500 1330 2529 Hug.
1345 2498 1389 2522 lib.
1407 2499 1436 2528 ΙΙ,
1452 2504 1478 2528 p.
1494 2497 1537 2526 ΙΙΙ,
1553 2504 1574 2520 c.
1593 2502 1626 2519 vt.
1640 2509 1669 2513 —
1685 2496 1693 2509 ³
1707 2496 1775 2525 Luc„

175 2541 208 2564 iv,
229 2537 272 2564 *ls;
291 2535 349 2563 lsa„
364 2541 417 2565 in,
436 2538 455 2557 1.
468 2548 498 2552 -
516 2535 526 2550 ³
540 2535 597 2564 ΙειιἸ
616 2541 686 2564 isin,
703 2539 724 2559 1.
741 2550 771 2553 -
789 2538 796 2550 ³·
814 2537 880 2565 istd„
896 2536 1018 2566 Elysmol„
1033 2536 1074 2559 tib.
1094 2536 1147 2565 Vll,
1164 2543 1185 2559 c,
1202 2541 1249 2565 xn„
1271 2538 1295 2558 rt
1312 2535 1430 2564 habetur,
1448 2534 1505 2557 dist„
1524 2539 1578 2562 xxi,
1595 2540 1616 2556 c.
1634 2532 1729 2556 eleros.
1744 2544 1775 2549 —

174 2571 182 2584 ⁶
198 2571 265 2597 Luc..
284 2576 315 2599 tv,
329 2571 368 2594 23.
381 2571 431 2588 --“1
444 2570 514 2593 Com.
533 2570 620 2594 Carth.
640 2572 681 2600 tv,
697 2579 720 2594 c.
737 2577 781 2600 vn,
800 2575 823 2595 ct
840 2572 956 2601 liabetur,
972 2572 1028 2596 dist.
1045 2576 1122 2600 xxiii,
1134 2578 1157 2594 c.
1173 2571 1314 2594 Exoressta.
1326 2569 1377 2587 -3
1388 2571 1477 2596 Marc„
1493 2575 1540 2599 vri,
1556 2570 1594 2592 34.
1608 2581 1638 2585 —-
1649 2569 1660 2584 ⁹
1672 2567 1772 2596 Mami„

173 2611 229 2634 vm,
251 2608 292 2634 ως
312 2606 380 2634 Luc.¹
405 2611 462 2633 vin,
481 2608 519 2628 33.
538 2617 568 2622 -
588 2606 607 2621 ¹⁰
627 2606 729 2635 Mami„
744 2613 790 2636 χιι,
811 2608 852 2636 275
872 2607 928 2630 Luc.
957 2613 1001 2637 xi,
1026 2607 1051 2630 18
1079 2619 1110 2624 —
1132 2607 1146 2619 ¹¹
1169 2606 1238 2634 tsid„
1258 2606 1308 2629 loc.
1324 2612 1384 2630 mox
1399 2605 1453 2634 eit..
1468 2607 1491 2628 et
1508 2604 1626 2635 habetur,
1643 2603 1701 2627 dist.
1717 2608 1770 2631 xxi,

171 2647 194 2664 c.
211 2640 303 2664 cleros.
318 2654 341 2657 β
361 2642 378 2657 “·’
389 2641 470 2668 doun..
486 2647 507 2670 1,
524 2642 547 2663 9.
558 2653 586 2657 -—
604 2641 620 2656 *³
634 2641 702 2671 isid„
716 2641 749 2664 ml
770 2642 881 2672 Ludtfiu,
895 2644 919 2665 et
931 2626 1051 2669 liabetur,
1069 2641 1126 2665 dist.
1145 2647 1205 2670 xxv,
1219 2648 1241 2665 c.
1258 2640 1386 2664 Per-lectis.
1400 2653 1431 2658 —
1442 2640 1475 2669 (a)
1486 2639 1529 2664 Al.
1543 2638 1763 2670 quemadmodum
