1991 3006
662 243 760 274 DlST.
782 242 857 274 XLI.
880 242 971 274 ART.
993 243 1016 274 I.
1041 242 1190 280 QUAEST.
1211 242 1249 273 II.

157 321 235 351 ergo
254 313 390 344 affinitas
406 314 479 344 facit
503 311 777 351 illegitimitatem,
793 309 922 341 videtur

156 366 239 405 quod
263 376 319 406 per
337 366 430 405 talem
455 366 571 397 coitum
596 364 731 395 affinitas
752 372 810 394 nec
832 363 924 393 dehet

156 425 213 447 nec
229 419 329 456 potest
343 417 497 448 contrahi.

431 530 643 561 CONCLUSIO.

158 618 200 643 Ea:
214 624 372 651 quocumque
385 616 507 642 naturali
520 616 591 641 coitu
606 614 774 640 contrahitur
789 615 923 647 affinitas,

191 662 256 695 quia
271 661 393 693 affinitas
408 659 541 692 fundatur
562 660 590 684 in
608 659 720 691 unione,
741 666 797 692 quoe
812 658 925 684 resultat

191 710 222 729 em
234 703 421 728 commixtione
431 702 537 728 seminis
552 702 576 727 et
594 701 646 726 tali
659 707 717 726 usu.

194 785 284 825 Resp.
297 785 335 816 ad
351 794 421 824 arg.
438 784 609 815 Dicendum
625 784 707 823 quod
721 783 857 813 affinitas
872 792 925 821 ge-

156 839 303 870 neraliter
318 838 512 868 contrahitur
527 846 582 877 per
602 846 730 867 omnem
747 837 876 873 coitum,
891 836 925 866 in

155 901 218 932 quo
234 894 279 922 est
295 891 478 922 commixtio
491 891 662 921 seminum.
681 889 718 919 Et
730 889 810 919 ratio
826 890 925 929 hujus

154 947 218 982 est,
239 945 313 984 quia
337 944 472 975 affinitas
494 953 558 974 non
582 943 779 974 contrahitur
801 943 861 973 nisi
877 952 925 973 ra-

153 998 238 1028 tione
248 997 376 1028 unionis
389 1006 395 1027 :
410 999 485 1027 tunc
496 998 602 1027 autem
616 997 764 1027 dicuntur
775 1005 839 1026 una
852 1005 924 1026 caro

153 1051 221 1081 fieri
234 1075 241 1088 ,
264 1051 391 1090 quando
412 1060 468 1090 per
486 1051 745 1081 commixtionem
766 1050 923 1080 seminum

154 1104 189 1134 fit
203 1103 433 1134 consummatio
452 1103 538 1133 illius
552 1104 666 1142 operis.
684 1102 717 1133 Si
742 1112 820 1142 ergo
834 1103 925 1133 aliter

154 1156 361 1194 conveniant,
379 1156 446 1187 sive
467 1158 577 1187 contra
592 1158 740 1187 naturam
756 1156 924 1196 polluendo

154 1211 244 1240 extra
272 1219 326 1240 vas
349 1210 393 1240 illi
420 1210 491 1241 usui
514 1210 714 1249 deputatum,
743 1210 808 1241 sive
832 1210 923 1240 inva-

154 1263 256 1294 dendo
271 1263 417 1301 claustra,
432 1263 475 1293 ita
497 1263 581 1302 quod
595 1272 675 1303 opus
689 1263 845 1293 nefarium
859 1272 924 1293 non

155 1318 410 1353 consummetur,
427 1316 566 1346 affinitas
589 1317 732 1346 contrahi
754 1326 821 1346 non
837 1316 923 1355 J'udi-

155 1372 263 1407 catur,
281 1370 454 1400 secundum
471 1369 554 1409 quod
572 1370 696 1405 dicitur,
716 1380 802 1400 caus.
821 1379 923 1407 xxxv,

155 1434 185 1464 q.
204 1434 251 1462 111,
269 1433 295 1454 c.
314 1423 600 1454 Exti-aordtnaria.
620 1423 709 1460 Quod
736 1423 760 1452 si
781 1423 925 1453 videatur

154 1477 214 1507 dici
230 1476 437 1513 contrarium,
448 1476 622 1514 Extravag.
641 1476 679 1506 (Ie
695 1483 726 1506 eo
740 1476 797 1514 qui
811 1483 925 1515 609110-

154 1531 204 1562 vit
225 1530 506 1569 consanquz‘neam,
531 1539 556 1559 c.
581 1530 826 1565 Fraternttatz's,
843 1531 900 1558 cte.
914 1553 922 1565 ,

155 1582 335 1620 dicendum,
349 1582 434 1622 quod
450 1581 502 1611 illa
518 1582 674 1621 separatio
684 1590 749 1612 11011
764 1582 822 1611 fuit
836 1590 925 1621 prop-

155 1638 203 1666 ter
217 1635 416 1672 affinitatem,
434 1635 487 1665 sed
504 1637 631 1674 propter
651 1634 787 1674 publicae
808 1634 923 1664 hones-

156 1688 229 1718 tatis
255 1688 410 1727 justitiam
425 1711 432 1725 ‚
456 1696 528 1727 quae
549 1687 744 1718 contrahitur
771 1696 809 1717 ex
839 1687 926 1727 puris

157 1741 366 1781 sponsalibus.

198 1798 226 1825 1.
243 1795 289 1825 Ad
304 1795 379 1824 illud
394 1803 472 1834 ergo
487 1795 571 1834 quod
587 1794 735 1833 objicitur
750 1795 782 1824 in
798 1796 925 1824 contra-

156 1847 241 1878 rium
256 1848 293 1877 de
310 1847 560 1878 extraordinaria
576 1847 748 1887 pollutione
761 1871 768 1884 ‚
783 1849 851 1886 Jam
867 1857 925 1887 pa-

156 1902 201 1931 tet
224 1900 408 1939 responsio,
434 1899 508 1939 quia
530 1900 573 1930 ibi
596 1909 660 1930 non
681 1901 741 1930 fuit
766 1901 925 1931 seminum

156 1953 340 1984 commixtio
353 1953 459 1992 aliqua
476 1964 482 1983 :
502 1953 570 1983 ideo
585 1963 647 1984 non
665 1953 815 1984 dicuntur
829 1954 879 1984 vir
895 1956 925 1985 et

156 2007 271 2038 mulier
285 2016 349 2037 una
364 2015 436 2037 caro
458 2007 571 2037 effecti.

196 2063 225 2091 2.
247 2060 294 2090 Ad
314 2060 392 2090 illud
418 2060 501 2099 quod
525 2060 692 2099 objicitur,
712 2061 796 2100 quod
811 2061 923 2092 vincu-

155 2114 223 2144 lum
238 2113 421 2152 legitimum
436 2114 483 2143 est
500 2122 518 2142 a
534 2113 594 2143 Deo
610 2113 805 2152 institutum,
822 2114 926 2145 dicen-

156 2169 232 2199 dum
248 2167 333 2207 quod
348 2167 381 2196 in
402 2167 607 2197 fornicatione
624 2167 687 2197 duo
703 2169 793 2205 sunt,
809 2168 926 2199 scilicet

156 2220 236 2250 actio
251 2220 425 2257 substrata,
442 2228 515 2259 quae
530 2222 576 2249 est
590 2220 758 2258 naturalis,
776 2223 806 2251 et
821 2222 923 2252 defor—

157 2273 250 2303 mitas
267 2272 457 2310 voluntatis,
474 2282 537 2312 qua
558 2273 672 2313 aliquis
696 2274 765 2304 vult
788 2284 923 2313 cognos-

157 2334 226 2356 cere
239 2334 302 2356 non
318 2334 407 2355 suam
421 2350 429 2363 ,
448 2326 513 2356 sive
529 2326 611 2356 eima
630 2326 734 2365 ipsum
749 2330 854 2357 actum
871 2328 926 2358 de-

157 2379 255 2408 fectus
278 2378 536 2409 circumstantiae.
553 2379 712 2415 Quantum
728 2380 767 2410 ad
786 2381 925 2420 primum

157 2433 204 2461 est
218 2431 297 2462 actio
311 2432 464 2462 naturalis
479 2432 572 2469 bona,
591 2434 621 2462 et
636 2441 655 2463 a
669 2432 730 2463 Deo
743 2444 749 2470 ;
768 2436 925 2473 quantum

158 2484 197 2515 ad
212 2485 396 2523 secundum,
413 2485 488 2516 dicit
506 2485 663 2516 desectum
688 2488 718 2516 et
742 2486 927 2517 deformita-

159 2540 221 2568 tem
233 2561 240 2575 ,
273 2539 304 2568 et
330 2538 459 2569 sortitur
489 2547 605 2568 nomen
632 2538 702 2569 vitii
723 2548 730 2569 :
761 2539 925 2570 vinculum

193 2636 196 2648 ¹
216 2635 255 2665 Cf.
272 2636 298 2659 S.
317 2635 418 2666 Thoar,
433 2635 459 2659 in
474 2636 558 2667 Suppl.
577 2643 602 2666 p.
626 2637 673 2666 ΙΙΙ,
689 2643 713 2667 q.
734 2643 773 2665 LV,
791 2639 836 2662 art,
856 2639 885 2667 63
903 2639 927 2661 et

161 2671 192 2694 lv
208 2671 286 2698 Sept„
303 2670 360 2694 dist.
379 2677 437 2700 xm,
452 2678 476 2701 q.
494 2677 516 2701 1,
535 2673 580 2695 art.
598 2673 628 2702 5',
648 2672 775 2703 Richard,
797 2674 826 2696 lV
848 2673 926 2703 Seni„

160 2705 216 2730 dist.
242 2712 294 2735 xm,
322 2713 347 2737 q.
371 2712 390 2737 1,
416 2707 463 2730 art.
485 2707 516 2736 45
539 2706 628 2731 Thom.
651 2708 764 2739 Argent„
792 2708 822 2733 lV
848 2709 926 2737 Sene„

1693 242 1751 273 425

979 319 1057 349 ergo
1083 309 1243 340 affinitatis
1269 309 1466 340 contrahitur
1491 310 1612 340 ratione
1641 310 1749 349 primi,

979 372 1045 393 non
1057 363 1179 393 ratione
1195 362 1332 392 secundi.

1020 418 1048 445 3.
1063 416 1110 445 Ad
1126 415 1203 446 illud
1223 415 1306 454 quod
1317 415 1484 454 objicitur,
1501 416 1585 455 quod
1608 418 1655 446 est
1675 416 1751 447 vin—

982 467 1090 498 culum
1102 467 1282 505 insolubile,
1295 467 1464 498 dicendum
1475 469 1558 508 quod
1569 469 1648 499 actio
1655 470 1752 498 trans-

980 521 1046 551 iens
1070 521 1299 561 utplurimum
1325 521 1475 561 relinquit
1503 522 1648 552 effectum
1678 531 1751 561 per-

980 576 1129 613 petuum,
1143 574 1219 610 sive,
1236 575 1273 603 ut
1289 573 1401 603 melius
1417 574 1529 611 dicam⁷
1547 574 1748 611 diuturnum,

980 629 1013 657 ut
1029 629 1128 665 patet,
1147 626 1222 666 quia
1235 627 1317 656 sicut
1334 627 1497 657 fornicatio
1512 627 1631 656 inducit
1646 626 1750 656 carnis

980 680 1215 719 corruptionem
1232 703 1239 717 ⁷
1273 679 1317 709 sic
1343 680 1453 709 uxoris
1481 680 1621 718 cognitio
1656 679 1751 709 efficit

981 733 1120 772 corporis
1138 733 1290 763 unionem
1308 744 1314 762 ε
1331 735 1362 763 et
1377 733 1527 772 quoniam
1543 742 1582 762 ex
1598 741 1662 772 quo
1675 741 1750 771 cog-

980 787 1089 822 novit,
1107 795 1231 816 necesse
1255 789 1301 816 est
1320 787 1527 825 cognovisse,
1542 786 1612 816 ideo
1633 795 1671 815 ex
1691 785 1751 815 hac

980 840 1202 879 conjunctione
1227 840 1358 870 resultat
1380 840 1547 870 vinculum
1570 839 1748 869 insolubile.

980 893 1018 923 Et
1041 895 1086 922 est
1109 893 1292 932 exemplum
1306 917 1313 930 ‚
1340 893 1414 932 quia
1439 893 1519 923 sicut
1536 901 1575 922 ex
1595 900 1659 922 uno
1679 893 1751 922 actu

981 946 1033 976 tali
1045 948 1145 985 potest
1160 946 1262 985 proles
1278 946 1437 985 generari,
1450 954 1523 986 quae
1541 945 1668 975 vinculo
1684 954 1752 985 per-

981 1001 1076 1038 petuo
1092 999 1243 1038 alligatur
1258 999 1339 1038 patri
1354 1001 1385 1029 et
1401 999 1493 1029 matri
1506 1010 1513 1036 3
1539 999 1583 1028 sic
1597 1000 1698 1038 potest
1709 998 1752 1028 af-

980 1053 1084 1082 finitas
1114 1052 1259 1089 generari
1277 1076 1284 1089 ,
1318 1051 1444 1090 quando
1471 1051 1541 1081 talis
1572 1051 1752 1090 conjunctio

980 1107 1025 1135 est
1040 1105 1240 1134 introducens
1249 1105 1444 1141 affinitatem,
1460 1113 1525 1134 non
1539 1113 1729 1134 conservans
1742 1115 1748 1133 ε

980 1158 1069 1195 ideo,
1090 1158 1157 1197 ipsa
1178 1158 1333 1188 existente
1349 1157 1544 1192 transitoria,
1564 1159 1664 1196 potest
1685 1166 1752 1187 esse

981 1211 1117 1241 affinitas
1131 1211 1292 1241 diuturna.

1021 1267 1050 1294 4.
1067 1264 1115 1294 Ad
1136 1264 1213 1294 illud
1238 1265 1321 1304 quod
1339 1264 1487 1303 objicitur
1504 1264 1542 1294 de
1564 1264 1751 1303 irregularia

981 1320 1042 1348 tate
1070 1317 1108 1347 ad
1137 1318 1280 1354 ordine&
1312 1317 1480 1347 dicendum
1510 1317 1592 1356 quod
1615 1318 1754 1355 cognitio

982 1371 1126 1401 mulieris
1150 1380 1214 1401 11011
1238 1373 1369 1409 generat
1390 1370 1676 1409 irregularitatem,
1695 1371 1755 1401 nisi

982 1426 1076 1463 prout
1092 1424 1212 1454 inducit
1226 1424 1383 1454 defectum
1399 1424 1588 1454 sacramenti
1607 1435 1613 1454 z
1631 1426 1661 1454 et
1674 1433 1754 1464 quo—

981 1477 1067 1506 niam
1092 1477 1230 1507 defectus
1246 1477 1434 1507 sacramenti
1449 1477 1670 1516 praesupponit
1695 1477 1755 1507 ali-

981 1530 1055 1569 quid
1071 1539 1138 1559 esse
1160 1530 1367 1565 sacramenti,
1390 1533 1420 1560 et
1435 1533 1503 1569 post
1516 1554 1523 1566 ,
1541 1530 1755 1569 privationem

981 1582 1203 1622 perfectioni53
1227 1583 1302 1612 hinc
1327 1585 1394 1619 est,
1419 1583 1505 1621 quod
1536 1582 1755 1621 irregularitas

981 1645 1045 1667 non
1057 1636 1253 1666 contrahitur
1276 1645 1330 1675 per
1345 1636 1464 1666 coitum
1482 1638 1573 1666 extra
1589 1637 1754 1667 matrimo-

982 1691 1083 1720 nium.
1102 1690 1161 1719 Sed
1178 1689 1315 1719 affinitas
1334 1689 1461 1727 respicit
1476 1688 1631 1718 unitatem
1651 1689 1754 1719 carnis

981 1745 1011 1773 et
1026 1743 1182 1782 corporis:
1201 1744 1231 1772 et
1244 1742 1313 1772 haec
1326 1744 1372 1772 est
1385 1742 1575 1779 communis⁷
1593 1744 1658 1772 tam
1671 1743 1755 1773 actui

982 1795 1148 1826 fornicario
1159 1819 1167 1832 ,
1185 1804 1281 1834 quam
1294 1795 1440 1833 legitimo
1458 1806 1464 1825 ε
1483 1795 1553 1825 ideo
1568 1797 1668 1834 potest
1679 1804 1754 1826 cau-

982 1857 1051 1879 sare
1066 1848 1251 1878 affiuitatem
1263 1872 1271 1885 ,
1288 1857 1351 1877 11011
1367 1847 1651 1885 irregularitatem.

1250 1953 1429 1991 QUAESTIO
1450 1954 1488 1984 II.

1093 2035 1138 2061 An
1161 2035 1283 2068 affinitas
1304 2036 1424 2061 transeat
1445 2035 1473 2060 τη
1495 2034 1608 2061 alterum
1621 2035 1640 2060 ¹.

1023 2115 1135 2146 Utrum
1159 2115 1295 2145 affinitas
1318 2117 1458 2145 transeat
1478 2115 1509 2145 in
1539 2115 1674 2146 alterum
1687 2126 1694 2152 3
1722 2116 1753 2145 et
1769 2127 1802 2149 Aa
1821 2134 1872 2154 opp.

982 2169 1064 2208 quod
1077 2169 1131 2205 sie,
1148 2169 1285 2206 videtur,
1300 2178 1385 2199 63115.
1405 2178 1507 2206 xxxv,
1525 2178 1555 2208 q.
1573 2178 1616 2206 111,
1630 2178 1657 2198 0.
1678 2169 1753 2200 Con-

983 2222 1183 2255 tradicimus,
1202 2224 1232 2252 et
1247 2222 1329 2251 infra
1344 2232 1350 2252 :
1368 2222 1469 2252 Julius
1491 2221 1575 2261 Papa
1593 2232 1599 2251 z
1623 2233 1637 2250 «
1653 2221 1753 2251 Relic-

982 2277 1047 2305 tam
1057 2274 1369 2313 consanguineorum
1381 2275 1492 2305 uxoris
1506 2284 1573 2305 snae
1582 2274 1692 2304 nullus
1701 2274 1757 2305 du-

982 2330 1030 2357 cat
1039 2336 1171 2358 uxorem
1178 2338 1202 2357 .»
1213 2327 1271 2357 Sed
1281 2328 1507 2366 consanguinei
1516 2328 1626 2358 uxoris
1635 2330 1707 2358 sunt
1716 2328 1754 2367 (a)

983 2381 1094 2410 affines
1110 2390 1117 2410 :
1130 2389 1208 2419 ergo
1223 2390 1305 2411 uxor
1321 2381 1427 2411 affinis
1442 2381 1576 2411 efficitur
1591 2381 1756 2420 illegitima

984 2434 1022 2464 ad
1047 2434 1310 2471 contrahendum,
1338 2442 1402 2464 11011
1418 2437 1545 2473 propter
1567 2434 1651 2464 aliud
1666 2457 1673 2471 ‚
1695 2433 1756 2463 nisi

984 2489 1112 2525 propter
1128 2487 1315 2517 affinitatem
1334 2497 1340 2516 :
1358 2496 1448 2525 ergo,
1467 2489 1525 2517 etc.

1024 2543 1053 2569 ἰ).
1070 2539 1147 2570 ltem
1164 2540 1197 2570 in
1212 2539 1355 2579 sequenti
1366 2539 1503 2579 capitulo
1520 2548 1553 2570 t«
1563 2539 1660 2570 Porro
1675 2538 1754 2568 duo-

984 2638 1040 2660 dist.
1065 2642 1124 2666 XLI,
1148 2644 1172 2667 q.
1201 2643 1219 2665 ι,
1246 2639 1292 2660 art.
1318 2639 1349 2667 23
1378 2637 1464 2667 Steph.
1492 2636 1595 2665 Brulef.,
1623 2636 1652 2659 lV
1678 2636 1756 2665 Sent.,

985 2672 1040 2696 dist.
1058 2678 1111 2702 XLI,
1127 2679 1151 2703 q.
1166 2674 1179 2695 6
1191 2680 1197 2701 ;
1211 2673 1299 2696 Petrus
1315 2672 1345 2695 (lc
1360 2673 1469 2702 Tarant.‚
1486 2672 1518 2695 lV
1535 2672 1612 2701 Sent.,
1628 2670 1685 2695 dist.
1703 2676 1756 2702 xm,

986 2715 1010 2739 q.
1026 2714 1056 2733 11.
1069 2720 1100 2727 -
1114 2708 1145 2739 (a)
1159 2708 1219 2733 Coet.
1230 2707 1291 2732 edit.
1307 2714 1369 2733 suae.
