1991 3006
64 1731 94 1751 De
110 1732 168 1752 ordi-

73 1763 161 1789 uejudi-

85 1794 121 1819 eii,
132 1798 152 1813 et

64 1826 159 1846 ministe-

64 1857 95 1876 rio
107 1863 169 1883 ange·

79 1888 155 1909 lorum.

187 205 245 233 538
741 208 1048 241 SENTENTIARUM
1068 210 1143 242 LlB.
1166 212 1216 244 IV.

186 270 321 312 ribunt,
347 272 377 305 id
400 277 467 314 est,
491 274 730 317 redarguentur
753 280 789 308 ut
813 279 957 320 pereant.
979 276 1042 316 Qui
1067 289 1145 311 vero
1167 290 1225 311 nec
1246 279 1323 312 fidei
1346 284 1547 313 sacramenta
1571 284 1768 322 tenuerunt,

186 328 438 373 increpationem
453 331 573 374 judicis
588 333 620 365 in
637 344 669 365 se
692 333 763 366 fieri
779 345 799 365 n
816 345 843 366 ·n
865 333 1022 375 audient,
1039 335 1117 379 quia
1134 336 1338 370 infidelitatis
1363 348 1428 371 suae
1450 337 1593 370 tenebris
1617 337 1770 382 praejudi-

185 386 263 426 cati,
276 387 345 430 ejus
360 399 457 431 quem
474 389 687 434 despexerant
703 391 885 423 invectione
905 392 1055 434 redargui
1074 404 1137 425 non
1156 399 1334 427 merentur.
1352 396 1402 428 Illi
1419 399 1528 428 autem
1545 395 1657 427 saltem
1674 395 1771 428 verba

182 443 301 486 judicis
315 445 449 478 audient
463 473 470 487 ,
488 447 544 491 qui
560 448 630 491 ejus
646 449 743 481 fidem
759 450 872 481 saltem
889 449 988 482 verbo
1003 454 1191 483 tenuerunt.
1212 452 1263 484 Illi
1287 456 1393 485 autem
1421 453 1453 484 in
1478 453 1687 485 danmatione
1713 463 1772 485 sua

186 501 295 534 aeterni
307 502 427 545 judicis
443 515 500 536 nec
516 505 614 538 verba
631 507 829 550 percipient,
849 508 904 551 qui
921 507 992 550 ejus
1010 509 1224 541 rever-entiam
1247 521 1305 542 nec
1331 510 1429 542 verbo
1452 515 1546 543 tenus
1570 520 1698 543 servare
1714 521 1774 543 vo-

184 559 335 600 luerunt3
354 564 385 592 et
399 561 470 593 ideo
493 562 541 594 illi
561 563 753 607 judicandi,
778 564 832 596 sed
859 564 910 596 isti
936 576 1000 598 non
1023 566 1193 609 judicandi
1214 567 1381 600 dicuntur.
1401 567 1406 583 ¹
1423 568 1472 600 Ex
1495 567 1672 600 electorum
1694 578 1772 600 vero

185 620 274 660 parte
290 617 344 649 alii
357 617 566 661 judicantur,
584 625 614 653 ct
630 626 768 664 regnant
782 648 789 662 ‚
807 621 928 654 scilicet
945 623 1003 666 qui
1018 623 1094 656 vitae
1117 624 1260 657 maculas
1280 625 1432 669 lacrymis
1457 629 1587 668 tergunt
1604 651 1611 665 ‚
1634 628 1665 657 et
1690 625 1772 658 elee-

185 685 396 718 mosynarum
413 677 703 721 superimluctione
718 680 870 723 operiunt
891 692 896 711 :
915 680 1149 724 quibusjndex
1165 682 1299 714 veniens
1314 683 1346 714 in
1367 683 1498 714 dextera
1519 681 1774 715 consistentibus

183 731 268 764 dicet
282 734 314 764 ²:
341 734 486 773 Esurioi,
509 742 539 768 et
564 735 699 769 (lmltstis
723 738 807 769 milei
827 737 1041 771 manducare.
1065 739 1132 771 Alii
1154 743 1262 772 autem
1281 750 1344 772 non
1358 739 1561 783 judicantur,
1575 743 1607 772 et
1621 743 1771 782 regnant,

183 789 241 833 qui
256 790 353 823 etiam
371 797 530 837 praecepta
549 793 629 837 legis
644 795 839 837 perfectione
862 796 1022 828 virtutum
1038 797 1272 828 transcendunt
1288 810 1295 837 ;
1312 797 1390 840 quia
1405 797 1464 829 hoc
1481 808 1546 829 non
1562 797 1668 829 solum
1684 796 1772 841 quod

184 847 235 880 lex
251 849 416 892 praecipit,
435 850 570 894 implere
588 851 732 884 contenti
747 857 845 893 sunt,
861 853 914 885 sed
937 859 968 885 et
989 853 1074 898 quod
1103 854 1141 886 ad
1166 854 1394 897 perfectionem
1417 853 1599 886 consulitur
1613 880 1620 894 ,
1638 853 1774 898 implere

183 905 324 939 student.
344 906 390 939 Do
405 908 526 951 quibus
541 908 703 953 Propheta
718 910 762 942 ait
777 912 787 929 ³
805 922 811 942 ε
831 911 990 943 Dominus
1006 910 1221 953 adjudicium
1236 912 1342 944 veniet
1358 923 1429 943 oum
1446 911 1650 944 senatoribus
1661 911 1775 955 populi

182 964 244 996 suz'.
262 963 302 996 Et
317 964 470 997 Salomon
488 965 526 998 de
541 965 689 999 Ecclesiae
704 979 821 1011 sponso
839 968 975 1012 loquens
993 968 1036 1000 ait
1052 971 1060 986 ⁴
1079 980 1084 1000 :
1104 968 1231 1001 Nobilis
1244 969 1278 1001 z'n
1291 969 1398 1013 portis
1412 968 1462 1001 vir
1476 969 1563 1012 ejus,
1582 967 1713 1013 qnando
1727 979 1775 1001 se-

183 1020 267 1054 derit
289 1034 361 1054 cum
383 1023 585 1057 senatoribus
610 1030 715 1057 terroe.
736 1025 774 1057 Et
789 1025 850 1058 Job
865 1026 909 1058 ait
924 1029 933 1045 ⁵
949 1039 955 1057 :
974 1027 1048 1059 Non
1064 1026 1174 1059 salt-at
1196 1027 1332 1070 impios,
1351 1033 1381 1059 et
1392 1026 1595 1071 pauperibus
1605 1025 1774 1070 judicium

184 1079 309 1113 tribuit.
335 1081 375 1113 Hi
400 1093 476 1123 ergo
497 1086 581 1114 recte
605 1083 665 1115 sub
681 1084 825 1126 generali
847 1083 972 1127 judicio
992 1095 1056 1116 non
1084 1088 1246 1125 tenentur,
1263 1084 1317 1116 sed
1330 1084 1456 1128 judices
1471 1083 1609 1116 veniunt
1625 1110 1633 1124 ‚
1651 1083 1729 1128 quia
1744 1088 1775 1116 et

182 1144 339 1184 praecepta
357 1139 522 1182 generalia
538 1140 679 1173 vivendo
696 1141 865 1181 vicerunt,
883 1146 913 1173 et
933 1141 1086 1173 oumibus
1111 1141 1230 1174 relictis
1252 1141 1419 1174 Christum
1443 1141 1542 1173 secuti
1566 1146 1655 1174 sunt.
1679 1141 1775 1174 Recte

182 1197 556 1241 pauperibusjudicium
575 1198 707 1239 tribuit,
725 1199 783 1243 qui
799 1199 931 1243 quando
947 1199 1022 1231 huic
1039 1199 1162 1231 mundo
1179 1210 1296 1241 magua
1319 1198 1504 1231 humilitate
1518 1198 1659 1242 despecti
1674 1203 1751 1231 sunt
1765 1225 1772 1239 ,

183 1258 272 1287 tanto
288 1259 366 1287 tunc
382 1255 496 1299 majori
511 1256 655 1288 culmine
671 1256 836 1300 potestatis
858 1261 1051 1288 excrescent.
1076 1256 1120 1288 De
1145 1256 1263 1288 talibus
1277 1255 1396 1288 dicitur
1407 1255 1417 1270 ⁸
1435 1268 1440 1287 :
1462 1256 1527 1295 Oui
1543 1255 1655 1288 vicerit
1667 1281 1675 1296 ,
1691 1255 1775 1288 dabo

183 1313 212 1345 ei
232 1312 341 1345 sedere
364 1324 490 1346 mecum
516 1313 549 1345 2⁴71
574 1313 690 1346 throno
715 1325 786 1346 meo
797 1325 810 1354 ,·
827 1314 909 1348 sicul
930 1321 960 1346 et
983 1326 1038 1358 eqo
1054 1314 1134 1353 vici,
1154 1320 1184 1346 et
1205 1312 1274 1345 sedi
1289 1324 1361 1346 cum
1378 1314 1479 1345 Patre
1503 1324 1574 1346 meo
1598 1313 1634 1346 in
1660 1313 1775 1346 throno

183 1371 444 1415 ejch.'¹Vinccns
458 1371 621 1404 Dominus
640 1383 713 1404 cum
739 1372 834 1405 Patre
859 1373 892 1404 in
916 1372 1033 1405 throno
1059 1372 1158 1413 sedit,
1183 1371 1260 1416 quia
1283 1375 1354 1415 post
1377 1371 1536 1414 passionis
1558 1374 1721 1403 certamen
1745 1375 1776 1403 et

184 1429 429 1462 resurrectionis
459 1429 621 1473 palmam,
649 1430 737 1474 quod
762 1430 869 1463 Patris
894 1434 976 1463 esset
1004 1430 1138 1474 {equalis
1162 1429 1315 1462 omuibus
1345 1429 1472 1461 claruIt.
1493 1429 1503 1445 ⁸
1518 1428 1619 1461 Nobis
1638 1439 1716 1462 vero
1740 1428 1775 1461 in

184 1487 301 1520 throno
316 1485 391 1519 Filii
408 1487 517 1520 sedere
533 1514 541 1529 ,
558 1492 605 1520 est
619 1499 659 1520 ex
674 1487 818 1532 ejusdem
835 1487 911 1520 Filii
933 1490 1088 1532 potestate
1107 1486 1266 1531 judicare.
1284 1486 1369 1526 Quia
1389 1486 1475 1518 enim
1497 1486 1668 1530 judicandi
1684 1486 1776 1530 prin-

184 1545 326 1589 cipatum
341 1556 379 1578 ex
399 1545 469 1589 ejus
485 1546 605 1578 virtute
621 1545 840 1590 percipimus,
857 1545 950 1589 quasi
972 1545 1006 1577 in
1030 1545 1148 1577 throno
1163 1544 1233 1588 ejus
1249 1543 1440 1576 residemus.
1460 1556 1476 1574 n
1500 1544 1545 1576 Ex
1572 1543 1622 1575 his
1643 1547 1776 1588 apparet

184 1602 271 1647 quod
288 1603 383 1636 etiam
408 1603 613 1647 perfectiores
632 1603 735 1636 sancti
759 1613 833 1635 cum
852 1602 980 1635 Christo
1002 1602 1200 1646 judicabunt
1215 1605 1390 1645 potestate,
1409 1606 1439 1633 et
1461 1612 1562 1645 quare
1577 1601 1712 1646 quidam
1728 1600 1775 1633 di-

185 1660 483 1704 canturjudicandi
500 1687 507 1702 ‚
523 1661 579 1693 alii
596 1672 659 1693 non
672 1660 855 1705 judicandi.

229 1718 311 1751 Cum
327 1723 436 1751 autem
451 1719 484 1750 in
502 1718 681 1761 Evangelio
697 1719 844 1760 legatur,
867 1718 954 1762 quod
976 1718 1137 1750 Dominus
1155 1718 1265 1749 mittet
1288 1717 1420 1761 unqelos
1434 1728 1507 1749 suos
1520 1743 1528 1755 ,
1546 1717 1602 1761 qui
1625 1716 1775 1761 colliqent

186 1775 225 1808 (le
239 1787 338 1821 reqno
353 1776 422 1819 ejus
438 1776 551 1809 omm‘a
569 1775 739 1813 scandala,
758 1783 788 1808 et
804 1776 938 1808 mittent
956 1776 1084 1820 iniquos
1099 1776 1132 1808 ιή
1149 1776 1317 1808 caminum
1342 1775 1429 1819 iynis
1443 1776 1465 1816 ⁹,
1483 1778 1513 1806 et
1534 1775 1609 1807 item
1627 1780 1648 1796 ¹⁰
1668 1786 1675 1806 :
1694 1774 1777 1807 Ext-

185 1833 264 1866 bunt
280 1834 390 1879 cmqeli
400 1861 408 1874 ,
427 1841 457 1867 et
472 1834 671 1878 separabunt
684 1835 790 1867 nmlos
805 1834 842 1868 (le
858 1834 964 1867 medio
973 1835 1142 1877 justorum
1154 1861 1162 1873 1,
1177 1840 1208 1866 et
1223 1834 1358 1866 mittent
1369 1844 1419 1865 eos
1432 1833 1465 1865 in
1483 1832 1653 1865 caminum
1666 1832 1752 1877 iqnis
1764 1843 1777 1871 ,·

185 1896 213 1924 et
229 1892 348 1925 iterum
366 1894 383 1913 ¹¹
405 1904 411 1924 :
431 1894 540 1925 Minoe
557 1893 689 1937 cmqelos
704 1903 777 1924 suos
795 1902 866 1925 cum
888 1892 983 1931 tulta,
1001 1898 1030 1924 et
1053 1891 1296 1936 confi-eqabunt
1323 1892 1435 1924 eleetos
1452 1902 1471 1922 α
1495 1895 1635 1934 quatuor
1649 1890 1754 1922 ventis
1763 1900 1777 1929 ‚·

185 1955 214 1982 et
238 1950 401 1994 Propheta
424 1950 500 1982 dicit
516 1950 536 1966 ¹²²
554 1962 560 1982 ε
582 1951 787 1994 Conyreqate
807 1950 858 1982 illi
882 1956 1012 1982 sanctos
1038 1949 1107 1992 ojus
1123 1961 1135 1988 ;
1161 1949 1339 1981 ministerio
1355 1947 1547 1990 angelorum
1570 1947 1628 1979 illa
1647 1947 1776 1991 impleri

184 2007 402 2040 dubitandum
419 2019 484 2040 non
503 2012 561 2040 est.
579 2007 719 2040 Domino
735 2007 822 2039 enim
838 2008 989 2039 veniente
1004 2007 1043 2039 ad
1056 2007 1232 2050 judis-ium,
1247 2005 1403 2050 praecedet
1415 2009 1489 2037 ante
1505 2016 1579 2037 eum
1596 2004 1694 2047 ignis,
1711 2015 1777 2048 quo

185 2066 395 2099 comburetur
410 2066 506 2099 facies
523 2065 638 2098 mundi
655 2065 773 2109 hujus3
788 2069 819 2097 et
836 2065 954 2109 peribit
969 2065 1090 2097 coelum
1108 2069 1138 2096 et
1155 2068 1251 2104 terra,
1269 2074 1333 2096 non
1350 2062 1530 2095 secundum
1547 2061 1774 2102 substantiam,

185 2125 239 2157 sed
254 2124 432 2157 secundum
454 2123 613 2168 speciem,
638 2135 711 2167 quae
734 2122 987 2163 immutabitur,
1010 2122 1129 2155 coelum
1157 2121 1288 2165 quidem
1314 2131 1467 2160 aereum,
1494 2130 1558 2151 non
1583 2119 1773 2152 aethereum.

185 2182 327 2214 Tantum
344 2182 430 2214 enim
452 2181 601 2214 ascendet
621 2181 706 2224 ignis
729 2180 761 2213 in
783 2180 929 2224 judicio,
947 2184 1110 2224 quantum
1136 2179 1353 2211 ascenderunt
1374 2188 1466 2221 aquae
1489 2176 1523 2208 in
1548 2175 1687 2208 diluvio.
1715 2175 1776 2208 Ille

186 2244 293 2272 autem
318 2240 403 2283 ignis
426 2239 542 2280 malis,
560 2239 618 2282 qui
645 2238 762 2282 reperti
787 2237 910 2270 fuerint
934 2237 1021 2278 vivi,
1039 2237 1099 2269 erit
1120 2236 1346 2280 consumptio3
1364 2234 1458 2267 bonis
1475 2245 1551 2266 vero
1573 2244 1639 2266 non
1652 2259 1660 2274 ,
1676 2238 1713 2266 ut
1733 2233 1778 2265 ait

185 2298 392 2341 Augustinus
407 2298 439 2330 ¹³.
457 2297 525 2330 Hoc
547 2297 607 2329 erit
623 2296 811 2329 incendium
833 2295 947 2328 mundi
967 2295 1105 2336 sanctis,
1126 2294 1213 2339 quod
1234 2294 1294 2326 fuit
1312 2292 1460 2325 caminus
1475 2291 1578 2324 trihus
1592 2291 1702 2335 pueris
1719 2303 1725 2322 :
1743 2290 1777 2322 in

186 2355 307 2400 quibus
331 2356 357 2387 si
381 2355 505 2399 aliquid
529 2354 738 2399 purgandum
767 2353 887 2394 tuerit,
912 2352 1079 2397 perillum
1102 2352 1212 2394 ignem
1228 2350 1446 2396 purgabitur3
1464 2349 1537 2381 aliis
1555 2359 1632 2381 vero
1647 2347 1773 2380 nullam

185 2413 311 2456 ingeret
333 2412 525 2445 molestiam.
544 2412 688 2455 Purgato
710 2422 784 2444 vero
802 2422 858 2455 per
876 2411 985 2454 ignem
1004 2410 1125 2443 mundo
1140 2436 1147 2450 ‚
1165 2414 1195 2442 et
1215 2409 1253 2442 ad
1266 2408 1428 2453 judicium
1446 2406 1596 2439 veniente
1611 2405 1750 2438 Domino
1765 2431 1773 2447 ,

187 2472 353 2504 emittetur
368 2481 430 2503 vox
446 2469 503 2501 illa
525 2480 660 2511 magna,
677 2480 743 2513 qua
760 2473 931 2511 resurgent
951 2478 1063 2500 omnes
1079 2467 1199 2499 mortui
1214 2480 1221 2507 ;
1239 2470 1269 2498 et
1285 2470 1363 2498 tunc
1386 2463 1565 2496 ministerio
1580 2463 1774 2505 angelorum

187 2528 400 2562 ventilabitur
413 2538 507 2568 area,
524 2527 600 2571 quia
617 2527 693 2559 boni
718 2526 1007 2569 congregabuntur
1022 2525 1068 2558 ibi
1088 2525 1127 2557 dc
1148 2528 1291 2568 quatuor
1315 2522 1461 2566 partibus
1485 2520 1602 2553 mundi
1626 2520 1774 2563 angelico

221 2618 227 2632 ¹
241 2618 326 2647 Greg„
340 2616 383 2640 lib.
403 2616 455 2645 cit,
471 2622 492 2638 c,
508 2621 568 2638 xxv.
582 2628 608 2631 —
625 2615 633 2629 ’Ξ
650 2614 730 2637 ΜαίίΙι
745 2633 752 2644 ,
767 2620 827 2643 xxv,
843 2616 881 2637 35Δ
898 2628 926 2631 -
945 2614 953 2627 ³
966 2614 1025 2641 lm,
1041 2620 1079 2641 111,
1098 2615 1132 2636 14.
1151 2626 1175 2630 --
1197 2613 1207 2629 ⁸
1223 2613 1308 2641 Proin,
1324 2617 1395 2638 xxxi,
1412 2612 1450 2634 23.
1464 2622 1492 2626 —
1509 2610 1519 2625 ¹⁵
1532 2608 1590 2637 Job,
1608 2614 1695 2638 xxxvi,
1711 2609 1734 2632 6.
1750 2622 1774 2625 -

189 2653 198 2667 ⁶
214 2654 298 2683 Apoc„
316 2658 353 2682 111,
370 2654 447 2675 2i.—
464 2650 472 2666 ⁷
484 2651 570 2681 Greg„
586 2649 629 2673 lib.
643 2649 696 2679 cit,
713 2656 734 2672 c.
753 2655 822 2673 xxvi.
839 2663 863 2666 -—
878 2649 887 2666 Β
900 2649 975 2679 Ihm„
990 2656 1011 2672 c,
1026 2654 1149 2672 xxv11.—
1161 2648 1171 2664 ⁹
1182 2647 1283 2677 Mamm,
1297 2652 1356 2676 xlii,
1370 2647 1448 2669 tr-
1465 2645 1483 2661 ¹⁰
1497 2644 1568 2674 thid„
1583 2645 1620 2667 49.
1633 2657 1657 2660 -
1675 2643 1776 2667 ¹¹1bid..

187 2693 258 2718 xxiv,
275 2690 312 2712 31.
326 2701 355 2704 —
370 2688 388 2703 ¹⁷
406 2687 443 2710 l's.
462 2685 640 2715 xL1x‚5.—¹²
652 2686 725 2714 Aug„
740 2684 769 2707 de
784 2684 859 2708 civit.
878 2685 936 2714 Dei,
951 2684 994 2707 lib.
1012 2683 1064 2712 XX,
1078 2690 1100 2707 c.
1115 2689 1187 2706 xviii.
