1991 3006
800 161 915 195 LIBER
937 161 1128 201 QUARTUS.

172 233 281 265 Unctio
305 233 469 265 mundabit
492 233 648 271 animam,
666 232 814 262 morbum
832 240 936 261 remo-

251 287 351 325 vehit,

170 340 202 371 Si
217 349 362 370 summus
378 340 527 379 physicus
540 339 599 369 hoc
616 347 683 369 esse
698 340 735 376 (a)
755 345 878 367 necesse
895 336 939 366 vi-

249 393 331 423 debit
341 417 348 430 ,

171 445 258 476 Intus
277 454 341 483 res,
363 445 495 483 signum
518 445 603 481 foriS,
627 443 738 474 Unctio
762 443 830 482 quit
849 441 939 481 repli-

249 498 312 528 cari
321 509 327 535 ;

169 552 270 588 Quam
296 552 322 581 si
341 554 538 588 contemnas,
557 550 590 580 in
609 550 762 581 damnum
782 550 831 580 dic
847 559 938 589 repu-

248 604 318 634 tari.

168 656 206 688 Et
220 658 414 687 sacramenta
428 655 576 696 quaedam
593 658 742 695 poterunt
757 655 875 685 iterari.

168 708 227 746 Qui
243 712 312 749 post
328 718 461 740 uxorem
475 709 610 748 primam
626 709 685 738 sibi
705 708 907 748 posteriorem

168 761 267 798 Ducit,
285 772 348 792 non
363 762 454 792 debet
468 762 607 792 benedici
621 773 628 792 ;
638 763 692 800 jus
706 761 749 792 ita
764 761 894 801 praebet.

382 869 597 901 DlSTINCTlO
620 869 723 899 XXIV.

275 945 310 972 De
325 946 466 972 Ordinibus
480 946 664 972 ecclesiasticis
672 966 680 979 ,
697 948 758 979 quot
771 947 834 973 sint.

199 1025 269 1048 Nunc
285 1025 316 1048 ad
333 1025 561 1048 considerationem
577 1032 655 1048 sacra:
669 1025 843 1055 ordinationis,
855 1028 903 1049 etc.

207 1082 332 1122 Septem
348 1091 511 1112 sacrorum
524 1082 641 1121 species
657 1085 730 1112 sunt
744 1083 932 1119 officiorum,

167 1134 205 1164 Hi
233 1135 386 1174 gradibus
415 1137 534 1174 septem
563 1135 660 1173 digne
683 1135 815 1166 Domino
837 1138 935 1166 famu-

244 1189 361 1226 lantur,

166 1242 225 1278 Qui
240 1245 358 1281 septem
374 1241 465 1272 donis
475 1242 719 1281 septempliciter
730 1242 929 1273 decorantur.

165 1294 301 1324 Clericus
316 1304 334 1324 a
348 1294 442 1325 cleros
458 1294 587 1324 sortitus
601 1298 683 1325 sorte
699 1298 840 1333 vocatur,

164 1348 268 1387 Atque
282 1350 463 1386 coronatur,
475 1348 550 1387 quia
562 1358 674 1387 regere
688 1359 721 1379 se
734 1352 890 1387 teneatur,

164 1401 208 1430 Ac
220 1400 307 1436 alios,
323 1401 421 1431 veluti
440 1410 495 1431 rex
511 1410 622 1440 regere
637 1411 749 1440 regna,
768 1402 930 1442 probatur.

164 1453 249 1484 Ostia
264 1453 402 1484 servabit
416 1453 538 1492 primus
551 1453 588 1484 de
597 1455 671 1493 jure
688 1455 842 1492 minister,

164 1506 361 1546 Ejiciensque
389 1507 489 1537 malos
501 1531 509 1544 ,
537 1507 642 1546 dignis
667 1508 821 1548 templum
852 1518 931 1540 rese-

243 1560 334 1590 rabit.

164 1613 238 1643 Haec
251 1612 403 1643 Dominus
416 1613 496 1650 fecit,
513 1623 585 1644 cuni
599 1615 770 1645 vendentes
783 1617 813 1645 et
827 1624 932 1645 emen-

241 1667 286 1696 tes

163 1718 205 1749 De
229 1719 345 1758 templo
358 1720 446 1758 jecit,
465 1719 618 1758 templum
641 1720 771 1750 minime
787 1730 926 1751 reveren·

242 1774 299 1802 tes.

163 1825 305 1856 Lectores
330 1826 438 1865 legere
467 1825 596 1863 debent,
624 1825 841 1866 populumque
867 1836 931 1858 mo-

241 1888 315 1909 nere
329 1890 336 1909 ι

161 1931 273 1962 Doctor
287 1932 449 1962 doctorum
467 1933 546 1971 legit
565 1933 669 1963 turbae
683 1934 856 1964 seniorum.

162 1985 284 2015 invisos
298 1985 404 2015 hostes
419 1986 520 2016 bonus
537 1985 698 2016 Exorcista
713 1987 848 2025 fugabit,

161 2038 244 2075 Quos
259 2038 426 2077 adjurabit,
444 2039 487 2068 sic
501 2039 645 2069 obsessos
660 2040 823 2070 relevabit.

160 2090 253 2122 Ferre
268 2091 320 2121 sed
333 2091 454 2131 Acolyti
470 2092 582 2122 debent
596 2093 782 2123 candelabra
797 2094 866 2124 niti.

160 2144 275 2175 Levitis
290 2143 462 2174 Sublevitae
479 2146 597 2175 servire
613 2148 775 2185 parentur.

159 2196 273 2227 Sistere
288 2197 480 2237 presbyteris
496 2197 625 2235 Levitaff,
642 2199 749 2238 sicque
761 2200 926 2238 jubentur,

159 2250 194 2280 ln
209 2251 304 2280 saeris
319 2250 430 2281 dandis
442 2251 587 2290 ipsosque
600 2253 714 2290 juvare
729 2254 886 2282 tenentur.
909 2279 913 2283 .

158 2301 275 2333 Levitae
290 2303 403 2334 debent
419 2303 630 2342 Evangelium
647 2305 786 2335 recitare.

158 2355 335 2396 Presbyteri
353 2357 409 2387 soli
425 2356 539 2387 debent
553 2358 657 2387 oblata
672 2367 806 2388 sacrare.

158 2410 243 2441 Dicta
259 2410 409 2450 mysteria
425 2411 545 2441 dudum
565 2414 638 2441 sunt
653 2412 845 2450 significata3

158 2463 216 2494 Per
244 2462 351 2494 Jesum
377 2463 537 2494 Christum
565 2466 640 2494 sunt
666 2464 756 2494 nobis
779 2465 926 2496 corrobo-

237 2518 319 2553 rata;

188 2596 222 2626 (a)
236 2595 295 2619 Caet.
308 2595 361 2619 erm
372 2596 439 2619 deest
452 2604 517 2620 esse.
528 2609 558 2613 -
573 2596 606 2626 (b)
621 2596 679 2619 Item
692 2597 769 2620 Voce.
780 2609 804 2612 —
823 2598 852 2628 (c)
867 2598 925 2621 Item

156 2632 283 2656 benur-
296 2631 333 2661 (cl)
349 2632 407 2654 Coet.
422 2631 482 2655 edit.
498 2639 591 2656 sacros.
607 2645 636 2649 -
648 2632 679 2662 (e)
694 2632 753 2655 Item
773 2635 818 2656 ost.

1704 169 1762 197 ⁶53

994 229 1068 260 Inde
1085 238 1140 268 per
1155 229 1323 262 Ecclesiam
1345 232 1489 264 distincte
1507 234 1581 263 sunt.
1596 233 1761 265 celebrata.

993 281 1047 312 Est
1069 282 1145 313 ordo
1171 284 1317 322 quaedam
1340 286 1495 325 promotio
1520 295 1638 325 magna
1663 286 1762 317 bono-

1074 345 1146 366 rum
1160 347 1167 373 ;

993 388 1052 419 Sed
1071 391 1194 419 tantum
1218 391 1297 420 sacri
1317 393 1378 423 tres
1393 394 1466 423 sunt
1482 392 1689 423 nihilominus
1703 393 1760 422 ho-

1072 451 1156 472 rum.

993 494 1092 525 Officii
1106 504 1224 525 nomen
1240 496 1376 535 dignum
1392 498 1430 527 sit
1450 498 1660 530 Pontificatus.

993 547 1074 578 Ordo
1088 547 1275 578 Pontificum
1292 550 1436 588 signetur
1450 552 1720 591 quadruplicatus

993 601 1106 631 Cantor
1120 601 1252 639 dicatur,
1270 602 1301 632 in
1316 606 1410 633 cantu
1425 605 1479 643 qui
1501 605 1683 635 moderatur

991 653 1105 684 Vocem
1123 653 1157 692 (b)
1178 663 1185 683 :
1200 655 1252 684 sed
1268 654 1363 686 Missa
1377 659 1466 687 sonat
1481 657 1518 688 ad
1539 658 1707 688 Dominum
1725 659 1760 697 (c)

1071 715 1162 745 quas¹
1178 716 1284 737 mlssa.

1211 816 1430 850 DISTlNCTlO
1452 818 1540 850 XXV.

1170 893 1206 919 De
1230 893 1362 920 ordinatis
1387 895 1420 920 ab
1443 895 1584 922 haereticis.

1047 972 1117 995 Solet
1129 973 1204 996 etiam
1221 973 1308 1003 quaeri,
1323 974 1342 997 si
1357 974 1469 998 haeretici
1484 975 1514 998 ab
1530 973 1645 1005 Ecclesia,
1657 977 1703 999 etc.

1030 1028 1089 1065 Qui
1108 1029 1321 1068 depravantur
1342 1031 1472 1069 haeresi,
1495 1032 1545 1063 vel
1564 1033 1604 1062 ab
1626 1032 1760 1063 Ecclesia

1069 1085 1260 1120 resecantur,

990 1134 1124 1166 Possunt
1139 1146 1226 1166 sacra
1240 1137 1324 1175 dare,
1342 1147 1466 1169 sacrum
1484 1139 1527 1178 (d)
1545 1149 1666 1171 necnon
1682 1140 1758 1171 cele-

1070 1190 1173 1220 lirare.

989 1241 1106 1272 Verum
1122 1243 1246 1274 lucrose
1264 1253 1326 1275 non
1344 1245 1429 1283 dant,
1446 1246 1498 1276 sed
1515 1247 1696 1285 perniciose.

989 1295 1127 1335 Cumque
1143 1297 1238 1328 semel
1255 1297 1381 1334 dentur,
1399 1307 1599 1338 nequaquam
1616 1302 1685 1339 post
1700 1301 1756 1332 ite-

1067 1352 1188 1380 rentur.

988 1401 1076 1432 Multi
1092 1403 1262 1433 vendentes
1277 1413 1348 1434 cum
1368 1404 1495 1435 Simone
1513 1409 1596 1444 sunt,
1610 1409 1639 1437 et
1653 1416 1758 1437 emen-

1068 1458 1113 1485 tes

989 1507 1235 1538 Sacramentales
1255 1519 1305 1539 res
1319 1520 1394 1540 vere
1411 1511 1599 1550 spirituales

987 1560 1069 1590 Talis
1084 1561 1123 1591 ab
1139 1562 1241 1592 officio
1255 1566 1399 1602 suscepto
1409 1565 1482 1603 jure
1497 1565 1626 1604 ligatur,

987 1612 1134 1653 Quisquis
1158 1614 1191 1643 111
1217 1615 1382 1646 ordinibus
1407 1627 1479 1647 cum
1509 1617 1637 1649 Simone
1665 1619 1758 1651 simo-

1067 1668 1183 1698 nialur.

988 1721 1020 1751 Si
1034 1721 1233 1760 dispensatur
1248 1732 1320 1753 cum
1336 1723 1402 1761 tali,
1418 1726 1490 1754 tunc
1506 1728 1683 1757 revocatur.

988 1773 1121 1805 AEtatem
1136 1774 1262 1813 licitam,
1280 1785 1342 1816 qua
1358 1777 1502 1817 quisquis
1517 1781 1754 1818 promoveatur,

987 1827 1090 1858 Canon
1104 1829 1254 1865 declarat,
1271 1830 1333 1860 nisi
1346 1831 1409 1861 vita
1423 1831 1526 1869 inagis
1544 1834 1711 1863 mereatur.

1204 1940 1421 1972 DISTINCTIO
1442 1942 1544 1973 XXVI.

1005 2017 1041 2043 De
1055 2020 1220 2045 sacramento
1236 2019 1367 2052 conjugii,
1383 2019 1456 2052 cnjus
1470 2020 1604 2047 institutio
1620 2022 1643 2047 et
1658 2029 1738 2048 causa

1296 2063 1453 2090 ostenditur.

1079 2142 1140 2165 Cum
1151 2142 1198 2165 alia
1215 2144 1373 2167 sacramenta
1384 2146 1441 2173 post
1451 2146 1582 2174 peccatum
1593 2163 1600 2174 ‚
1614 2146 1662 2168 etc.

1027 2203 1165 2233 instituit
1180 2205 1278 2243 prius,
1295 2207 1330 2235 ut
1345 2205 1458 2243 decuit,
1478 2207 1547 2245 pius
1562 2206 1613 2237 ille
1627 2206 1753 2237 Creator

987 2257 1191 2296 ConJ'ugium,
1208 2258 1259 2288 sed
1276 2259 1308 2288 in
1324 2259 1479 2289 officium:
1498 2270 1582 2291 nunc
1598 2264 1628 2290 et
1648 2261 1681 2299 (e)
1694 2260 1755 2291 Me-

1065 2310 1177 2340 diator.

985 2362 1072 2393 Tunc
1088 2364 1276 2403 praeceptive
1289 2366 1446 2396 connubia
1459 2376 1547 2397 sacra
1561 2367 1731 2405 dabantur3

985 2417 1041 2446 Ast
1058 2417 1210 2447 indultivc
1224 2427 1309 2447 nunc
1322 2427 1340 2448 a
1355 2419 1444 2449 nobis
1460 2420 1668 2451 celebrantur.

986 2468 1075 2499 Nunc
1093 2469 1308 2508 indulgentur,
1329 2473 1362 2500 ut
1381 2472 1463 2502 foeda
1480 2472 1574 2503 libido
1590 2473 1719 2512 ligetur.

987 2521 1078 2552 Nunc
1093 2522 1312 2561 indulgentur,
1325 2525 1552 2564 conceduntur,
1568 2527 1753 2559 tolerantur.

985 2574 1074 2611 Quod
1091 2575 1171 2605 bona
1191 2576 1255 2605 sint
1271 2576 1395 2613 Christi,
1415 2578 1465 2616 pia
1480 2579 1629 2617 dogmata
1646 2580 1752 2611 testifi-

1063 2630 1187 2658 cantur.
