1991 3006
33 505 133 528 Fundam,

41 2155 73 2175 Ad
89 2162 140 2181 opp.

573 210 667 241 DIST.
694 209 723 240 L.
750 207 864 239 PART.
890 208 912 237 I.
937 208 1026 239 ART.
1054 210 1075 242 l.
1100 211 1252 248 QUAEST.
1273 210 1326 241 III.

408 329 587 367 QUAESTIO
610 329 662 360 Ill.

232 412 273 437 An
286 411 409 437 damnati
422 411 505 437 velint
520 418 606 437 omnes
622 417 674 437 esse
688 411 796 436 miseros
810 409 828 435 ¹.

193 489 304 520 Utrum
325 489 465 520 damnati
483 489 611 519 mallent
627 498 736 519 omnes
756 488 920 518 damnatos

151 552 233 580 esse,
263 552 359 582 quam
380 542 532 582 quosdam
554 542 736 578 damnatos,
767 540 920 580 quosdam

150 597 278 632 beat0s;
301 598 329 626 et
349 595 433 635 quod
454 595 584 625 mallent
605 604 716 625 omnes
739 603 806 625 esse
831 594 919 624 dam-

150 651 252 686 natos,
266 649 442 678 ostenditur
455 648 559 687 primo
573 657 629 687 per
645 647 720 678 illud
734 647 817 687 quod
834 655 922 677 com-

151 702 291 732 muniter
306 701 469 731 consuevit
485 701 546 730 dici
561 712 567 731 :
594 700 747 731 Solatium
764 702 811 730 est
826 699 919 729 mise-

150 755 194 786 ris
209 755 308 785 socios
322 755 439 785 habere
457 763 640 793 poenarum.

191 808 269 839 Item
285 807 346 837 hoc
360 807 536 837 ostenditur
550 816 606 847 per
620 807 696 837 illud
711 807 795 846 quod
809 806 924 837 dicitur

150 861 184 891 in
204 861 282 891 Isaia
305 863 316 878 ²
339 871 345 890 z
372 862 589 892 Szcrreoeerlmt
604 859 642 891 de
658 860 765 897 soliis,
792 860 921 890 Glossa:

155 926 169 943 «
193 914 348 945 Solatium
372 916 418 944 est
439 913 596 943 malorum
614 913 730 943 multos
751 913 850 943 socios
866 913 921 943 ha-

151 969 224 998 bere
241 977 419 1007 poenarum.
439 978 453 994 n

192 1021 269 1051 Item
285 1020 497 1059 Augustinus,
514 1020 552 1049 De
566 1019 819 1051 catechizandis
833 1019 924 1050 rudi-

153 1075 210 1106 bus
229 1085 239 1104 :
268 1085 282 1102 (ι
298 1074 414 1104 Cautus
439 1075 520 1109 esto,
546 1081 586 1101 ne
606 1072 660 1102 tibi
680 1072 806 1101 aliunde
826 1072 925 1102 hostis

153 1128 312 1166 subrepat,
329 1126 403 1165 quia
418 1125 564 1155 solatium
574 1125 654 1158 ,mali
670 1124 922 1155 valentissimum

151 1189 219 1210 suae
234 1179 424 1215 voluntatis,
446 1187 517 1208 cum
536 1177 652 1216 quibus
667 1177 852 1215 damnetur,
872 1178 924 1207 in-

152 1233 259 1272 quirit.
281 1245 294 1260 »
313 1233 396 1270 Ergo
417 1231 493 1261 illud
515 1233 561 1261 est
576 1231 723 1261 solatium
745 1231 922 1269 malorum3

153 1286 178 1316 si
201 1295 280 1325 ergo
296 1285 354 1325 ipsi
370 1285 517 1321 fuerunt,
543 1287 571 1314 et
587 1285 762 1315 desiderant
779 1285 862 1324 quod
879 1287 925 1315 nst

153 1339 192 1369 ad
207 1339 370 1375 solatium,
386 1340 489 1377 patet,
507 1341 564 1368 etc.

194 1392 271 1423 Item
287 1392 408 1422 ratione
423 1391 563 1429 videtur,
581 1391 655 1430 quia
679 1391 798 1422 invidia
820 1392 925 1431 surgit

153 1455 192 1477 ex
207 1445 329 1476 defectu
343 1445 516 1482 charitatis,
532 1447 561 1474 et
574 1453 681 1475 amore
698 1445 815 1484 proprii
827 1445 901 1475 boni
918 1456 924 1475 :

153 1500 204 1530 se³3
224 1501 397 1538 utrumque
412 1499 445 1528 in
470 1498 625 1528 damnatis
647 1501 693 1528 est
712 1508 719 1528 :
738 1508 815 1538 ergo
831 1501 879 1529 est
894 1499 926 1528 in

153 1553 198 1582 eis
216 1552 355 1582 maxima
370 1551 505 1581 invidia:
523 1560 601 1590 ergo
616 1552 642 1580 si
659 1551 784 1582 invidus
800 1552 924 1582 nullum

153 1605 248 1636 vellet
273 1604 377 1634 videre
408 1604 550 1641 bonum,
574 1612 631 1633 nec
658 1604 786 1634 beatum
806 1615 813 1641 3
847 1614 926 1643 ergo

154 1657 293 1688 damnati
315 1657 431 1687 vellent
453 1656 537 1695 quod
558 1665 667 1686 omnes
690 1666 755 1686 una
781 1666 853 1687 cum
883 1658 926 1687 eis

155 1713 257 1741 essent
277 1709 434 1745 damnati,
452 1709 557 1747 magiS
576 1718 672 1747 quam
690 1710 774 1748 quod
795 1710 925 1749 quidam

154 1766 258 1794 essent
272 1762 429 1799 damnati,
448 1761 577 1801 quidam
592 1762 685 1792 beati.

197 1817 274 1847 Item
296 1815 394 1846 sancti
419 1817 448 1845 et
479 1815 618 1844 damnati
639 1815 678 1845 ad
702 1815 838 1845 invicem
866 1816 926 1846 ini-

157 1871 227 1900 mici
249 1873 321 1900 sunt
344 1871 471 1908 propter
487 1869 564 1906 hoc,
585 1869 670 1908 quod
690 1869 829 1899 damnati
852 1872 927 1899 sunt

157 1924 276 1954 inimici
292 1923 343 1953 Dei
357 1934 363 1951 :
377 1931 464 1961 ergo,
481 1931 553 1952 cum
566 1922 706 1952 damnati
717 1931 781 1952 non
794 1923 928 1961 diligant

157 1977 317 2012 inimicos,
347 1976 398 2006 sed
431 1975 530 2014 potius
562 1975 685 2012 odiant;
720 1978 749 2005 et
778 1976 833 2014 qui
863 1976 928 2006 odit

157 2031 266 2068 alium,
285 2029 391 2059 mallet
407 2029 513 2068 ipsum
528 2028 634 2059 videre
651 2028 814 2066 miserum,
831 2038 927 2068 quani

158 2084 304 2120 beatum;
322 2092 413 2121 ergo,
430 2084 489 2112 etc.

199 2137 311 2167 Contra
324 2146 331 2166 :
345 2139 373 2166 1.
393 2135 424 2165 ln
442 2136 526 2166 Luca
540 2135 655 2165 dicitur
668 2135 705 2165 de
719 2131 826 2173 divite,
843 2136 927 2175 quod

158 2190 291 2229 rogabat
301 2190 311 2206 ³
320 2198 377 2229 pro
391 2190 408 2228 f
409 2189 548 2221 ratribus
564 2198 602 2220 ne
616 2189 760 2221 venirent
776 2191 812 2220 z'n
827 2190 928 2222 locum

159 2246 382 2274 tormentorum
398 2252 407 2270 .·
432 2251 511 2280 ergo
531 2251 604 2271 cum
627 2242 767 2271 damnati
793 2243 929 2273 habeant

160 2295 277 2326 multos
300 2295 553 2332 consanguineos
577 2294 609 2323 in
631 2295 728 2332 eoelo3
752 2305 829 2334 ergo
847 2296 929 2326 mal-

160 2348 223 2378 lent
237 2357 290 2378 eos
304 2357 370 2377 esse
387 2347 421 2377 in
436 2347 525 2384 coelo,
542 2356 638 2386 quam
652 2348 684 2377 in
700 2348 834 2379 inferno.

199 2403 229 2431 ΕΞ.
255 2400 330 2431 Item
345 2400 497 2437 damnati,
513 2400 570 2430 etsi
587 2401 725 2431 habeant
741 2402 855 2432 malam
873 2411 928 2432 vo-

161 2454 331 2490 luntatem,
352 2462 416 2483 non
438 2456 543 2483 tamen
567 2453 770 2492 perdiderunt
790 2454 927 2485 affectio-

162 2516 233 2538 nem
250 2506 436 2544 naturalem,
453 2507 536 2545 quod
555 2509 647 2545 patet,
665 2507 738 2546 quia
751 2507 929 2547 impiissimi

162 2559 307 2590 nomines
321 2559 459 2597 diligunt
473 2559 530 2589 sibi
542 2559 721 2598 proximos:
737 2560 790 2591 sed
804 2561 836 2590 iu
852 2570 929 2600 prae-

195 2641 199 2653 ·
218 2640 257 2669 ΘΙ.
278 2640 303 2663 S.
321 2638 421 2666 Thoai..
438 2639 463 2661 in
478 2639 564 2670 Suppl.
583 2646 607 2669 p.
627 2640 668 2669 ΙΙΙ,
686 2647 710 2670 q.
728 2646 816 2669 xcvui,
838 2644 883 2665 nrt.
903 2644 928 2672 '¹5

162 2675 288 2704 Richard„
311 2675 341 2698 lv
369 2675 449 2705 Sem„
472 2675 529 2698 dist.
555 2681 582 2705 L,
607 2678 654 2699 art.
679 2677 701 2705 ὁ,
723 2683 748 2706 q.
773 2682 813 2706 nu
840 2678 928 2708 Steph.

1684 214 1742 243 605

974 277 1064 314 senti,
1082 278 1107 307 si
1123 280 1211 317 pater
1226 278 1321 307 miser
1339 276 1432 307 hahet
1452 276 1556 307 filium
1576 277 1741 316 miserum,

974 338 1037 359 non
1051 329 1178 360 laetatur
1190 354 1199 367 ,
1217 330 1270 360 sed
1290 329 1396 371 magis
1410 329 1554 359 tristatur
1568 329 1607 360 de
1626 330 1677 360 tali
1693 339 1744 360 so-

975 382 1084 413 cietate
1098 394 1104 413 :
1122 392 1202 422 ergo
1215 383 1359 413 similiter
1374 383 1407 412 in
1422 382 1555 413 inferno.

1016 439 1044 466 3.
1069 436 1166 473 Item,
1184 436 1210 466 si
1224 436 1364 466 damnati
1383 435 1595 466 desiderarent
1609 435 1745 465 aliorum

975 489 1227 525 damnationem,
1242 498 1320 527 ergo
1336 489 1418 518 sicut
1439 490 1591 519 cresceret
1611 488 1746 518 aliorum

976 542 1154 579 damnatio,
1172 542 1216 572 ita
1234 544 1264 572 et
1281 541 1449 572 consolatio
1465 551 1588 579 eorum,
1603 542 1678 581 quia
1692 541 1745 572 de-

976 595 1126 625 siderium
1138 619 1146 633 ,
1164 595 1190 625 si
1206 595 1412 634 compleatur,
1437 595 1567 625 delectat
1587 595 1743 625 animam:

977 657 1053 686 ergo
1078 650 1148 687 post
1172 648 1317 678 omnium
1341 647 1578 678 damnationem
1603 651 1695 678 erunt
1715 649 1747 678 iu

978 701 1090 740 maj0ri
1115 701 1326 731 consolatione
1356 713 1361 731 :
1393 701 1476 740 quod
1506 704 1553 731 est
1583 702 1747 732 manifeste

978 754 1090 784 falsum
1103 766 1110 792 ;
1124 755 1188 785 imo
1199 756 1351 784 cresceret
1364 754 1526 792 desolatio,
1539 755 1618 784 sicut
1631 754 1747 785 dicitur

978 816 1073 846 super
1096 807 1172 837 illud
1194 806 1307 837 Psalmi
1323 808 1332 822 ⁸
1357 818 1363 834 z
1384 807 1585 838 Desiderimn
1604 810 1748 845 peccato-

980 869 1049 891 rum
1071 860 1207 900 peribit,
1238 860 1345 890 Glossa
1371 869 1378 890 ε
1411 872 1425 889 α
1447 860 1538 890 Nullo
1565 860 1750 892 succedente

979 914 1100 944 solatio.
1119 924 1132 940 »

1019 969 1047 997 4.
1083 966 1159 996 Item
1175 967 1285 996 heatus
1307 967 1445 1005 adjectus
1460 967 1652 998 multitudini
1671 968 1749 998 elec-

980 1022 1086 1050 torum
1103 1020 1287 1059 multipllcat
1303 1020 1459 1058 gaudium
1473 1029 1480 1050 :
1497 1029 1584 1059 ergo,
1601 1021 1640 1051 ab
1656 1031 1750 1061 oppo-

980 1073 1062 1108 sitis,
1089 1073 1255 1103 damnatus
1278 1073 1448 1112 amplificat
1470 1083 1639 1104 mcerorem
1665 1086 1671 1104 :
1698 1074 1751 1104 sed

980 1127 1061 1156 sicut
1082 1127 1192 1156 heatus
1216 1126 1373 1156 desiderat
1402 1126 1677 1165 amplificationem
1703 1127 1751 1157 sui

982 1180 1101 1218 gaudii,
1119 1180 1161 1209 ita
1172 1180 1339 1210 damnatus
1354 1179 1599 1210 diminutionem
1611 1181 1658 1211 sui
1678 1189 1751 1211 moe-

980 1233 1061 1262 roris
1074 1242 1080 1262 :
1093 1241 1170 1271 ergo
1185 1242 1258 1263 cum
1273 1233 1353 1262 beati
1369 1242 1494 1273 semper
1509 1233 1608 1263 velint
1623 1234 1752 1264 miseros

981 1286 1146 1325 pervenire
1167 1286 1204 1316 ad
1232 1286 1368 1325 gloriam
1382 1310 1390 1324 ,
1407 1287 1547 1317 damnati
1573 1288 1749 1326 refugiunt,

980 1342 1015 1369 ut
1037 1339 1133 1378 aliqui
1157 1339 1347 1369 descendant
1369 1340 1407 1370 ad
1429 1349 1541 1370 eorum
1565 1341 1725 1370 miseriam
1743 1352 1749 1377 3

981 1401 1060 1431 ergo
1076 1392 1196 1422 nollent
1212 1392 1318 1422 beatos
1334 1401 1399 1422 esse
1414 1392 1591 1423 damnatos.

1274 1507 1498 1539 CONCLUSIO.

983 1589 1109 1614 Damnata
1124 1590 1214 1622 potius
1230 1589 1325 1615 vellent
1341 1596 1391 1615 esse
1406 1597 1492 1616 omues
1509 1590 1617 1616 miseros
1629 1610 1635 1622 ,
1654 1598 1732 1624 quam
1743 1611 1752 1624 ,

1019 1634 1085 1666 ipsis
1098 1633 1270 1659 ewistentibus
1286 1634 1405 1666 miseris,
1421 1634 1525 1667 aliquos
1541 1641 1591 1660 esse
1603 1634 1698 1661 beatos.

1024 1712 1115 1752 Resp.
1128 1712 1166 1742 ad
1181 1721 1251 1750 arg.
1264 1712 1437 1742 Dicendum
1452 1712 1534 1751 quod
1550 1713 1607 1743 etsi
1621 1713 1655 1743 in
1669 1714 1755 1743 dam-

982 1766 1063 1796 natis
1088 1766 1195 1805 aliquo
1220 1765 1313 1795 modo
1341 1766 1542 1796 remittantur
1570 1766 1754 1797 affectiones

983 1818 1158 1848 libidinosae
1196 1820 1323 1857 propter
1352 1827 1518 1857 poenarum
1555 1820 1752 1858 magnitudi-

984 1880 1068 1908 nem,
1086 1871 1158 1908 illae,
1177 1870 1319 1909 iuquam,
1337 1870 1534 1909 affectiones,
1551 1881 1623 1911 quae
1637 1872 1753 1902 liabent

983 1934 1141 1955 annexam
1162 1924 1417 1962 delectationem3
1440 1925 1509 1955 aliae
1533 1928 1639 1955 tamen
1659 1926 1753 1956 affec-

984 1978 1096 2015 tiones,
1114 1977 1146 2007 in
1160 1977 1277 2016 quilius
1291 1979 1336 2007 est
1351 1978 1530 2017 poenalitas,
1548 1979 1752 2018 vigorantur:

984 2030 1067 2061 unde
1083 2030 1138 2060 etsi
1156 2032 1254 2060 cessat
1269 2030 1434 2060 actualiter
1445 2031 1575 2061 affectus
1590 2031 1754 2062 luxurian-

985 2084 1015 2114 di
1034 2086 1063 2114 et
1086 2083 1285 2120 dominandi,
1303 2085 1407 2113 tamen
1428 2084 1602 2115 intenditur
1623 2085 1753 2116 affectus

985 2138 1051 2166 sive
1077 2138 1165 2167 furor
1189 2136 1410 2176 impatientiae,
1436 2139 1466 2167 et
1493 2137 1574 2168 livor
1597 2138 1750 2169 invidiae:

986 2190 1069 2220 unde
1083 2192 1158 2219 tune
1175 2190 1184 2206 ⁵
1199 2189 1346 2221 dentibus
1361 2191 1431 2221 suis
1445 2192 1596 2229 frement,
1613 2195 1641 2223 et
1656 2191 1754 2223 tabes-

985 2248 1076 2277 cent,-
1098 2246 1128 2273 et
1149 2244 1300 2282 quoniam
1324 2244 1446 2282 x'Igebit
1471 2245 1501 2274 iu
1526 2245 1570 2274 eis
1591 2245 1698 2275 odium
1724 2248 1754 2276 et

986 2297 1123 2333 invidia,
1148 2296 1217 2327 ideo
1242 2297 1448 2327 veliementer
1472 2298 1701 2336 tristabuntui',
1724 2301 1754 2329 et

986 2350 1144 2380 tabescent
1166 2349 1196 2378 in
1214 2350 1315 2388 gloria
1335 2350 1506 2380 electorum
1522 2351 1594 2382 Dei:
1619 2352 1698 2389 ideo⁷
1716 2352 1754 2382 ad

987 2402 1164 2432 satiandum
1177 2412 1266 2433 suam
1281 2403 1502 2442 impiissimam
1518 2405 1754 2435 aemulationem

987 2456 1159 2492 etodium,
1186 2455 1302 2486 vellent
1328 2456 1431 2487 nullos
1455 2467 1522 2487 esse
1545 2458 1669 2495 beatOS‚
1690 2457 1754 2489 imo

987 2518 1097 2538 omnes
1117 2517 1185 2538 esse
1213 2509 1355 2539 miseros.
1381 2509 1419 2540 Et
1445 2511 1518 2549 quia
1549 2520 1605 2541 nec
1635 2511 1691 2550 ipsi
1716 2511 1755 2541 ad

988 2561 1213 2591 beatItudinem
1234 2565 1364 2601 possunt
1389 2563 1588 2601 pertingere,
1606 2573 1661 2593 uec
1677 2563 1754 2594 alios

988 2642 1090 2671 Brulef.,
1110 2642 1138 2665 lv
1160 2642 1237 2672 sse-111„
1254 2642 1310 2666 dist,
1327 2649 1351 2672 L,
1371 2650 1396 2673 q.
1416 2649 1453 2666 ui.
1471 2656 1496 2659 —
1517 2643 1524 2656 ²
1540 2643 1597 2673 isa„
1616 2648 1669 2673 Xiv,
1686 2644 1708 2667 0.
1723 2656 1755 2661 —

987 2679 997 2694 ³
1013 2679 1079 2707 [uc.⁷
1094 2682 1148 2707 Χνι,
1161 2678 1199 2701 28.
1213 2690 1243 2694 -—-
1255 2678 1262 2691 ⁸
1277 2678 1345 2701 Psal.
1361 2684 1414 2708 cxi,
1433 2680 1467 2702 10.
1480 2691 1508 2695 —
1523 2679 1532 2694 ὅ
1543 2678 1604 2702 lbid.
