1991 3006
207 151 265 179 408
761 145 1064 177 sttN'i‘lcN'rlARUn
1094 145 1162 174 Lm.
1190 144 1236 174 Ν.

207 215 260 253 tis,
271 217 343 252 etc.;
357 215 387 244 in
403 215 494 244 tertia
508 215 649 243 removet
659 213 900 252 dubitationem,
916 213 972 243 ibi:

208 268 269 298 His
281 270 384 299 autem
396 267 534 298 occurrit
546 266 640 304 illud,
656 269 713 297 etc.

536 369 602 390 DUB.
627 369 647 390 Ῑ.

267 431 417 461 Progeniem
446 438 517 455 suam
542 438 750 462 unumquemque
777 438 855 462 usque
885 431 915 454 ad

485 466 619 497 septimum
628 485 636 497 ,
649 470 697 490 etc.

248 533 408 570 Quaeritur
421 542 518 572 quare
534 533 566 563 in
582 533 641 563 hoc
656 533 770 572 gradu,
788 532 854 562 sive
878 541 977 571 usque

206 586 345 617 adhunc
368 586 521 625 gradum,
543 586 715 625 Gregorius
736 586 839 625 potius
866 585 975 624 probi-

206 640 284 676 buit,
301 642 332 670 et
347 639 429 670 ultra
445 649 509 670 non
525 640 688 679 processit,
707 648 764 669 nec
782 639 866 669 stetit
884 639 972 669 citra.

246 692 337 732 Resp.
355 692 526 723 Dicendum
542 692 626 732 quod
642 692 699 722 hoc
715 692 810 722 habet
820 692 975 722 rationem

204 745 382 782 litteralem,
400 745 568 782 moralem,
584 745 788 784 allegoricam
811 747 842 774 et
856 753 976 783 anago-

204 799 310 837 gicam
331 810 336 828 :
358 798 522 828 litteralem
536 821 543 833 ,
561 797 637 837 quia
658 807 759 837 usque
786 798 825 827 ad
847 799 975 837 tempus

205 851 329 882 illud-in
344 850 481 890 antiquis
499 850 694 889 temporibus
716 851 790 880 satis
806 851 884 881 bene
900 860 974 881 con-

204 904 435 943 sanguinitates
449 905 593 943 poterant
608 904 785 942 computari
797 927 806 942 ,
823 906 853 934 et
872 904 976 934 homi-

204 967 260 989 nes
275 967 308 988 se
320 956 576 995 consanguineos
587 956 793 995 reputabant;
809 956 971 994 umralem,

204 1011 279 1050 quia
302 1010 335 1040 in
360 1009 536 1049 septenario
566 1009 754 1039 universitas
779 1010 874 1039 totius
901 1010 975 1040 vitae

204 1065 416 1102 concluditur,
435 1066 464 1094 ut
486 1065 671 1103 separantur
692 1073 710 1093 a
731 1064 976 1101 ‹onsanguineis

203 1119 269 1150 suis
283 1119 429 1149 homines
455 1128 556 1157 usque
579 1118 615 1148 ad
642 1120 762 1157 septem
793 1118 925 1156 gradus,
944 1121 975 1148 ut

205 1172 403 1211 significetur
417 1171 500 1211 quod
513 1171 599 1201 omni
615 1173 756 1210 tempore
772 1171 920 1201 vitandus
931 1173 978 1201 est

205 1225 372 1264 amplexus
387 1224 525 1261 illicitus,
542 1226 572 1253 et
593 1224 638 1253 sic
660 1223 804 1254 habenda
827 1227 874 1254 est
896 1233 978 1254 uxor

205 1281 239 1309 ut
255 1286 380 1316 semper
402 1277 619 1314 contineatur,
643 1278 678 1306 ut
701 1286 811 1307 omnes
835 1277 897 1307 sint
920 1278 978 1307 ha-

206 1332 313 1361 bentes
328 1339 445 1361 uxores
459 1332 612 1369 tanquam
633 1330 688 1369 qui
710 1339 772 1360 non
796 1330 928 1366 liabent,
948 1333 976 1360 vt

206 1384 267 1414 sint
280 1383 438 1422 eonjiineti
461 1385 496 1413 ut
511 1383 606 1413 etiam
625 1383 686 1413 sint
711 1382 919 1413 nihilomiuus
935 1393 979 1414 se-

205 1437 322 1477 parati3
338 1435 541 1475 allegoricam
552 1460 560 1473 ,
577 1435 728 1474 quoniam
753 1436 837 1465 enim
863 1446 978 1475 corpus

207 1491 327 1521 constat
336 1499 376 1520 ex
391 1490 528 1528 quatuor
543 1488 735 1519 humoribus
747 1513 755 1526 ,
773 1491 803 1519 et
819 1489 925 1520 anima
940 1500 979 1520 ex

207 1544 309 1574 tribus
324 1543 447 1573 viribus
461 1542 659 1581 potestative,
670 1544 706 1571 ut
719 1542 762 1571 sic
777 1542 977 1581 sigi‘iificelur

207 1596 292 1636 quod
315 1596 365 1626 vir
386 1595 477 1625 debet
501 1604 567 1625 esse
594 1594 722 1631 uxoris,
749 1597 780 1624 «et
808 1604 890 1625 uxor
916 1597 979 1625 tota

208 1650 282 1687 viri,
313 1649 387 1679 hinc
408 1651 454 1679 est
471 1648 554 1688 quod
571 1648 672 1687 proles
694 1647 733 1677 ab
749 1647 793 1677 eis
810 1649 979 1687 proceden-

208 1705 265 1741 tes,
283 1703 321 1733 ad
335 1702 395 1732 hoc
410 1701 493 1741 quod
514 1701 594 1731 bene
618 1700 738 1739 possint
753 1700 908 1740 copulari,
927 1701 981 1731 de-

210 1757 284 1787 bent
298 1765 354 1796 per
370 1754 489 1794 gradus
504 1756 624 1793 septem
645 1753 808 1791 elongari3
825 1755 979 1793 anagogi-

210 1811 299 1845 ca,ut
309 1808 385 1849 quia
398 1807 539 1838 Christus
554 1806 722 1837 animabus
733 1807 831 1837 beatis
848 1808 983 1843 perlecta

211 1862 431 1902 conjunctione
447 1862 475 1890 et
491 1861 677 1890 confirmata
697 1869 760 1889 non
776 1861 984 1900 conjungitur

211 1918 284 1946 ante
298 1917 440 1946 octavam
464 1914 502 1952 (a)
520 1913 775 1951 resurrectionis,
791 1914 835 1943 sic
850 1924 985 1954 sponsus

212 1971 243 1998 et
261 1977 377 2008 sponsa
400 1969 472 1997 anie
494 1968 643 1997 octavum
667 1966 804 2005 gradum
829 1969 984 2007 conjungi

214 2031 277 2052 non
286 2021 419 2051 debent:
437 2020 518 2050 etsie
531 2021 615 2059 patet
624 2019 708 2058 quod
719 2022 850 2050 octavus
863 2020 897 2059 (b)
913 2030 986 2059 gra-

214 2075 273 2105 dus
286 2083 350 2104 non
363 2076 429 2104 erat
445 2072 640 2112 prohibitus,
656 2074 686 2102 et
700 2081 800 2111 quare
816 2073 986 2111 prohibitio

215 2136 248 2158 se
258 2127 399 2158 extendit
413 2135 513 2166 usque
528 2126 564 2155 ad
588 2125 726 2164 gradum
747 2125 918 2164 septimum
942 2125 987 2155 in-

216 2180 346 2210 clusive.
363 2180 399 2210 Et
410 2178 557 2219 quamvis
571 2178 640 2208 haee
654 2178 834 2207 constitutio
849 2179 987 2208 multum

217 2235 296 2263 esset
310 2241 463 2272 congrua,
476 2234 583 2263 tamen
593 2231 707 2260 cassari
719 2231 826 2262 debuit
839 2241 879 2262 ex
895 2241 987 2262 causa

219 2285 403 2320 necessaria,
422 2284 503 2321 utili,
522 2287 552 2314 et
568 2292 722 2321 congrua.

541 2386 608 2407 DUh.
632 2385 662 2406 ΙΙ.

279 2449 405 2480 Negantes
431 2448 537 2478 gradum
562 2447 721 2478 cognationis
745 2448 811 2471 inter
836 2450 933 2478 patrem

507 2482 623 2506 etlilium
634 2501 641 2512 ,
660 2485 708 2506 ete.

262 2543 392 2582 Videtur
414 2552 495 2582 male
517 2551 637 2586 dicere,
655 2550 728 2588 quia
746 2550 772 2580 si
794 2551 842 2581 vir
866 2555 895 2582 ot
911 2562 992 2583 uxor

256 2615 288 2645 (a)
306 2615 366 2639 Caet.
384 2614 443 2638 edet.
460 2615 586 2637 octavum.
602 2625 631 2629 -
643 2610 674 2641 (b)
692 2612 823 2642 septimus.

1031 214 1182 242 suntuna
1197 221 1285 250 caro,
1303 213 1357 252 qui
1372 216 1418 243 est
1440 214 1637 254 propinquus
1656 216 1751 247 uxori
1766 217 1798 248 in

1031 266 1136 305 aliquo
1150 265 1265 304 gradu,
1275 266 1308 296 iu
1319 267 1429 297 eodem
1443 270 1489 297 est
1503 267 1606 298 affinis
1621 268 1706 299 viro:
1721 278 1799 309 ergo

1033 319 1064 348 in
1080 321 1177 358 quoto
1196 319 1299 357 gradu
1322 323 1369 350 est
1391 320 1463 360 quis
1487 321 1683 361 propinquus
1706 322 1797 362 patri,

1031 375 1061 402 et
1076 372 1150 410 silio,
1164 375 1193 402 ct
1208 382 1401 404 econverso.
1419 373 1451 404 Si
1464 383 1543 413 ergo
1559 377 1647 414 pater
1665 383 1730 405 non
1743 383 1799 415 po—

1032 427 1089 455 test
1106 426 1291 456 contrahere
1308 436 1380 457 cum
1396 427 1501 466 aliquo
1516 428 1572 467 qui
1597 428 1655 458 sibi
1670 428 1799 459 attineat

1033 479 1064 508 in
1079 481 1192 518 quarta
1206 479 1289 509 linea
1304 480 1500 518 ascendente,
1518 481 1568 511 vel
1584 481 1798 519 transversali;

1030 541 1109 571 ergo
1124 542 1180 563 nec
1200 532 1283 563 filius
1305 542 1322 563 e
1341 542 1512 564 converso:
1529 533 1613 573 quod
1634 535 1681 564 est
1695 533 1799 564 mani-

1032 586 1105 615 reste
1119 586 1245 616 falsum.
1263 586 1352 624 Item,
1369 586 1395 616 si
1410 589 1483 616 sunt
1498 596 1562 616 una
1574 595 1657 624 caro,
1670 588 1700 617 et
1710 595 1800 627 quae-

1031 648 1167 678 cumque
1188 640 1243 669 uni
1265 642 1295 669 et
1311 640 1411 670 eidem
1427 642 1501 670 sunt
1519 640 1627 670 eadem
1641 664 1648 677 ,
1665 640 1748 671 inter
1768 649 1801 671 se

1031 694 1105 721 sunt
1117 692 1242 730 eadem,
1259 702 1338 731 ergo
1354 693 1379 722 si
1396 695 1470 723 sunt
1488 702 1552 723 una
1567 702 1640 723 caro
1662 695 1750 732 pater
1771 695 1801 723 et

1032 744 1126 782 tilius,
1142 747 1173 775 et
1188 745 1270 775 tilius
1285 755 1372 782 suus,
1389 748 1465 776 binc
1480 746 1530 776 isti
1552 749 1616 776 tres
1639 747 1715 776 sunt
1738 754 1801 776 una

1032 806 1114 835 caro,
1131 801 1161 828 et
1175 798 1220 828 sic
1233 799 1378 838 deinceps
1401 799 1595 838 procedendo
1615 809 1621 829 :
1638 807 1716 836 ergo
1730 798 1802 829 nul-

1032 851 1081 882 lus
1093 855 1173 883 esset
1189 852 1309 891 gradus
1325 852 1358 882 in
1369 851 1657 890 consanguinitate.

1074 904 1164 944 Resp.
1182 904 1459 944 Dicen‹ium,‹1uod
1472 904 1592 944 absque
1604 903 1701 934 dubio
1717 905 1804 942 pater

1032 960 1062 987 et
1079 957 1164 987 filius
1180 958 1296 988 faciunt
1313 958 1470 996 gradum,
1489 957 1580 997 quia,
1603 956 1684 987 sicut
1697 958 1801 987 osten-

1033 1020 1106 1040 sum
1119 1013 1176 1049 est,
1192 1011 1299 1041 nullus
1313 1013 1392 1041 esset
1403 1010 1484 1041 alius
1496 1010 1615 1050 gradus
1630 1010 1661 1040 in
1676 1018 1805 1040 consan-

1033 1064 1199 1103 guinitate.
1217 1064 1277 1095 Sed
1293 1065 1377 1104 quod
1394 1064 1438 1094 illi
1454 1064 1621 1100 dixerunt,
1641 1062 1725 1102 quod
1743 1062 1806 1092 sint

1033 1128 1097 1147 una
1111 1127 1199 1156 earo,
1216 1118 1365 1148 dixerunt
1389 1120 1516 1157 propter
1543 1116 1713 1156 quemdam
1735 1122 1803 1145 mo-

1033 1171 1108 1201 dum
1125 1171 1228 1208 magis
1243 1171 1478 1210 expressivum,
1496 1170 1571 1209 quia
1590 1178 1675 1199 unus
1689 1168 1805 1198 imme-

1033 1225 1116 1254 diate
1133 1224 1228 1254 trahit
1238 1233 1368 1254 carnem
1383 1225 1422 1254 ab
1433 1223 1542 1261 altero,
1556 1232 1629 1253 cum
1639 1231 1702 1262 quo
1714 1221 1807 1252 debet

1034 1277 1159 1315 habere,
1171 1280 1200 1308 et
1215 1278 1309 1308 habet
1324 1277 1457 1308 multam
1474 1276 1742 1313 conformitatem,
1758 1284 1806 1305 ra-

1033 1332 1118 1361 tione
1143 1331 1238 1360 etiam
1259 1331 1350 1369 cujus
1375 1330 1489 1360 dicitur
1510 1338 1575 1359 una
1597 1337 1688 1359 caro:
1712 1330 1742 1358 et
1763 1328 1807 1358 sic

1035 1386 1117 1424 patet
1134 1383 1223 1414 illud.

1353 1441 1419 1461 nnn.
1444 1439 1488 1461 111.

1067 1502 1117 1524 Sex
1137 1499 1252 1523 zetatibus
1268 1498 1356 1522 mundi
1372 1497 1503 1528 generatio
1513 1515 1521 1527 ,
1535 1500 1559 1521 et
1574 1497 1684 1521 hominis
1697 1498 1776 1521 status

1336 1534 1435 1563 fluitur,
1451 1535 1500 1557 etc.

1077 1596 1253 1633 Quanitur,
1271 1605 1343 1635 quae
1358 1596 1419 1625 sint
1437 1595 1498 1625 illae
1514 1603 1570 1625 sex
1585 1596 1693 1625 aetates
1709 1605 1717 1624 ι
1734 1603 1807 1625 cum

1037 1650 1177 1679 mundus
1192 1650 1231 1679 sit
1248 1650 1436 1688 perpetuus,
1457 1657 1520 1678 non
1542 1648 1667 1678 videtur
1692 1647 1807 1678 habere

1037 1705 1144 1733 aetates
1159 1702 1196 1733 ad
1210 1702 1342 1732 modum
1354 1701 1503 1732 hominis.

1080 1757 1170 1797 Hesp.
1188 1757 1373 1793 Dicendum,
1385 1755 1467 1794 quod
1480 1755 1619 1785 mundus
1630 1754 1726 1784 habet
1739 1757 1811 1785 aeta-

1040 1813 1085 1841 tes
1100 1810 1275 1840 secuudum
1290 1811 1406 1839 statum
1428 1810 1617 1848 praesentem
1635 1818 1642 1838 ;
1658 1807 1811 1847 quoniam
1853 1841 1857 1846 ¹

1040 1864 1125 1894 enim
1141 1863 1272 1893 senescit
1295 1862 1450 1899 mundus,
1465 1863 1587 1901 oportet
1603 1861 1710 1898 etiam,
1726 1861 1811 1900 quod

1042 1917 1136 1947 fuerit
1152 1916 1282 1955 Juvenis
1298 1927 1304 1945 :
1322 1916 1347 1945 si
1370 1924 1451 1953 ergo
1471 1914 1582 1945 hahuit
1608 1914 1753 1952 senium,
1782 1915 1814 1945 et.

1038 1971 1260 2009 juventutem,
1278 1979 1313 1999 ac
1328 1978 1383 2008 per
1398 1968 1459 1998 hoc
1477 1967 1681 1998 intermedias
1693 1969 1810 1997 aetates.

1044 2023 1112 2052 lslae
1127 2024 1232 2052 autem
1248 2024 1356 2052 aetates
1377 2021 1584 2059 assignantur
1607 2020 1640 2049 in
1663 2022 1746 2050 statu
1760 2019 1813 2050 illo

1043 2075 1218 2106 secundum
1233 2075 1406 2114 profectum
1418 2073 1455 2103 ad
1471 2073 1627 2111 gloriam:
1642 2073 1726 2103 unde
1739 2082 1813 2103 cum

1045 2128 1181 2158 mundus
1200 2127 1360 2167 paulative
1384 2125 1547 2166 profecerit
1562 2126 1596 2156 in
1611 2125 1791 2164 cognitione
1804 2150 1811 2164 ,

1044 2181 1124 2211 sicut
1139 2181 1172 2210 in
1187 2190 1252 2210 uno
1267 2179 1395 2210 homine
1417 2179 1621 2217 assignantur
1643 2180 1751 2208 aetates
1765 2178 1814 2209 di-

1046 2242 1157 2271 versae,
1181 2233 1269 2263 itaet
1292 2233 1323 2262 in
1340 2231 1471 2262 mundo.
1498 2230 1534 2261 In
1554 2231 1684 2261 homine
1709 2233 1815 2262 autem

1047 2296 1102 2317 sex
1113 2287 1318 2325 assignantur
1333 2287 1442 2315 aetates
1459 2295 1465 2315 :
1484 2284 1598 2324 prima,
1615 2283 1748 2314 infantia
1762 2292 1815 2314 us-

1047 2348 1108 2378 que
1122 2339 1158 2369 ad
1175 2338 1345 2378 septimum
1357 2346 1489 2374 annu1n3
1504 2336 1652 2373 secunda,
1668 2336 1815 2375 pueritia,

1048 2401 1150 2431 usque
1164 2392 1203 2422 ad
1218 2401 1273 2422 mv
1286 2402 1292 2428 3
1312 2391 1414 2428 tertia,
1432 2389 1649 2426 adolescentia,
1664 2398 1765 2428 usque
1778 2389 1817 2421 ad

1047 2455 1126 2483 xxv,
1135 2445 1310 2475 seeundum
1320 2444 1396 2474 alios
1407 2452 1506 2483 usque
1515 2443 1552 2474 ad
1565 2451 1680 2480 xxvnn
1691 2445 1816 2482 quarta,

1044 2500 1209 2539 juventus,
1222 2507 1324 2537 nsque
1338 2497 1376 2527 ad
1391 2507 1419 2534 ι,;
1438 2496 1560 2536 quinta,
1579 2496 1731 2535 gravitas,
1749 2494 1818 2528 sive

1048 2554 1204 2588 senectus,
1221 2560 1320 2590 usque
1334 2551 1372 2581 ad
1388 2560 1469 2587 Lxx;
1482 2552 1583 2588 sexta,
1596 2549 1733 2587 senium,
1750 2549 1817 2579 sive

1049 2608 1125 2635 aetas
1140 2605 1307 2644 decrepita,
1327 2613 1426 2644 usque
1441 2603 1478 2634 ad
1494 2603 1602 2634 finem.
1620 2603 1770 2634 Similiter
1786 2602 1818 2633 in

1984 880 1985 884 Α
1977 699 1989 859 —ae-:o-
