1991 3006
61 273 92 292 rc,
104 266 136 287 vel

78 304 128 320 μου.

54 847 85 868 De
98 847 160 874 virgi-

72 878 136 898 nitate

66 909 151 935 mentis,

56 944 75 962 et
82 941 158 962 carnis.

75 2040 161 2061 Divisio.

173 193 230 222 300
730 187 1037 220 SENTENTIARUM
1060 190 1133 221 LIB.
1159 190 1208 221 lv.

173 269 271 302 quem
285 258 393 290 locum
409 256 453 288 ait
464 255 688 298 Augustinus¹
703 268 709 289 :
724 269 739 287 α’
758 255 967 289 Manifestum
983 261 1027 290 est
1043 257 1252 290 Salomonem
1270 257 1330 290 hoc
1345 260 1542 302 praeceptum
1559 257 1708 290 transisse
1720 270 1727 299 ;
1739 272 1754 288 n

174 316 279 349 David
295 319 403 348 autem
418 314 528 359 plures
543 313 677 355 habuit,
695 325 753 346 nec
774 318 970 358 praeceptum
991 316 1156 359 praeteriit.
1180 315 1379 347 Permissum
1397 320 1442 347 est
1461 314 1547 347 enim
1568 315 1635 357 regi
1653 315 1761 358 plures

176 374 314 414 hal›ere;
334 384 397 405 non
414 372 587 416 plurimas,
612 383 686 416 qua}
703 372 847 404 alliciant
862 372 1025 414 animam,
1049 373 1277 417 multiplicare.
1291 374 1373 405 Cum
1391 377 1498 405 tamen
1522 372 1653 405 additur
1668 374 1678 389 ²
1695 385 1701 404 :
1723 374 1762 405 L't

175 444 240 466 non
257 433 396 464 elevetur
411 442 465 463 cor
481 430 550 474 ejus
562 456 569 470 ,
586 430 785 471 alienigenas
800 429 965 473 probitum
983 442 1049 463 esse
1066 431 1206 464 videtur.
1228 431 1461 464 Verumtamen
1474 430 1484 446 ³
1504 443 1519 460 «
1537 430 1763 474 multiplicatio

176 501 318 523 uxorum
340 488 536 531 generaliter
560 488 722 532 prohibita
745 491 803 520 est,
829 487 1028 521 Permissum
1051 492 1096 520 est
1116 493 1225 521 autem
1248 488 1314 529 regi
1338 489 1447 532 plures
1467 488 1605 529 habere,
1622 487 1675 520 sed
1698 499 1764 521 non

177 547 408 592 multiplicare.
425 559 441 577 n
462 546 622 579 Veniente
645 549 753 578 auten]
779 545 993 589 plenitudinis
1018 550 1161 590 tempore
1177 547 1185 563 ⁴
1201 573 1208 587 ,
1227 558 1292 591 quo
1307 546 1426 579 Christi
1447 546 1551 589 gratia
1575 545 1698 590 ubique
1720 549 1767 578 est

176 606 330 646 dilatata,
348 605 480 637 reducta
496 608 543 637 est
558 605 609 637 lex
626 604 818 646 nuptiarum
831 603 870 635 ad
891 603 1033 647 priorem
1050 604 1335 648 honestioremque
1350 604 1588 637 institutionem
1601 631 1609 646 ,
1626 608 1664 636 ut
1679 614 1766 636 unus

178 664 235 696 uni
252 664 285 695 in
301 664 407 705 ligura
423 662 542 694 Christi
564 666 594 694 et
610 661 759 694 Ecclesiae
780 661 1011 704 conjungatur.
1030 662 1095 694 Nec
1110 662 1271 706 quaeritur
1288 662 1401 695 electio
1419 662 1564 694 muneris
1587 662 1621 694 in
1643 673 1767 694 succes-

177 722 267 754 sione
286 721 431 764 generi5‚
449 720 504 752 sed
524 720 557 752 in
582 719 777 764 perfectione
796 719 888 760 vitae,
907 724 937 752 et
952 719 1134 752 sinceritate
1151 720 1313 761 scientiae;
1331 724 1362 752 et
1381 719 1552 762 virginitas
1576 719 1766 752 fecunditati

177 780 364 824 praefertnr,
382 782 412 811 et
427 778 648 810 sacerdotibus
663 777 864 809 continentia
878 777 1043 810 indicitur.

224 837 339 869 Melior
358 840 403 868 est
423 840 533 868 autem
549 835 723 877 virginitas
745 835 862 867 mentis
880 847 980 879 quam
1001 835 1118 868 carnis.
1144 835 1234 867 Unde
1249 834 1444 867 Ambrosius
1459 839 1469 855 ⁵
1487 847 1493 866 2
1516 848 1531 865 «
1551 835 1769 868 Tolerabilius

179 899 225 928 est
243 899 383 927 mentem
400 894 584 937 virginem,
608 904 707 937 quam
732 904 861 925 carnem
886 893 1025 934 habere3
1048 897 1228 937 utrumque
1250 893 1375 925 bonnm
1397 896 1461 934 est,
1481 893 1506 925 si
1528 892 1642 933 liceat;
1660 892 1686 925 si
1705 903 1769 925 non

179 953 273 986 liceat
286 979 294 994 ‚
312 953 425 984 saltem
440 963 504 984 nou
522 951 647 984 homini
662 978 669 993 ‚
686 951 739 983 sed
755 951 821 984 Deo
844 951 921 983 casti
936 951 1049 983 simus.
1067 951 1170 994 Virgo
1186 951 1337 996 prostitui
1353 954 1475 995 potest,
1499 950 1678 983 adulterari
1704 961 1770 983 non

179 1015 303 1055 potest3
322 1022 380 1043 nec
400 1010 573 1054 lupanaria
596 1010 756 1042 infamant
773 1009 973 1050 castitatem,
992 1009 1046 1041 scd
1067 1009 1194 1041 castitas
1214 1009 1310 1041 etiam
1336 1009 1397 1041 loci
1420 1008 1528 1041 abolet
1552 1008 1733 1041 infamiam.
1754 1021 1770 1039 »

178 1068 268 1102 Idem
284 1072 317 1101 ⁶:
339 1082 354 1099 a
379 1070 447 1102 Non
473 1071 577 1112 potest
597 1079 670 1099 caro
694 1067 859 1110 corrumpi
876 1093 883 1107 ‚
905 1066 968 1099 nisi
990 1078 1080 1099 mens
1108 1071 1181 1099 ante
1210 1067 1309 1099 fuerit
1338 1070 1501 1110 corrupta.
1524 1079 1539 1097 »
1560 1067 1639 1098 Item
1663 1066 1771 1099 Isido-
1800 1095 1803 1100 .

179 1138 236 1160 rus
251 1130 259 1145 7
279 1139 286 1158 :
308 1139 323 1157 «
338 1126 412 1159 Non
427 1129 531 1170 potest
547 1136 663 1169 corpus
678 1125 863 1169 corrumpi,
882 1125 943 1156 nisi
966 1124 1057 1169 prius
1073 1124 1203 1157 animus
1218 1128 1393 1168 corruptus
1408 1124 1518 1157 fuerit.
1545 1124 1669 1156 Munda
1684 1124 1770 1156 euim

179 1197 198 1217 a
212 1184 405 1227 contagione
420 1184 548 1224 anima,
566 1194 640 1216 caro
655 1194 720 1215 non
738 1186 855 1227 peccat.
880 1195 896 1213 >³
919 1183 955 1214 In
972 1182 1036 1215 fine
1055 1182 1148 1226 cujus
1162 1182 1298 1226 capituli
1315 1182 1460 1226 aperitur
1475 1182 1641 1226 quomodo
1657 1193 1772 1214 verum

180 1243 237 1284 sit,
256 1242 318 1275 nisi
334 1242 444 1274 anima
459 1241 551 1286 prius
567 1241 667 1274 fuerit
681 1245 847 1285 corrupta,
864 1251 981 1284 corpus
996 1252 1062 1272 non
1083 1251 1173 1284 posse
1193 1240 1379 1284 corrumpi,
1396 1240 1518 1272 scilicet
1532 1244 1671 1284 peccato.
1688 1239 1773 1272 Illud

181 1301 278 1333 etiam
296 1299 475 1342 Augustini
489 1299 731 1331 advertendum
747 1303 793 1331 est
812 1310 818 1330 :
839 1311 855 1329 «
871 1298 980 1339 Sicut,
998 1298 1108 1342 inquit
1124 1324 1131 1339 ,
1148 1298 1290 1330 sanctius
1305 1302 1351 1330 est
1369 1298 1451 1330 mori
1467 1298 1572 1339 fame,
1589 1309 1689 1342 quam
1706 1297 1775 1330 ido-

181 1358 316 1402 lothytis
332 1357 434 1399 vesci3
452 1357 497 1389 ita
512 1357 655 1389 sanctius
667 1360 714 1388 est
729 1356 862 1399 defungi
885 1357 954 1389 sine
972 1356 1084 1389 liberis
1099 1382 1106 1397 ‚
1125 1368 1223 1400 quam
1240 1368 1279 1389 ex
1295 1356 1408 1389 illicito
1432 1356 1516 1389 coitu
1539 1356 1673 1400 stirpem
1689 1366 1776 1400 quae-

182 1428 264 1449 rere.
282 1415 521 1459 Undecumque
536 1426 614 1447 vero
640 1418 816 1447 nascantur
837 1414 986 1447 homines
998 1440 1006 1455 ,
1024 1414 1049 1446 si
1066 1419 1238 1458 parentum
1254 1414 1333 1447 vitia
1348 1425 1414 1446 non
1430 1418 1608 1455 sectentur,
1626 1417 1656 1446 et
1672 1413 1775 1446 Deum

182 1478 267 1507 recte
282 1473 389 1506 colant
405 1499 413 1514 ,
430 1472 558 1505 honesti
575 1476 605 1505 et
620 1472 702 1505 salvi
718 1476 826 1505 erunt.
844 1472 962 1505 Sernen
979 1473 1066 1505 enim
1082 1484 1121 1505 ex
1136 1473 1370 1517 qualicumque
1386 1472 1538 1514 homine,
1558 1472 1613 1505 Dei
1628 1476 1776 1504 creatura

184 1536 249 1573 est;
266 1535 297 1563 et
311 1542 348 1564 eo
364 1530 448 1563 male
465 1530 570 1563 utenti
585 1530 669 1562 male
685 1530 766 1571 erit;
786 1542 851 1564 non
868 1530 974 1574 ipsum
991 1531 1169 1576 aliquando
1187 1531 1310 1563 malum
1326 1534 1383 1563 est.
1403 1543 1419 1561 ))

372 1650 577 1682 EXPOSlTlO
597 1650 760 1681 TEXTUS.
1009 1652 1051 1682 ibi
1068 1661 1074 1682 :
1096 1651 1184 1687 Quod
1197 1659 1268 1683 vero
1281 1652 1414 1683 castitas
1430 1651 1614 1691 viminalis,
1628 1652 1685 1681 etc.
1701 1660 1708 1681 :
1726 1650 1781 1681 ubi

206 1734 331 1763 Quaeritur
344 1734 384 1757 liic
399 1734 430 1758 de
446 1733 557 1764 antiquis
570 1733 698 1764 patribus,
715 1733 757 1765 qui
771 1733 868 1764 plures,
883 1734 931 1757 etc.

223 1812 327 1852 Supra
345 1812 480 1842 ostendit
500 1811 649 1850 Magister
666 1811 750 1851 quod
765 1811 815 1841 vir
832 1813 956 1842 tenetur

184 1867 277 1897 uxori
292 1875 418 1897 servare
430 1865 524 1895 fidem
539 1865 599 1894 tori
612 1876 618 1901 ;
638 1873 734 1904 quam
750 1864 877 1904 quando
892 1874 956 1895 non

185 1922 308 1956 servat,
333 1919 441 1949 incidit
462 1919 494 1948 in
513 1918 650 1957 culpam.
679 1917 735 1948 Hic
754 1917 886 1948 intendit
906 1918 955 1947 in-

185 1973 327 2012 quirere,
356 1976 465 2002 utrum
491 1971 589 2001 sancti
615 1973 718 2010 patres
746 1971 837 2000 istam
862 1970 956 2001 fidem

187 2026 366 2056 servabant.
384 2025 484 2055 Habet
499 2026 605 2054 autem
623 2024 690 2054 liaec
704 2033 777 2063 pars
791 2024 869 2053 duas
883 2032 955 2063 par-

188 2082 233 2109 tes
247 2090 253 2109 :
271 2079 303 2108 in
320 2079 422 2118 prima
436 2079 559 2107 sanctos
575 2079 697 2116 patres,
716 2076 771 2116 qui
786 2075 881 2106 simul
896 2076 958 2106 ha-

188 2133 325 2162 buerunt
342 2132 446 2171 plures
462 2140 577 2161 uxores
588 2155 595 2168 ,
614 2132 745 2160 excusat
760 2139 778 2159 a
793 2129 903 2169 culpa;
925 2129 959 2158 in

188 2186 325 2216 secunda
333 2185 475 2216 dissolvit
485 2184 638 2225 quasdam
648 2184 823 2214 locutiones
834 2183 957 2221 dubias,

189 2239 231 2269 ibi
248 2250 253 2269 :
277 2239 403 2279 Siquis
419 2241 573 2279 opponat,
594 2237 679 2277 quod
699 2237 796 2276 fidem
817 2237 881 2268 tori
896 2244 960 2267 ηοη

189 2292 376 2327 servabant,
394 2294 452 2322 etc.
476 2291 583 2322 Prima
602 2300 674 2331 pars
694 2291 790 2321 habet
809 2292 872 2320 tres
887 2299 959 2326 par-

189 2348 254 2377 tes:
276 2346 307 2376 in
329 2346 430 2385 prima
449 2347 572 2375 sanctos
591 2346 697 2384 patres
714 2353 732 2374 a
747 2344 839 2383 culpa
860 2352 961 2373 excu-

191 2402 257 2436 sat;
276 2399 308 2429 in
323 2398 458 2429 secunda
471 2398 635 2437 multiplici
649 2397 835 2428 auctoritate
849 2397 962 2427 confir-

191 2454 257 2483 mat
270 2477 277 2491 ,
294 2452 336 2483 ibi
351 2463 358 2482 z
381 2454 424 2482 De
443 2452 497 2483 hoc
518 2452 719 2491 Anaustinus
737 2452 784 2482 sie
800 2451 864 2487 ait,
880 2452 937 2480 etc.
953 2461 960 2487 ;

192 2508 224 2537 in
246 2506 338 2537 tertia
360 2515 466 2536 earum
490 2504 715 2535 continentiam
737 2504 961 2541 commendat,

225 2607 234 2622 ὗ
247 2607 322 2636 Aug.,
336 2606 425 2635 anest.
445 2605 469 2628 ιἰι
483 2605 565 2629 Dent..
588 2611 612 2634 ‘l-
628 2609 707 2627 xxvn.
728 2617 753 2620 —
771 2604 779 2617 ²
793 2604 876 2633 Dent„
900 2609 963 2633 xwr,

195 2643 232 2665 20.
245 2642 292 2659 —³
304 2643 378 2671 Aug„
398 2641 445 2664 loe.
470 2641 511 2664 cit.
523 2654 548 2657 —-
565 2641 573 2656 ¹·
588 2640 652 2670 (iah,
667 2645 702 2669 iv,
717 2641 739 2663 4.
754 2652 784 2656 —
798 2640 808 2654 ⁵
823 2639 921 2669 Ainhr„
936 2639 964 2661 dc·

201 2677 308 2708 riu-yla,
323 2677 364 2700 lib.
381 2677 412 2706 ll,
425 2678 450 2700 et
462 2676 569 2700 habetur
584 2682 643 2699 caus
658 2680 730 2699 mu
742 2692 748 2704 ‚
764 2681 789 2705 q.
816 2680 840 2705 v,
854 2681 875 2698 c.
901 2673 965 2698 Tole-

1010 1706 1145 1736 ostcndit
1164 1705 1247 1745 quod
1264 1705 1348 1744 paris
1371 1705 1474 1735 meriti
1495 1705 1554 1735 fuit
1570 1705 1601 1735 in
1618 1704 1664 1735 eis
1678 1704 1782 1735 conti-

1010 1758 1117 1788 nentia
1132 1757 1329 1797 conjugalis,
1351 1759 1443 1797 cujus
1463 1757 1513 1788 vel
1531 1758 1640 1797 quanti
1657 1759 1704 1787 est
1724 1766 1780 1788 no-

1011 1811 1058 1841 bis
1073 1811 1266 1841 continentia
1280 1811 1458 1850 virginalis.
1479 1810 1631 1841 Similiter
1645 1810 1783 1841 secunda

1012 1873 1102 1904 pars,
1124 1864 1155 1894 in
1178 1874 1241 1904 qua
1259 1864 1449 1894 determinat
1469 1864 1582 1902 dubia,
1606 1866 1670 1895 tres
1689 1863 1784 1894 habet

1011 1920 1116 1958 partes
1127 1942 1134 1955 ,
1152 1918 1326 1949 secundum
1341 1919 1402 1948 tria
1417 1927 1488 1958 quae
1504 1918 1546 1948 ihi
1566 1918 1640 1948 facit
1654 1928 1660 1947 :
1680 1917 1784 1957 primo

1012 1971 1097 2001 enim
1115 1971 1263 2011 opponit,
1287 1973 1316 2001 et
1335 1971 1524 2002 determinat
1545 1973 1655 2001 utrum
1677 1979 1783 2001 serva-

1013 2024 1115 2055 verint
1130 2024 1225 2054 fidem
1248 2024 1308 2054 tori
1319 2033 1328 2062 ;
1349 2024 1486 2054 secundo
1506 2024 1620 2063 quaerit
1636 2026 1667 2054 et
1682 2023 1786 2054 deter-

1012 2077 1131 2114 minat,
1149 2079 1259 2107 utrum
1274 2077 1470 2107 servaverint
1485 2077 1670 2107 mandatum
1686 2077 1783 2115 legis,

1013 2130 1078 2160 ibi:
1113 2130 1171 2161 Sed
1192 2129 1352 2169 mmzquz'd
1374 2130 1431 2160 sub
1455 2129 1519 2169 leqe
1549 2129 1678 2167 lacebat,
1704 2132 1782 2167 etc.;

1013 2183 1106 2213 tertio
1129 2183 1317 2213 determinat
1339 2191 1412 2222 quae
1438 2182 1624 2221 virginitas,
1649 2182 1716 2213 sive
1736 2183 1786 2212 in-

1014 2237 1185 2276 corruptio,
1203 2236 1242 2266 sit
1259 2236 1370 2267 melior
1385 2237 1415 2266 et
1427 2235 1573 2273 sanctior,
1592 2244 1632 2265 an
1647 2235 1700 2266 illa
1714 2244 1786 2275 quae

1015 2291 1061 2320 est
1077 2290 1190 2320 mentis
1201 2314 1208 2328 ,
1227 2299 1266 2320 an
1283 2289 1335 2320 illa
1349 2298 1420 2329 quae
1438 2291 1485 2320 est
1499 2288 1620 2325 carnis,
1637 2289 1679 2319 ibi
1696 2299 1702 2320 :
1719 2289 1787 2320 Me-

1015 2343 1076 2375 lior
1091 2346 1135 2374 est
1150 2345 1254 2374 amem
1268 2343 1443 2382 vz‘rqim'tas
1458 2343 1586 2379 mentis,
1602 2350 1697 2381 quam
1713 2350 1787 2373 car-

1016 2398 1069 2428 m's
1083 2422 1090 2434 ‚
1107 2399 1165 2427 etc.
1190 2397 1226 2427 Et
1245 2397 1288 2427 sic
1309 2397 1372 2427 duo
1391 2396 1530 2426 breviter
1548 2395 1737 2426 determinat
1755 2395 1788 2425 in

1016 2451 1076 2480 hac
1093 2452 1181 2490 parte
1194 2475 1201 2488 ,
1225 2450 1341 2480 scilicet
1358 2450 1396 2480 de
1415 2449 1607 2479 continentia
1627 2448 1788 2488 conjugali

1018 2504 1051 2535 in
1066 2504 1204 2543 antiquis
1219 2503 1380 2543 patribus,
1399 2505 1428 2533 et
1443 2503 1481 2533 de
1496 2502 1647 2541 virginali
1663 2502 1696 2532 in
1712 2502 1789 2533 viris

1020 2601 1165 2626 t·ab1'li‘115.—
1177 2602 1185 2615 ⁶
1203 2600 1287 2630 t·1.,<le
1304 2601 1373 2630 Vir-q.
1388 2601 1469 2631 laps„
1480 2605 1550 2630 c.1v‚
1563 2601 1587 2623 et
1597 2599 1705 2623 hahetur
1720 2605 1788 2622 caus.

1019 2643 1103 2667 xxxii,
1124 2643 1148 2667 q.
1170 2642 1194 2666 v,
1218 2644 1240 2660 e.
1264 2637 1361 2660 Rei-era.
1380 2648 1411 2652 ——
1433 2635 1441 2650 ⁷
1455 2635 1523 2666 lsid.‚
1545 2635 1574 2658 (Ie
1595 2636 1728 2667 Synonyrn.
1745 2634 1787 2658 lib.

1021 2674 1050 2703 lt,
1066 2674 1090 2696 et
1104 2671 1221 2702 habetur,
1237 2671 1308 2702 ibid„
1324 2679 1346 2697 e.
1362 2671 1416 2696 Non
1427 2672 1516 2702 potest.

1979 154 1985 180 „-
1977 110 1983 147 —-—
1973 0 1991 98 *ᾳ
