1991 3006
208 137 265 166 32⁶2

207 201 355 242 picientia
366 199 502 239 primam
513 196 596 233 vim;
614 195 752 225 secundo
768 203 855 230 vero,
872 202 980 223 secun-

207 257 300 291 dam,
316 255 379 285 ibi:
397 252 526 284 Furiosz·
547 257 667 289 quoque
687 249 764 280 dum
784 249 820 279 in
842 247 981 279 amentia

207 312 292 346 sum,
309 309 368 337 etc.
384 305 422 336 Et
433 303 582 344 quaelibet
597 303 712 332 harum
725 302 819 332 habet
832 300 921 337 duas,
937 308 982 330 50-

209 361 349 392 cundum
364 356 614 388 subdivisionem
629 354 859 395 impedimenti.
878 353 981 392 Impe-

207 415 384 445 dimentnm
406 411 439 441 in
460 410 492 441 vi
515 409 702 448 generativa
726 409 772 437 est
797 405 982 445 impotentia

208 467 355 504 coeundi;
372 468 402 496 et
416 466 486 495 haec
501 466 547 494 est
565 462 698 502 duplex,
720 460 875 492 naturalis
897 459 980 489 scili-

208 523 266 558 cet,
278 523 308 551 et
320 517 530 550 accidentalis.
547 515 698 547 Similiter
717 514 981 554 impedimentum

208 583 247 606 ex
262 573 360 604 libero
375 571 506 602 arbitrio
527 571 574 600 est
594 571 650 599 aut
672 570 799 608 propter
826 567 982 596 desectum

208 625 410 667 cogitationis
420 624 452 654 in
468 623 611 660 crimine,
629 624 683 651 aut
698 620 870 651 honestatis
882 619 915 649 in
930 627 983 649 vo-

208 681 345 716 luutate;
371 680 401 708 et
427 677 471 707 sic
494 678 568 707 sunt
591 675 671 712 duo,
701 673 816 704 scilicet
842 671 983 702 criminis

209 732 392 768 enormitas,
407 730 457 761 vel
474 730 621 765 incestus,
638 730 668 758 et
684 726 823 766 corporis
837 725 984 755 deformi-

208 789 256 817 tas
271 788 301 817 et
314 785 440 816 horror.

540 857 606 878 DUB.
631 857 650 876 1.

211 922 287 947 Plcne
303 919 422 951 legitima}
435 919 506 948 suut,
520 916 611 947 quibus
624 921 676 938 11011
693 913 778 937 obviat
792 914 881 936 votum
900 911 977 934 ronti-

241 957 350 984 nentiae,
374 954 414 978 vcl
436 953 499 977 ordo
521 958 608 981 sacer,
627 950 667 973 vel
688 948 813 978 conditio,
836 947 876 971 vel
899 947 983 976 dispar

241 992 336 1022 cultus,
349 990 389 1014 vel
404 988 521 1019 cognatio
532 1006 540 1018 ,
553 989 602 1011 etc.

249 1054 379 1086 Videtur
396 1051 477 1082 male
501 1050 605 1081 dicere
619 1072 629 1086 ,
646 1047 720 1087 quia
735 1045 922 1085 legitimitas
936 1046 981 1074 est

210 1108 354 1144 habitus,
376 1103 584 1143 illegitimitas
608 1103 654 1132 est
679 1099 829 1140 privatio:
854 1097 908 1128 sed
928 1106 983 1136 per

210 1161 337 1192 habitus
357 1159 594 1197 cognoscuntur
618 1153 824 1194 privatione&
843 1160 908 1180 non
927 1159 983 1189 per

211 1213 403 1254 privationes
431 1210 558 1241 habitus
584 1219 590 1238 τ
614 1215 693 1245 ergo
719 1205 800 1235 male
828 1203 983 1234 diffinitur

210 1268 397 1307 legitimitas
409 1273 465 1304 per
480 1262 689 1303 privationem
709 1257 921 1297 illegitimam.

251 1321 343 1360 Resp.
360 1317 533 1349 Dicendum
557 1314 661 1354 quod,
689 1313 769 1342 sicut
787 1309 902 1340 solutio
919 1317 984 1338 uno

212 1374 306 1405 modo
321 1372 394 1403 dicit
410 1370 556 1401 habitum
571 1369 715 1406 respectu
730 1363 906 1403 ligationis,
923 1361 984 1391 alio

213 1427 308 1458 modo
323 1424 552 1466 privationem,
571 1421 614 1449 sic
626 1420 658 1449 iu
670 1416 839 1458 proposito.
856 1414 983 1445 sienim

212 1480 436 1520 comparentur
459 1475 600 1505 solutum
626 1474 657 1503 et
679 1471 816 1510 ligatum
842 1469 984 1507 respectu

213 1536 315 1571 actus,
333 1532 489 1571 quantum
514 1527 552 1557 ad
572 1534 666 1565 quem
684 1526 730 1554 est
745 1521 920 1562 expeditio,
938 1528 986 1549 so-

213 1587 293 1618 lutio
316 1585 390 1616 dicit
414 1582 582 1617 habitum3
610 1579 636 1609 si
662 1586 738 1608 vero
763 1576 986 1614 comparentur

214 1640 355 1679 respectu
380 1635 520 1672 vinculi,
545 1632 659 1663 solutio
679 1629 752 1661 dicit
773 1627 984 1668 privationem

214 1692 332 1724 vinculi
349 1701 356 1721 :
373 1692 404 1720 et
417 1689 459 1719 sic
474 1686 640 1727 dupliciter
654 1685 756 1723 potest
771 1680 910 1711 diffiniri.
928 1679 986 1709 Per

214 1747 301 1777 hunc
316 1743 446 1775 modum
470 1741 508 1771 de
528 1737 729 1778 legitimitate
754 1735 877 1773 oportet
900 1732 988 1762 intel-

215 1799 283 1838 ligi.

536 1859 605 1880 nun.
630 1858 662 1878 11.

216 1930 281 1954 Volo
297 1934 351 1953 0550
367 1927 447 1950 mater
458 1925 482 1947 ct
492 1922 557 1946 filios
569 1925 706 1952 procreare
717 1937 724 1948 ,
737 1917 867 1944 decrevit,
879 1917 906 1939 ut
920 1917 988 1954 uter-

247 1972 295 1996 que
311 1968 399 1987 eorum
415 1966 472 1984 cum
487 1958 594 1988 septima
614 1962 691 1979 manu
706 1953 906 1984 propinquorum
922 1953 989 1981 juret

247 1999 316 2031 quod
330 2002 460 2028 uunquam
475 1992 607 2018 carnaliter
621 1990 806 2014 convenerunt..

257 2065 386 2097 Videtur
402 2062 483 2092 male
497 2061 599 2091 dicere
612 2083 618 2095 ,
638 2057 714 2096 quia
729 2057 855 2095 propter
870 2052 987 2083 sterili—

218 2122 314 2151 tatem
328 2116 437 2148 uxoris
458 2123 522 2144 non
538 2112 640 2152 potest
662 2110 712 2141 vir
727 2109 866 2147 allegare
880 2108 989 2137 contra

219 2180 373 2207 uxorem,
399 2167 483 2208 quod
507 2165 583 2196 velit
606 2173 673 2194 esse
697 2165 804 2202 pater3
828 2170 906 2199 ergo
931 2168 989 2189 nec

219 2229 346 2266 propter
360 2220 566 2261 frigiditatem
588 2217 648 2249 viri
663 2216 796 2252 mulier,
813 2214 897 2254 quod
912 2212 989 2243 velit

218 2288 286 2311 esse
305 2279 416 2308 mater.
447 2273 526 2304 Item
557 2268 798 2301 matrimonium
833 2269 893 2297 stat
921 2266 988 2296 sine

218 2334 301 2364 hono
323 2329 420 2370 prolis
441 2338 448 2357 :
472 2334 551 2364 ergo
571 2327 698 2364 propter
724 2322 783 2352 hoc
806 2320 891 2360 quod
913 2319 989 2349 velit

217 2394 284 2417 esse
299 2385 410 2420 mater,
427 2389 491 2411 11011
505 2378 597 2410 debet
610 2375 717 2407 dividi.

259 2439 350 2477 Resp.
367 2433 540 2466 Dicendum
555 2429 640 2470 quod
653 2428 751 2458 sancti
763 2426 924 2457 curialiter
936 2425 986 2455 lo-

216 2492 361 2533 quuntur
376 2511 385 2526 ,
415 2484 589 2517 secundum
618 2481 703 2521 quod
732 2480 809 2520 ipsae
839 2478 987 2509 mulieres

216 2546 291 2576 sunt
313 2538 523 2574 verecundae3
549 2534 663 2566 mulier
687 2533 772 2563 enim
796 2541 862 2562 non
885 2533 987 2571 potest

216 2595 355 2639 separari
375 2604 394 2625 a
417 2593 487 2624 viro
510 2590 638 2630 propter
663 2586 818 2617 defectum
838 2584 985 2624 potentiae

763 125 1070 158 srtN'rtzN'rtAtthM
1094 125 1165 156 Ltss.
1192 126 1239 157 lV.

1037 192 1210 231 generandi
1228 217 1235 230 ,
1252 192 1305 222 sed
1321 192 1467 232 potentiae
1485 190 1637 228 coeundi;
1663 193 1692 221 ct
1708 191 1740 220 in
1756 190 1807 220 illa

1037 245 1319 276 circumlocutione
1332 244 1531 283 intelligitur,
1543 244 1628 283 quod
1643 243 1807 274 carnaliter

1036 298 1104 329 vult
1125 299 1273 338 cognosci
1289 308 1308 329 a
1326 299 1416 335 viro;
1433 299 1463 328 et
1480 298 1523 327 ita
1546 298 1630 336 patet
1643 297 1728 336 quod
1742 305 1806 327 non

1035 354 1081 381 est
1096 352 1198 381 simile
1213 352 1251 381 de
1275 351 1457 382 causalitate
1470 374 1479 388 ,
1502 350 1554 380 sed
1571 350 1651 380 bene
1669 358 1736 380 esse
1763 350 1805 380 si-

1037 405 1110 435 mile
1126 406 1163 435 de
1178 405 1377 435 arctitudine.
1394 404 1427 434 Si
1444 404 1528 434 enim
1549 403 1626 433 adeo
1641 404 1728 433 arcta
1739 404 1806 439 est,

1036 459 1119 498 quod
1146 458 1295 497 cognosci
1317 467 1383 488 non
1409 460 1529 498 potest,
1545 457 1596 487 vir
1612 459 1711 496 potest
1732 456 1807 487 alle-

1036 520 1123 550 gare,
1142 513 1172 541 ct
1187 511 1289 542 dicere
1305 511 1388 551 quod
1405 511 1481 541 vclit
1496 520 1563 540 esse
1580 513 1677 549 pater,
1694 509 1725 540 id
1739 512 1805 546 051,

1036 564 1115 595 110111
1131 565 1291 595 continere
1302 589 1309 600 ,
1327 565 1353 594 si
1378 566 1478 604 potest
1493 565 1575 594 coire
1593 575 1599 593 ;
1617 566 1646 594 01
1668 564 1712 594 510
1726 565 1809 603 patet

1037 617 1125 648 illud.

1355 676 1422 697 nnn.
1447 676 1490 696 111.

1036 733 1211 758 ltetinaculum
1225 733 1358 764 conjugale
1373 733 1501 757 voluerint
1516 733 1670 761 rescindere,
1691 735 1810 756 maneant

1314 769 1413 800 utrique
1428 768 1534 799 innupti.

1078 831 1208 862 Videtur
1224 833 1398 870 utrumque
1422 839 1490 860 esse
1514 830 1627 860 falsum
1642 823 1810 870 {primum

1038 885 1154 915 scilicet
1178 885 1215 915 de
1233 884 1408 915 retinaculo
1427 883 1610 923 conjugali,
1628 883 1703 923 quia
1725 883 1750 913 si
1766 885 1812 913 est

1039 938 1081 967 ibi
1107 938 1339 975 retinaculum,
1356 946 1430 967 cum
1455 937 1495 966 sit
1515 936 1680 967 vinculum
1695 935 1812 966 insolu-

1038 991 1118 1027 bile,
1144 991 1223 1021 solvi
1245 1000 1307 1021 non
1333 992 1443 1030 potest.
1470 990 1503 1020 Si
1529 998 1603 1020 vero
1625 998 1709 1027 non,
1731 998 1811 1029 quo-

1041 1044 1134 1074 modo
1156 1044 1346 1074 rescinditur
1355 1044 1369 1072 ‘?
1394 1044 1533 1080 Rursus,
1550 1043 1675 1073 videtur
1696 1042 1811 1073 falsum

1039 1097 1158 1134 dicere,
1175 1100 1205 1127 et
1226 1097 1306 1126 male
1330 1097 1521 1136 praecipere,
1539 1096 1614 1136 quia
1634 1105 1706 1126 cum
1733 1095 1813 1125 alter

1039 1160 1150 1180 00111111
1167 1160 1229 1180 11011
1245 1150 1359 1180 habeat
1374 1149 1641 1189 impedimentum
1657 1147 1784 1187 aliquod
1803 1171 1811 1184 ,

1040 1205 1141 1241 posset
1166 1203 1247 1232 licite
1270 1212 1342 1232 011111
1369 1202 1466 1232 altero
1491 1200 1688 1232 contrahere.
1716 1200 1813 1231 Juxta

1040 1256 1099 1285 hoc
1113 1255 1270 1295 quaeritur
1285 1258 1413 1291 utrum,
1428 1255 1453 1284 si
1470 1254 1520 1284 ille
1538 1255 1593 1294 qui
1604 1256 1649 1284 est
1664 1253 1810 1292 frigidus,

1041 1315 1114 1336 verc
1129 1306 1301 1337 divortium
1319 1308 1415 1345 petat,
1435 1308 1544 1336 utrum
1564 1304 1739 1335 audiendus
1761 1304 1811 1335 sit.

1042 1359 1079 1389 Et
1098 1359 1181 1398 quod
1208 1368 1292 1397 non,
1312 1360 1454 1396 videtur,
1475 1358 1550 1398 quia
1571 1348 1728 1388 fornicans
1749 1366 1813 1388 non

1041 1414 1140 1452 potest
1158 1414 1261 1452 petere
1279 1412 1472 1450 divortium,
1492 1412 1567 1451 quia
1585 1412 1619 1441 sit
1634 1411 1674 1441 ob
1689 1410 1814 1451 culpam

1042 1475 1131 1496 suam
1147 1477 1152 1495 :
1174 1474 1253 1503 ergo
1270 1474 1327 1495 nec
1342 1464 1411 1495 talis
1427 1465 1580 1503 frigidus,
1595 1473 1668 1495 cum
1693 1464 1760 1503 ipse
1774 1464 1814 1494 sit

1042 1519 1074 1548 in
1091 1528 1195 1548 causa.
1214 1518 1273 1548 Sed
1291 1520 1399 1547 contra
1415 1517 1474 1547 hoc
1491 1520 1553 1555 est,
1570 1517 1644 1556 quia
1660 1526 1732 1547 cum
1749 1525 1813 1548 non

1042 1572 1081 1601 sit
1105 1571 1147 1601 ihi
1168 1571 1429 1609 matrimonium,
1447 1571 1572 1601 videtur
1596 1570 1679 1610 quod
1702 1573 1814 1600 neuter

1041 1628 1196 1656 teneatur.

1083 1679 1174 1718 Resp.
1192 1678 1364 1708 Dicendum
1386 1677 1468 1716 quod
1493 1676 1664 1707 divortium
1688 1678 1814 1716 propter

1044 1732 1261 1772 impotentiam
1283 1731 1416 1761 coeundi
1436 1729 1607 1770 aliquando
1627 1729 1663 1759 fit
1686 1731 1815 1769 propter

1043 1786 1122 1823 hoc,
1149 1785 1233 1825 quod
1259 1784 1445 1824 impotentia
1472 1786 1518 1813 est
1549 1783 1582 1813 in
1611 1782 1730 1820 alter03
1760 1782 1815 1812 ali-

1044 1838 1171 1878 quaudo
1195 1839 1323 1877 propter
1351 1837 1410 1867 hoc
1425 1860 1433 1874 ,
1452 1835 1537 1875 quod
1563 1834 1748 1874 impotentia
1770 1837 1816 1865 est

1046 1892 1077 1921 in
1093 1894 1246 1930 utroque,
1265 1892 1399 1929 uterque
1414 1889 1505 1920 debet
1515 1889 1583 1919 sine
1598 1897 1652 1928 spe
1670 1887 1815 1928 conjugii

1047 1954 1222 1975 remanere.
1237 1944 1269 1974 Si
1285 1945 1412 1983 propter
1427 1943 1486 1973 hoc
1501 1941 1584 1982 quod
1599 1942 1639 1972 sit
1652 1941 1684 1971 in
1704 1940 1814 1979 altero,

1046 1998 1157 2028 sivein
1171 1998 1252 2033 viro,
1265 1998 1330 2027 sive
1341 1997 1373 2026 in
1385 1996 1529 2032 muliere;
1547 1997 1615 2035 post
1630 1994 1814 2032 divortium,

1046 2051 1114 2088 1110,
1134 2051 1165 2080 111
1180 2059 1244 2089 quo
1271 2052 1317 2079 est
1332 2058 1426 2079 causa
1437 2072 1446 2086 ,
1463 2048 1556 2079 debet
1569 2057 1735 2078 remanere
1749 2048 1816 2078 sine

1045 2114 1100 2144 spe
1122 2103 1281 2141 conjugii,
1306 2105 1458 2141 tanquam
1474 2109 1608 2140 persona
1623 2100 1789 2139 illegitima
1805 2109 1813 2129 :

1045 2156 1127 2196 quod
1144 2156 1169 2186 si
1184 2155 1367 2192 contrahat,
1382 2156 1412 2184 et
1427 2153 1542 2193 possit,
1559 2155 1634 2183 tunc
1650 2153 1742 2183 dehet
1764 2161 1813 2183 re-

1045 2210 1113 2241 dire
1136 2210 1174 2240 ad
1197 2208 1301 2248 priora
1322 2209 1406 2237 vota.
1424 2206 1514 2243 Quod
1528 2215 1607 2245 ergo
1622 2205 1715 2242 dicit,
1731 2205 1815 2245 quod

1045 2264 1228 2294 remaneant
1247 2260 1387 2300 innupti,
1405 2260 1541 2290 refertur
1555 2259 1595 2289 ad
1605 2267 1691 2296 eum,
1708 2258 1742 2288 in
1753 2267 1816 2298 quo

1045 2317 1202 2356 reperitur
1217 2324 1313 2346 causa
1327 2312 1577 2352 illegitimitatis,
1593 2312 1660 2342 sive
1675 2311 1707 2341 in
1722 2311 1793 2342 viro
1804 2335 1814 2349 ‚

1045 2371 1112 2401 sive
1136 2370 1168 2399 in
1190 2369 1334 2399 muliere.
1353 2366 1443 2404 Quod
1469 2365 1617 2405 objicitur
1639 2364 1678 2395 de
1696 2365 1814 2395 retina-

1045 2424 1132 2461 culo,
1148 2423 1316 2454 dicendum
1332 2421 1417 2460 quod
1440 2420 1498 2450 etsi
1513 2418 1687 2449 secundum
1702 2418 1816 2448 verita-

1044 2480 1108 2508 tem
1123 2485 1187 2507 non
1210 2476 1250 2506 sit
1265 2475 1309 2505 ibi
1331 2472 1541 2505 retinaculum
1561 2471 1729 2512 conjugale
1744 2494 1752 2509 ‚
1769 2473 1814 2501 ta-

1046 2539 1120 2561 men
1141 2528 1315 2560 secuudum
1335 2525 1551 2567 apparentiam
1567 2549 1576 2563 ,
1600 2525 1651 2556 vel
1675 2524 1814 2555 aestima-

1045 2583 1162 2614 tionem
1173 2582 1214 2612 ibi
1230 2584 1290 2619 est;
1309 2580 1359 2612 vel
1372 2580 1468 2610 etiam
1483 2579 1631 2618 quaedam
1645 2577 1772 2618 sponsio
1784 2582 1815 2608 et
