1991 3006
38 1638 79 1659 Ad.
90 1644 140 1665 opp.

659 174 755 205 DIST.
779 173 868 204 XXV.
894 173 983 203 ART.
1009 173 1031 203 Ι.
1057 172 1206 209 QUAEST.
1233 174 1254 204 l.

153 243 347 273 ostenditur¹
367 251 374 272 ε
391 241 469 273 Sine
484 241 549 272 ulla
563 242 823 278 contradictione,
840 240 925 279 qaod

153 296 261 327 minus
281 298 340 332 est,
364 303 384 326 a
402 294 521 333 majore
540 293 756 325 benedicitur:
771 294 823 324 sed
840 293 923 323 ordi-

153 357 231 379 num
255 348 376 378 collatio
399 349 444 377 est
467 355 523 386 per
547 347 795 376 benedictionem
819 356 826 376 ε
847 355 924 385 ergo

153 411 277 432 necesse
292 403 352 438 est,
374 400 459 440 qnod
481 399 547 437 ille,
571 400 626 439 qui
647 399 773 430 ordines
787 400 923 436 confert,

154 454 358 484 eminentiam
372 453 487 483 habeat
500 452 580 482 ultra
591 461 701 482 omnes
714 453 839 482 ordines
852 463 857 482 :
872 452 925 482 sed

153 508 222 538 talis
236 517 301 537 non
316 509 362 538 est
377 506 437 536 nisi
451 506 615 545 episcopus
631 516 638 536 z
656 514 743 544 ergo.
765 508 823 536 etc.

193 560 270 590 Item
292 559 445 596 Isidorus,
466 559 499 589 in
520 559 599 589 libro
621 558 673 589 VII
700 558 925 598 Ecymoloqia—

153 620 241 650 rum,
263 622 331 652 cap.
354 622 415 648 ΧΠ,
438 612 571 651 loquens
591 611 628 641 de
643 611 745 641 officio
762 611 923 650 Episcopi,

155 666 229 696 dicit
251 676 258 695 :
277 677 291 694 «
312 665 380 705 Ipse
399 667 445 695 est
464 674 609 695 summus
628 665 788 702 sacerdos,
811 665 878 704 ipse
897 667 926 694 et

152 719 293 758 pontifex
320 719 481 749 maximus
510 718 712 754 nominatur,
746 718 813 756 ipse
841 718 925 748 enim

154 772 247 802 efficit
268 772 442 803 sacerdotes
462 774 556 812 atque
578 771 688 802 levitas
705 782 711 800 z
729 771 793 810 ipse
817 781 926 802 omnes

154 825 378 856 ecclesiasticos
393 826 518 856 ordines
533 825 679 864 disponit.
695 836 708 851 1)

195 879 272 909 Item
288 879 410 909 ratione
425 878 561 916 videtur,
579 878 655 917 quia
671 879 739 917 eJus
755 879 802 908 est
818 877 851 907 in
871 877 926 907 Ec-

155 932 249 963 clesia
265 932 391 962 ordines
410 931 616 967 constituere,
638 931 731 969 cujus
753 932 798 960 est
819 930 926 960 Eccle—

156 986 234 1016 siam
247 986 426 1024 gubernare
436 995 442 1014 :
453 985 505 1015 sed
517 984 706 1022 gubernatio
716 983 926 1013 Ecclesiarum

155 1040 272 1078 spectat
295 1038 332 1068 ad
353 1038 530 1077 episcopos,
557 1037 613 1076 qui
635 1039 707 1067 sunt
728 1037 925 1076 superinten-

155 1091 262 1121 dentes
280 1101 286 1121 :
305 1099 385 1129 ergo
399 1093 430 1120 et
443 1090 634 1129 dispensatio
649 1090 808 1120 ordinum.

196 1143 274 1174 Item
287 1144 356 1182 ejus
371 1145 417 1174 est
432 1143 464 1172 in
480 1143 617 1173 Ecclesia
631 1143 758 1174 ordines
773 1144 925 1181 conferre,

154 1196 193 1226 ad
210 1206 305 1236 quem
320 1198 437 1236 spectat
456 1205 496 1226 ex
515 1196 650 1226 Ecclesia
670 1197 752 1227 tilios
774 1206 927 1235 generare

155 1249 320 1289 perfectos,
337 1259 394 1290 pro
409 1259 446 1280 eo
461 1249 545 1288 quod
559 1249 636 1281 ordo
652 1250 782 1280 collocat
796 1250 829 1280 in
845 1252 928 1280 statu

156 1303 350 1342 perfectionis
363 1314 369 1333 ε
387 1303 440 1332 sed
455 1303 514 1332 hoc
527 1304 572 1332 est
588 1302 673 1332 illius
688 1303 795 1340 solius⁷
812 1304 867 1342 qui
882 1305 928 1333 est

155 1365 290 1395 sponsus
303 1367 309 1386 z
326 1356 376 1385 hic
388 1358 494 1385 autem
509 1358 554 1386 est
564 1356 729 1395 episcopus
742 1367 748 1385 ε
762 1365 852 1394 ergo,
868 1359 926 1386 etc.

198 1409 274 1440 Item
293 1409 421 1448 maioris
435 1409 598 1447 dignitatis
613 1411 659 1438 est
669 1409 793 1438 ordines
808 1409 928 1447 dispen-

155 1471 240 1498 sare,
257 1471 354 1500 quam
369 1462 409 1491 sit
429 1463 660 1491 sacramentum
679 1462 928 1491 confirmationis

155 1515 229 1544 dare
243 1526 248 1545 ι
262 1515 315 1545 sed
330 1515 470 1554 primum
488 1516 533 1544 cst
548 1514 764 1553 episcoporum
781 1517 905 1545 tantum
920 1526 925 1544 :

156 1577 233 1607 ergo
248 1569 279 1598 et
294 1567 479 1597 secundum.

195 1620 309 1651 Contra
325 1632 331 1650 :
351 1621 397 1651 ·1.²
420 1620 492 1652 Noli
509 1621 664 1660 negyliqere
679 1622 835 1659 oratiam,
859 1630 929 1660 (μαι)

155 1676 191 1706 in
206 1677 234 1706 te
249 1677 294 1706 est
306 1682 361 1713 per
376 1675 611 1713 impositionem
632 1682 785 1705 manuum
804 1675 928 1714 presby-

156 1729 217 1759 teri
230 1728 266 1765 (a)
277 1736 287 1757 .·
301 1736 377 1766 ergo
391 1727 423 1757 in
440 1728 599 1766 primitiva
615 1727 751 1757 Ecclesia
765 1728 926 1767 presbyte-

155 1789 266 1810 rorum
281 1782 348 1810 erat
363 1789 476 1810 manns
489 1780 643 1819 episcopis
656 1781 836 1819 imponere:
849 1790 928 1819 ergo

155 1835 185 1863 et
200 1833 346 1863 ordinare
361 1842 368 1863 :
385 1842 475 1871 ergo⁷
493 1836 551 1863 etc.

195 1888 224 1915 2.
253 1886 330 1916 Item
354 1886 509 1915 ordinatio
532 1885 681 1915 ordinum
706 1886 927 1925 plincipalium

156 1940 191 1968 tit
215 1948 270 1978 per
293 1948 448 1968 mannum
478 1938 712 1977 impositionem
740 1950 746 1968 :
772 1948 850 1977 ergo
878 1940 928 1969 cni

156 1992 303 2031 competit
331 2001 487 2021 mannum
517 1991 690 2030 impositio,
720 1992 870 2031 cotnpetit
899 1994 930 2022 et

156 2046 292 2083 potestas
324 2044 488 2075 ordinandi
519 2054 526 2074 ε
557 2045 610 2074 sed
643 2044 746 2083 prima
780 2046 930 2084 competit

156 2097 347 2136 presbyteris
372 2106 379 2127 :
402 2103 498 2136 ergo,
514 2100 571 2127 etc.
600 2096 745 2127 Probalio
766 2097 878 2127 mediae
893 2098 925 2128 ³:

161 2149 356 2188 «Presbyter
381 2159 454 2179 cuin
477 2150 660 2188 ordinatur,
686 2150 831 2189 episcopo
855 2160 929 2180 eum

157 2203 375 2240 benedicente,
392 2204 436 2233 'et
458 2212 589 2233 manum
615 2212 710 2242 super
739 2207 832 2242 capnt
859 2204 929 2243 ejus

157 2258 294 2292 tenente,
311 2258 341 2286 et
355 2264 466 2285 omnes
481 2255 670 2295 presbyteri,
687 2256 741 2294 qui
759 2258 930 2295 przesentes

158 2311 247 2346 sunt,
264 2318 379 2339 manus
393 2318 466 2339 suas
477 2310 571 2347 Juxta
594 2318 707 2338 manus
729 2309 862 2348 episcopi
881 2312 928 2339 te—

158 2364 254 2392 neant
268 2371 363 2401 super
378 2363 471 2401 caput
485 2362 580 2392 illius.
596 2373 609 2389 »
638 2361 736 2400 Ergo,
762 2365 821 2392 etc.

199 2417 226 2445 3.
247 2415 333 2453 Item,
349 2415 433 2454 quod
448 2416 620 2454 perfectum
636 2417 692 2452 est,
706 2417 806 2454 potest
821 2415 853 2445 in
869 2417 930 2446 tale

159 2468 250 2506 quale
271 2468 374 2507 ipsum
398 2470 467 2498 est:
485 2468 538 2498 sed
560 2468 637 2498 ordo
663 2468 861 2499 sacerdotalis
885 2471 930 2499 est

161 2539 191 2561 lv
208 2540 286 2569 Seni„
301 2539 358 2563 dist.
376 2546 434 2570 xxV,
453 2547 477 2570 q.
499 2545 544 2569 ¹1¹3
565 2540 651 2569 Stsrph.
674 2539 777 2567 Brutos„
797 2540 827 2564 lV
850 2541 928 2569 Seni„

160 2574 216 2598 dist.
232 2580 290 2604 xxv,
304 2582 328 2605 q.
345 2581 368 2605 13
386 2576 472 2599 Petrsu
485 2575 515 2597 de
531 2575 641 2604 Tarant„
657 2575 687 2599 [V
700 2577 778 2605 Sem„
792 2575 849 2598 dist.
868 2581 928 2605 xxv,

160 2617 184 2639 q.
201 2616 216 2632 ι.
226 2622 255 2626 -
270 2611 300 2638 (a)
317 2610 391 2638 Vulss.
406 2608 567 2641 presbyterii.
586 2623 615 2627 —
633 2609 662 2639 (ΙΙ)
676 2610 715 2634 Al,
734 2610 793 2640 tale,
804 2611 876 2641 quale
891 2611 928 2641 ip-

160 2652 254 2668 sum.-
267 2646 295 2675 (c)
308 2645 433 2669 minus.—
446 2645 479 2675 (fl)
498 2645 586 2675 Hujus.

1696 176 1749 204 191

982 240 1059 270 ordo
1075 241 1230 279 perfectus
1247 249 1254 269 :
1271 249 1350 279 ergo
1366 242 1468 279 potest
1482 241 1516 270 in
1530 240 1638 277 talem,
1654 240 1754 279 qualis

982 293 1048 332 ipse
1063 293 1102 332 (b)
1115 295 1161 323 est
1177 304 1182 323 :
1202 302 1282 331 ergo
1296 294 1432 332 videtur,
1449 293 1533 334 quod
1546 293 1689 324 sacerdos
1704 302 1754 323 sa-

983 346 1139 376 cerdotem
1154 346 1250 385 possit
1266 347 1378 377 facere.

1023 402 1051 429 4.
1071 399 1146 429 Item
1163 400 1233 439 plns
1249 402 1295 430 est
1315 409 1427 439 corpus
1444 400 1564 431 Domini
1584 400 1753 436 conficere,

982 461 1077 491 quam
1091 452 1229 491 aliquem
1249 453 1394 483 ordinare
1411 453 1443 482 in
1460 453 1565 492 aliquo
1587 452 1690 492 gradu
1704 461 1753 482 ec-

982 505 1152 535 clesiastico
1181 516 1187 535 ;
1218 506 1270 536 sed
1300 506 1439 544 primum
1467 509 1512 536 est
1540 515 1605 536 non
1631 507 1755 536 tantum

982 559 1135 598 episcopi,
1160 559 1213 589 sed
1236 559 1331 589 etiam
1356 559 1524 589 sacerdotis
1550 570 1555 589 :
1584 568 1663 597 ergo
1688 558 1756 598 pari

984 612 1102 641 ratione
1119 612 1254 648 zidetur,
1278 612 1359 651 quod
1382 612 1536 642 ordinatio
1555 611 1754 642 clericorum.

1023 668 1052 695 5.
1086 665 1163 695 Item
1191 665 1261 705 plus
1291 668 1405 705 praeest
1433 665 1577 695 sacerdos
1605 664 1753 702 diacono,

983 728 1080 757 quam
1103 721 1217 758 praeest
1239 719 1403 758 episeopus
1427 718 1571 758 episcopo
1589 729 1595 747 z
1614 718 1664 747 sed
1688 718 1754 757 epi-

984 780 1096 811 scopus
1119 774 1219 811 potest
1240 772 1338 802 alium
1365 780 1568 810 promovere⁷
1595 772 1625 801 et
1647 779 1754 800 conse-

983 835 1071 856 crare
1085 826 1119 856 in
1134 826 1317 865 episcopum
1335 837 1342 855 ·.
1360 835 1438 864 ergo
1460 824 1561 855 multo
1580 824 1691 855 fortius
1706 833 1757 854 sa—

984 879 1091 910 cerdos
1106 881 1206 919 potest
1221 880 1322 909 facere
1337 879 1516 909 diaconum.

1024 934 1053 962 6.
1083 932 1159 962 Item
1182 934 1310 971 propter
1336 932 1395 962 hoc
1420 934 1464 962 est
1488 931 1622 971 quaestio
1645 941 1652 960 2
1678 930 1757 961 Cum

985 985 1051 1014 min
1073 993 1089 1014 r
1098 985 1158 1023 (ma
1169 985 1289 1024 majore
1301 984 1513 1022 benedicatur,
1522 983 1681 1023 quomodo
1690 983 1755 1022 epi-

983 1046 1095 1077 scopus
1107 1039 1207 1076 potest
1221 1037 1404 1067 benedicere
1419 1037 1601 1076 episcopum
1612 1061 1619 1072 ,
1633 1038 1662 1066 et
1672 1036 1756 1076 quod

983 1091 1119 1130 amplius
1134 1093 1194 1128 est,
1212 1090 1500 1129 archiepiscopum,
1518 1090 1583 1119 imo
1600 1089 1684 1129 quod
1698 1089 1756 1119 ad-

984 1144 1047 1173 buc
1065 1144 1167 1182 majus
1182 1145 1244 1180 est,
1264 1143 1437 1173 Hostiensis
1451 1142 1606 1173 benedicit
1624 1142 1756 1182 Papam?

1258 1281 1483 1312 CONCLUSIO.

986 1380 1043 1406 Soli
1058 1380 1178 1414 episcopi
1197 1383 1309 1414 possum
1329 1387 1416 1405 sacros
1436 1380 1542 1405 ordines
1559 1379 1693 1412 conferre,
1710 1381 1756 1412 qui

1021 1424 1115 1450 habent
1131 1424 1251 1451 ordinem
1266 1424 1422 1456 conferendi
1438 1425 1461 1450 et
1476 1423 1651 1457 episcopalem
1665 1422 1756 1456 cliqm‘-

1023 1470 1114 1494 tatem.

1025 1570 1116 1609 Resp.
1133 1570 1170 1600 ad
1186 1579 1255 1608 arg.
1278 1569 1446 1599 Dicendum
1463 1569 1563 1608 quod,
1582 1569 1663 1599 sicut
1677 1569 1756 1599 sacri

985 1625 1125 1654 Canones
1153 1623 1277 1660 dicunt,
1307 1623 1482 1653 secundum
1507 1624 1561 1661 jus
1589 1632 1758 1653 commune

985 1687 1047 1708 non
1071 1678 1171 1716 potest
1190 1676 1304 1715 aliquis
1318 1676 1444 1706 ordines
1461 1676 1656 1715 dispensare,
1680 1684 1758 1715 prae-

984 1730 1091 1759 sertim
1108 1730 1234 1759 ordines
1249 1739 1368 1765 sacros,
1393 1729 1453 1759 nisi
1475 1729 1561 1758 solus
1582 1729 1755 1768 episcopus.

985 1783 1049 1814 Hoc
1064 1783 1105 1822 (ct)
1119 1785 1273 1812 statutum
1288 1785 1393 1813 ortum
1406 1783 1499 1812 habet
1515 1791 1554 1812 ex
1571 1791 1658 1812 sacra
1672 1781 1757 1812 Scri—

985 1839 1088 1876 ptura,
1096 1839 1126 1865 et.
1137 1836 1272 1875 Spiritus
1282 1836 1382 1865 sancti
1393 1835 1601 1865 ordinatione.
1613 1835 1659 1865 Ex
1670 1844 1758 1865 sacra

985 1890 1163 1929 Scriptura,
1189 1889 1266 1928 quia
1289 1898 1362 1918 cum
1386 1889 1536 1919 Dominus
1556 1889 1619 1918 dno
1639 1898 1758 1927 genera

984 1942 1210 1981 discipulorum
1233 1942 1361 1978 habuit,
1388 1942 1541 1981 quosdam
1566 1942 1598 1971 in
1623 1950 1757 1972 numero

984 1996 1141 2033 duodeno,
1153 1996 1307 2035 quosdam
1318 1995 1351 2024 in
1363 2004 1495 2025 numero
1503 1994 1753 2034 septuagesimo:

985 2049 1102 2087 primos
1134 2048 1291 2087 apostolos
1326 2047 1522 2084 nominavit,
1555 2056 1649 2087 snper
1678 2056 1757 2087 quos

984 2102 1079 2131 etiam
1089 2101 1233 2131 fundavit
1244 2100 1424 2138 Ecclesiam,
1440 2101 1524 2140 ipsos
1540 2103 1643 2130 tamen
1656 2100 1757 2139 primo

984 2154 1144 2185 fundando
1169 2154 1200 2183 in
1227 2163 1275 2190 se,
1304 2153 1381 2183 alios
1409 2153 1564 2192 simplices
1588 2153 1756 2192 discipulos

984 2208 1163 2247 appellavit.
1194 2207 1231 2237 Et
1255 2207 1402 2246 apostolis
1429 2206 1532 2246 primo
1558 2206 1617 2235 fuit
1645 2206 1756 2236 collata

985 2263 1118 2300 potestas
1134 2260 1315 2300 imponendi
1333 2268 1462 2297 manns,
1486 2261 1516 2289 et
1535 2259 1752 2296 consecrandi;

985 2324 1049 2345 non
1063 2317 1169 2344 antem
1183 2313 1378 2353 simplicibus
1393 2313 1562 2352 discipulis,
1578 2314 1658 2343 sicut
1673 2314 1755 2352 patet

984 2378 1023 2399 ex
1040 2370 1139 2406 textu,
1157 2371 1188 2398 et
1203 2378 1243 2398 ex
1259 2368 1377 2397 Glossa.
1395 2367 1433 2398 Et
1442 2367 1593 2407 quoniam
1609 2367 1755 2406 ¹apostolis

984 2423 1202 2452 successerunt
1219 2421 1369 2460 episcopi,
1387 2421 1546 2460 discipulis
1562 2429 1637 2450 vero
1652 2428 1753 2449 sacer-

984 2476 1073 2505 dotes
1094 2474 1264 2514 simpliceS,
1281 2474 1361 2504 sicut
1382 2474 1517 2504 habetur
1531 2473 1668 2503 distinct.
1684 2481 1752 2509 xm,

985 2528 1076 2567 capit.
1095 2529 1133 2558 1η
1148 2528 1234 2559 Novo
1254 2527 1477 2566 Testamento&
1496 2527 1538 2557 ita
1554 2528 1652 2566 patet,
1671 2525 1754 2564 quod

1020 2610 1023 2621 ¹
1040 2608 1123 2638 11ehr.‚
1137 2614 1183 2638 vll,
1198 2610 1254 2632 7.—
1266 2608 1381 2635 ²1Thn„
1398 2613 1432 2638 lv,
1451 2608 1485 2630 14.
1502 2620 1526 2623 ——
1544 2607 1551 2619 ³⁵
1565 2606 1667 2635 lna-ret„
1684 2612 1708 2635 p.
1723 2605 1752 2635 ll,

986 2645 1042 2668 dist.
1067 2650 1144 2674 xxxix,
1166 2652 1188 2668 c.
1215 2650 1272 2668 vni.
1284 2657 1314 2661 -—
1332 2645 1339 2658 ⁴
1353 2644 1427 2673 llud„
1441 2644 1574 2673 dist.-xx1‚
1590 2650 1611 2664 c.
1629 2644 1650 2665 2.
