1991 3006
839 210 1026 243 DISTINCT.
1049 210 1153 243 XXIX.

205 282 264 313 Nec
282 280 381 312 solum
391 280 509 312 coactio
523 277 670 318 impedit,
686 278 732 310 vel
743 277 886 310 excludit
899 286 970 310 con-

204 342 349 366 sensum.
365 335 422 363 etc.
440 331 542 362 Prima
566 339 637 370 pars
652 331 747 361 habet
761 333 824 361 tres
839 333 943 370 partes
961 343 966 359 ;

204 387 235 416 111
258 386 360 426 prima
374 385 538 415 veritatem
555 384 758 420 determinem
783 384 816 414 in
832 384 969 414 secunda

204 439 366 478 explanat,
382 437 424 467 ibi
442 448 448 466 :
467 437 524 467 Ex
538 436 589 467 Itis
604 440 735 475 apparet
748 435 897 475 conjuqia
911 437 965 474 fle⁴

203 493 244 529 ri,
259 494 316 522 etc.
329 503 336 528 ;
352 491 385 521 in
400 491 490 521 tertia
505 499 580 520 vero
588 490 667 520 illud
681 490 766 529 quod
782 490 969 520 determinat

203 545 286 574 circa
306 543 547 573 matrimonium
563 566 570 579 ,
587 542 721 582 applicat
734 543 772 573 ad
787 542 944 581 sponsalia
959 566 966 579 ,

202 597 246 627 ibi
264 607 270 627 z
290 597 469 628 Consentire
485 599 587 627 autem
601 595 721 634 probat,
737 596 794 634 qui
809 595 970 627 evidenter

203 658 266 682 non
277 649 479 686 contradicit,
495 651 553 679 etc.

529 733 596 754 DUB.
620 732 641 753 Ι.

411 796 517 820 Coactus
532 794 599 818 enim
617 800 763 818 consensus.

244 863 403 900 Quaeritur
418 861 469 892 hic
495 861 533 891 de
554 860 616 890 situ
630 860 727 899 hujus
742 860 839 899 partis
857 871 863 890 z
881 859 969 890 vide-

205 919 255 946 tur
279 915 365 946 enim
385 914 466 944 male
489 914 540 943 bic
559 912 686 949 situari,
703 912 778 951 quia
801 912 827 941 si
854 912 971 942 coactio

204 972 250 998 est
263 967 521 1007 impedimentum
540 965 752 1000 matrimonii,
769 974 847 1003 ergo
864 965 896 994 in
918 964 971 994 illo

204 1019 339 1059 capitulo
354 1019 480 1049 deberet
494 1018 694 1048 determinari
709 1040 715 1053 ,
733 1017 787 1047 ubi
808 1017 918 1055 agitur
932 1017 971 1046 de

203 1071 435 1111 impedimentis
450 1070 655 1100 matrimonii.

244 1125 334 1164 Resp.
352 1124 523 1154 Dicendum
539 1123 635 1163 quod,
652 1123 728 1162 quia
743 1123 892 1162 Magister
902 1123 971 1161 agit.

203 1179 254 1209 hic
267 1179 305 1209 de
320 1177 523 1208 matrimonio
538 1186 554 1206 a
572 1178 659 1216 parte
674 1185 776 1206 causae
795 1175 968 1212 efficientis,

203 1236 233 1261 et
247 1240 342 1262 causa
354 1230 492 1260 efficiens
507 1232 553 1260 est
565 1238 737 1260 consensus
752 1238 816 1259 non
825 1228 969 1268 quilIbet,

203 1285 255 1315 sed
281 1284 411 1324 plenus,
433 1286 463 1313 et
483 1283 644 1323 plenitudo
667 1290 840 1312 consensus
869 1281 972 1311 deficit

204 1336 376 1367 secundum
402 1335 512 1366 modos
535 1335 716 1374 praedictos;
743 1335 813 1365 ideo
838 1334 890 1364 1110
904 1334 972 1373 agit

203 1390 241 1420 de
265 1389 423 1419 coactione
446 1391 477 1419 et
496 1397 616 1425 errore;
646 1388 725 1418 infra
750 1397 824 1418 vero
849 1388 911 1426 agit
934 1388 971 1418 de

204 1451 410 1481 personarum
425 1441 625 1479 legitimitate
639 1451 644 1471 :
662 1443 692 1471 et
707 1441 782 1480 quia
796 1440 849 1470 illa
865 1440 972 1470 multis

204 1494 305 1525 modis
320 1496 422 1534 potest
434 1494 564 1533 privari,
582 1496 611 1523 et
626 1502 681 1532 per
696 1502 891 1532 consequens
907 1502 970 1522 ma-

202 1547 390 1578 trimonium
414 1546 585 1586 impediri,
609 1546 679 1576 ideo
701 1546 831 1576 interius
850 1546 919 1585 agit
933 1546 971 1576 de

204 1600 312 1630 multis
338 1599 573 1639 impedimentis
604 1610 610 1629 z
641 1601 671 1629 et
701 1600 770 1629 haec
800 1601 846 1629 est
872 1599 951 1629 ratio
963 1623 970 1635 ,

203 1661 301 1692 quare
321 1655 470 1683 tractatus
490 1652 540 1682 ille
562 1652 601 1682 ab
620 1652 680 1682 1106
695 1654 859 1691 separatur
872 1675 879 1688 ,
897 1652 972 1690 quia

204 1705 282 1735 ratio
298 1705 486 1744 impediendi
497 1705 584 1735 venit
595 1714 634 1735 ex
651 1705 712 1735 alio
723 1713 842 1743 genere
856 1713 969 1735 causae.

524 1806 592 1828 DUB.
616 1807 647 1827 11.

203 1870 368 1901 Nequaquam
384 1875 440 1892 eam
457 1867 561 1891 invitam
583 1874 612 1891 ac
629 1867 780 1891 renitentem
801 1867 915 1898 ejusdem
928 1868 973 1891 viri

374 1910 450 1934 cogas
465 1903 583 1934 conjugio
598 1903 726 1933 copulari,
746 1906 794 1926 ete.

246 1970 384 2001 Ponatur
411 1969 495 2008 quod
519 1968 625 2008 aliqua
653 1969 828 1999 consentiat
852 1969 885 1999 in
913 1969 972 1999 ali-

205 2031 301 2062 quem
316 2031 371 2062 per
385 2022 553 2059 nuntium,
573 2024 603 2052 et
617 2024 688 2051 ante
703 2021 875 2052 adventum
893 2031 973 2052 nun·

190 2075 239 2106 —tii
254 2075 404 2114 pceniteat
416 2099 423 2112 ,
440 2077 471 2105 et
494 2074 573 2105 nolit
595 2075 791 2111 consentire,
809 2077 920 2105 utrum
935 2075 974 2105 sit

205 2127 436 2167 compellenda;
461 2130 492 2157 et
515 2127 598 2166 quod
613 2127 657 2157 sic
673 2150 680 2164 ‚
697 2127 838 2165 videtur,
857 2129 933 2167 quia
948 2129 973 2158 si

204 2182 388 2220 potestatem
400 2189 491 2210 suam
502 2179 660 2210 commisit
671 2181 879 2219 procuratori,
896 2183 974 2211 tunc

207 2235 250 2264 ita
264 2236 368 2264 ratum
385 2235 443 2270 est,
462 2233 536 2272 quia
551 2236 735 2272 procurator
751 2234 835 2271 facit,
854 2234 934 2264 sicut
947 2234 972 2263 si

207 2287 289 2327 Papa
303 2288 418 2317 faceret
434 2297 441 2323 ;
458 2295 537 2324 ergo
553 2286 578 2315 si
594 2289 779 2325 procurator
796 2289 826 2316 et
841 2287 975 2317 nuntius

206 2340 378 2371 consentiat
397 2363 406 2377 ‚
441 2341 737 2378 quantumcumque
772 2340 973 2378 postmodum

205 2392 368 2428 reclamet,
385 2392 512 2422 videtur
530 2391 614 2430 quod
635 2394 693 2421 stet
720 2393 972 2423 matrimonium.

207 2446 264 2477 Sed
289 2448 422 2476 contra:
448 2445 585 2475 Ponatur
612 2445 695 2484 quod
721 2446 825 2475 statim
849 2455 887 2476 ex
911 2455 975 2485 (1110

208 2499 353 2538 poenitet,
369 2500 539 2538 antequam
560 2498 692 2528 nuntius
706 2499 884 2538 perveniat,
902 2508 973 2529 cum

208 2551 268 2581 alio
291 2551 471 2588 contrahat,
488 2553 609 2581 constat
630 2551 713 2590 quod
735 2552 973 2582 matrimonium

207 2607 264 2640 est,
282 2612 355 2633 cum
373 2604 475 2634 adhuc
490 2604 541 2634 alii
569 2613 631 2634 non
648 2605 685 2633 sit
707 2604 856 2643 alligatus
874 2615 879 2634 z
896 2614 975 2643 ergo

208 2657 292 2687 aliud
315 2657 550 2688 matrimonium
569 2666 633 2688 non
661 2660 731 2688 stat.
753 2658 830 2689 Item
854 2668 918 2689 non
941 2661 975 2689 tit

1733 213 1791 241 249

1027 278 1264 309 matrimonium
1274 278 1333 308 nisi
1345 287 1401 317 per
1411 280 1560 309 mutuum
1574 286 1763 308 consensum
1778 287 1792 309 :

1026 340 1196 362 consensus
1220 333 1326 361 autem
1351 333 1482 361 mutuus
1510 331 1617 362 nullus
1644 333 1701 368 est,
1730 329 1792 359 nisi

1027 385 1122 414 simul
1139 384 1177 414 sit
1199 386 1288 420 actu,
1306 383 1356 413 vel
1371 383 1480 414 habitu
1497 393 1504 414 :
1522 392 1599 423 ergo
1615 383 1641 413 si
1662 382 1793 422 poenitet

1027 440 1197 476 antequam
1218 439 1291 466 tunc
1306 436 1493 473 consentiat,
1512 438 1605 475 patet,
1623 438 1682 466 etc.
1700 435 1793 471 Quae-

1027 490 1108 520 ritur
1122 499 1200 528 ergo
1217 491 1324 519 utrum
1341 489 1579 519 matrimonium
1599 488 1697 528 possit
1718 497 1794 518 con-

1027 543 1110 573 trahi
1124 543 1204 573 inter
1218 542 1374 571 absentes.

1068 595 1158 634 Resp.
1176 594 1347 624 Dicendum
1363 593 1447 633 quod
1469 593 1492 622 si
1514 594 1627 633 aliquis
1642 594 1795 624 consentit

1028 649 1058 678 in
1075 649 1235 678 absentem
1257 656 1312 686 per
1340 648 1592 686 procuratorem,
1611 650 1711 685 potest
1725 647 1794 676 fieri

1028 700 1267 730 matrimonium
1282 723 1290 737 ,
1318 708 1382 729 non
1411 699 1514 729 solum
1542 699 1698 738 sponsalia
1721 708 1796 729 con-

1028 754 1111 784 trahi
1124 777 1134 790 ,
1150 754 1226 783 dum
1246 755 1352 783 tamen
1374 753 1496 782 constet
1524 754 1699 791 utrumque
1720 761 1794 782 con-

1028 807 1143 837 sentire
1157 830 1166 844 ,
1184 806 1263 836 sicut
1290 807 1322 836 in
1337 806 1579 845 praesentiarum
1596 806 1697 844 potest
1712 813 1796 834 unus

1027 860 1115 890 alteri
1141 868 1331 889 consensum
1353 859 1530 898 exprimere
1554 866 1611 897 per
1626 857 1796 896 interposi-

1028 915 1089 943 tam
1101 921 1280 952 personam.
1292 911 1378 948 Quod
1390 913 1497 941 autem
1509 910 1676 949 quaerstur,
1688 912 1796 940 utrum

1028 967 1095 1006 ipsa
1111 966 1281 1004 poenitente
1304 964 1545 994 matrimonium
1571 963 1794 1000 contrahatur,

1027 1018 1194 1048 dicendum
1215 1017 1298 1057 quod
1314 1026 1444 1053 revera,
1462 1017 1489 1046 si
1513 1025 1575 1046 non
1606 1018 1677 1046 ante
1693 1016 1796 1054 poeni-

1027 1073 1089 1101 teat
1104 1095 1110 1107 ‚
1128 1080 1225 1110 quani
1241 1070 1292 1100 ille
1311 1070 1504 1107 consentiat,
1519 1078 1569 1099 res
1584 1071 1630 1099 est
1645 1068 1743 1099 salva.
1761 1068 1799 1099 Et

1028 1124 1053 1153 si
1078 1124 1207 1163 poenitet
1232 1124 1265 1153 in
1282 1123 1394 1158 corde,
1423 1124 1453 1153 et
1473 1122 1622 1152 reclamet
1644 1122 1676 1151 in
1705 1122 1798 1160 signo

1027 1177 1061 1207 111
1084 1178 1252 1216 conspectu
1279 1176 1405 1206 testium
1419 1199 1427 1212 ,
1446 1184 1500 1215 per
1515 1184 1594 1214 quos
1610 1174 1709 1213 possit
1725 1183 1796 1213 pro-

1028 1230 1095 1260 bari
1115 1253 1124 1266 ,
1145 1232 1252 1269 utpote
1277 1229 1426 1267 negando
1444 1252 1450 1263 ‚
1483 1228 1532 1257 vel
1560 1227 1798 1258 matrimonium

1028 1292 1101 1313 cum
1116 1282 1177 1312 alia
1196 1282 1427 1318 contrahendo,
1445 1290 1556 1311 revera
1580 1290 1643 1311 non
1666 1283 1713 1311 est
1728 1290 1795 1311 ma-

1027 1335 1224 1371 trimonium,
1242 1334 1343 1365 necin
1357 1336 1523 1373 conspectu
1539 1334 1600 1371 nei,
1613 1343 1670 1364 nec
1684 1334 1717 1363 in
1728 1342 1799 1364 con-

1032 1390 1141 1428 spectu
1155 1388 1311 1425 Ecclesiae,
1329 1387 1404 1426 quia
1423 1396 1594 1417 consensus
1621 1396 1684 1416 non
1704 1386 1799 1417 simul

1029 1443 1222 1471 concurrunt
1235 1464 1242 1477 ‚
1260 1441 1398 1470 maxime
1409 1440 1435 1469 si
1450 1440 1521 1470 t'ecit
1533 1440 1616 1479 quod
1631 1440 1661 1469 in
1678 1449 1710 1469 se
1727 1440 1796 1476 suit,

1029 1498 1063 1525 ut
1092 1494 1250 1524 revocatio
1280 1493 1453 1523 voluntatis
1483 1494 1553 1532 ejus
1582 1493 1619 1522 ad
1648 1493 1799 1523 nuntium

1028 1547 1206 1586 perveniret
1223 1557 1229 1576 t
1247 1548 1278 1576 et
1293 1546 1350 1575 hoc
1366 1548 1449 1585 patet
1461 1569 1468 1582 ,
1485 1546 1560 1585 quia
1578 1546 1603 1575 si
1627 1545 1743 1581 statim,
1760 1554 1799 1575 ex

1028 1609 1091 1639 quo
1115 1600 1264 1639 poenitet,
1285 1608 1356 1629 cum
1374 1598 1434 1628 alia
1453 1598 1671 1635 contraheret,
1688 1598 1797 1628 matri-

1030 1653 1171 1683 monium
1198 1654 1288 1682 esset.
1307 1651 1396 1688 Quod
1419 1651 1585 1690 objicitur,
1603 1651 1689 1690 quod
1716 1650 1801 1681 dedit

1027 1706 1117 1736 alteri
1146 1714 1236 1735 suam
1267 1706 1453 1744 potestatem
1473 1727 1481 1741 ‚
1510 1704 1677 1734 dicendum
1714 1703 1799 1742 quod

1028 1767 1153 1797 semper
1177 1757 1365 1795 intelligitur
1380 1758 1563 1796 potestatem
1587 1756 1625 1786 ad
1641 1755 1726 1786 hunc
1746 1764 1797 1785 ac-

1028 1814 1097 1841 tum
1112 1811 1187 1842 dare
1199 1835 1207 1848 ,
1223 1819 1378 1841 consensu
1390 1810 1423 1840 in
1438 1810 1505 1849 ipso
1522 1810 1704 1840 remanente
1718 1832 1726 1846 ,
1743 1808 1799 1848 (1111

1029 1866 1075 1894 est
1088 1864 1126 1894 de
1151 1863 1284 1894 essentia
1301 1862 1495 1892 matrimonii
1516 1862 1648 1892 interius
1675 1861 1706 1891 in
1721 1861 1798 1891 facie

1029 1916 1101 1953 Dei,
1118 1918 1148 1946 et
1161 1916 1299 1946 exterius
1312 1915 1345 1945 in
1360 1915 1437 1945 facie
1454 1914 1610 1945 Ecclesiae.

1349 2008 1416 2029 DUB.
1440 2007 1483 2028 111.

1031 2068 1212 2091 Verumtamen
1227 2066 1270 2097 qui
1284 2065 1354 2089 inviti
1373 2066 1397 2088 et
1418 2064 1499 2088 coacti
1514 2063 1643 2095 conjuncti
1660 2065 1735 2092 sunt,
1751 2064 1798 2087 etc.

1069 2129 1198 2159 Videtur
1223 2128 1340 2163 dicere.
1366 2127 1449 2166 quod
1481 2127 1505 2156 si
1534 2135 1598 2157 non
1626 2126 1799 2161 reclamat,

1029 2183 1113 2222 quod
1140 2184 1186 2212 est
1210 2180 1463 2211 matrimonium.
1487 2179 1623 2210 Contra:
1647 2178 1727 2209 Illud
1744 2186 1800 2217 po-

1030 2237 1088 2265 test
1113 2244 1181 2265 esse
1206 2244 1244 2265 ex
1273 2233 1495 2272 negligentia:
1523 2232 1576 2262 sed
1600 2230 1801 2270 negligentia

1030 2298 1094 2319 non
1111 2288 1235 2328 supplet
1253 2287 1358 2317 locum
1375 2295 1564 2316 consensus:
1583 2293 1662 2323 ergo
1678 2293 1743 2314 non
1758 2283 1802 2314 vi-

1030 2342 1120 2372 detur
1135 2341 1218 2380 quod
1234 2340 1274 2369 sit
1290 2338 1540 2369 matrimonium.

1072 2394 1161 2432 Hesp.
1185 2393 1356 2423 Dicendum
1381 2391 1465 2430 quod
1492 2390 1666 2421 secundum
1689 2389 1798 2419 faciem

1031 2446 1176 2477 Ecclesiae
1193 2454 1366 2475 consensus
1395 2446 1607 2483 praesumptus
1631 2442 1797 2472 matrimo-

1032 2500 1120 2530 nium
1133 2499 1214 2534 t'acit,
1230 2497 1356 2537 quando
1372 2497 1489 2527 scilicet
1502 2496 1703 2536 probabiliter
1718 2503 1800 2533 prae-

1031 2553 1188 2589 sumitur,
1205 2551 1287 2591 111101]
1305 2560 1476 2580 consensus
1497 2550 1548 2580 illc
1569 2550 1607 2579 sit
1637 2547 1797 2578 maritalis.

1032 2606 1096 2636 Hoc
1120 2607 1226 2635 autem
1254 2606 1355 2644 potest
1380 2613 1445 2634 esse
1473 2602 1634 2642 tripliciter
1660 2610 1666 2630 :
1697 2599 1800 2639 primo

1033 2659 1143 2696 modo,
1157 2657 1284 2698 quando
1302 2657 1455 2688 consentit
1472 2665 1546 2688 orez
1563 2653 1699 2685 secundo
1709 2661 1796 2689 vero,
