<?xml version="1.0" encoding="UTF-8"?>
<!DOCTYPE html PUBLIC "-//W3C//DTD XHTML 1.0 Transitional//EN"
    "http://www.w3.org/TR/xhtml1/DTD/xhtml1-transitional.dtd">
<html xmlns="http://www.w3.org/1999/xhtml" xml:lang="en" lang="en">
 <head>
  <title>
</title>
<meta http-equiv="Content-Type" content="text/html;charset=utf-8" />
  <meta name='ocr-system' content='tesseract 3.04.00' />
  <meta name='ocr-capabilities' content='ocr_page ocr_carea ocr_par ocr_line ocrx_word'/>
</head>
<body>
  <div class='ocr_page' id='page_1' title='image "./operaomniasixtiv06bonauoft/operaomniasixtiv06bonauoft_0543.png"; bbox 0 0 1991 3006; ppageno 0'>
   <div class='ocr_carea' id='block_1_1' title="bbox 39 1529 128 1581">
    <p class='ocr_par' dir='ltr' id='par_1_1' title="bbox 39 1529 128 1581">
     <span class='ocr_line' id='line_1_1' title="bbox 47 1529 125 1556; baseline 0.013 -7"><span class='ocrx_word' id='word_1_1' title='bbox 47 1529 125 1556; x_wconf 82' lang='lat' dir='ltr'>Opinio</span> 
     </span>
     <span class='ocr_line' id='line_1_2' title="bbox 39 1561 128 1581; baseline 0.011 -1"><span class='ocrx_word' id='word_1_2' title='bbox 39 1561 128 1581; x_wconf 67' lang='lat' dir='ltr'>aliorum</span> 
     </span>
    </p>
   </div>
   <div class='ocr_carea' id='block_1_2' title="bbox 653 192 1286 229">
    <p class='ocr_par' dir='ltr' id='par_1_2' title="bbox 653 192 1286 229">
     <span class='ocr_line' id='line_1_3' title="bbox 653 192 1286 229; baseline -0.002 -6"><span class='ocrx_word' id='word_1_3' title='bbox 653 193 747 224; x_wconf 77' lang='lat' dir='ltr'>DtsT.</span> <span class='ocrx_word' id='word_1_4' title='bbox 772 192 859 223; x_wconf 80' lang='lat' dir='ltr'><strong>XLV.</strong></span> <span class='ocrx_word' id='word_1_5' title='bbox 882 192 973 223; x_wconf 81' lang='lat' dir='ltr'><strong>ART.</strong></span> <span class='ocrx_word' id='word_1_6' title='bbox 1000 193 1036 224; x_wconf 90' lang='grc'>11.</span> <span class='ocrx_word' id='word_1_7' title='bbox 1061 192 1210 229; x_wconf 77' lang='lat' dir='ltr'><strong>QUAEST.</strong></span> <span class='ocrx_word' id='word_1_8' title='bbox 1235 193 1286 223; x_wconf 91' lang='lat' dir='ltr'>lIl.</span> 
     </span>
    </p>
   </div>
   <div class='ocr_carea' id='block_1_3' title="bbox 159 259 939 1197">
    <p class='ocr_par' dir='ltr' id='par_1_3' title="bbox 170 259 939 448">
     <span class='ocr_line' id='line_1_4' title="bbox 171 259 939 300; baseline -0.001 -11"><span class='ocrx_word' id='word_1_9' title='bbox 171 268 228 298; x_wconf 92' lang='lat' dir='ltr'>pro</span> <span class='ocrx_word' id='word_1_10' title='bbox 252 260 375 300; x_wconf 79' lang='lat' dir='ltr'>aliquo,</span> <span class='ocrx_word' id='word_1_11' title='bbox 403 261 528 291; x_wconf 85' lang='lat' dir='ltr'>videtur</span> <span class='ocrx_word' id='word_1_12' title='bbox 548 261 633 300; x_wconf 89' lang='lat' dir='ltr'>quod</span> <span class='ocrx_word' id='word_1_13' title='bbox 656 260 739 290; x_wconf 88' lang='lat' dir='ltr'>Deus</span> <span class='ocrx_word' id='word_1_14' title='bbox 765 259 939 299; x_wconf 76' lang='lat' dir='ltr'>specialiter</span> 
     </span>
     <span class='ocr_line' id='line_1_5' title="bbox 171 312 939 352; baseline -0.001 -10"><span class='ocrx_word' id='word_1_15' title='bbox 171 312 284 352; x_wconf 77' lang='lat' dir='ltr'>accipit</span> <span class='ocrx_word' id='word_1_16' title='bbox 299 322 356 352; x_wconf 91' lang='lat' dir='ltr'>pro</span> <span class='ocrx_word' id='word_1_17' title='bbox 378 313 431 343; x_wconf 90' lang='lat' dir='ltr'>illo</span> <span class='ocrx_word' id='word_1_18' title='bbox 451 325 457 343; x_wconf 89' lang='lat'>:</span> <span class='ocrx_word' id='word_1_19' title='bbox 484 322 561 352; x_wconf 81' lang='lat' dir='ltr'>ergo</span> <span class='ocrx_word' id='word_1_20' title='bbox 582 314 705 344; x_wconf 87' lang='lat' dir='ltr'>videtur</span> <span class='ocrx_word' id='word_1_21' title='bbox 729 313 813 352; x_wconf 86' lang='lat' dir='ltr'>quod</span> <span class='ocrx_word' id='word_1_22' title='bbox 835 312 939 350; x_wconf 75' lang='lat' dir='ltr'>magis</span> 
     </span>
     <span class='ocr_line' id='line_1_6' title="bbox 172 365 938 406; baseline 0.001 -12"><span class='ocrx_word' id='word_1_23' title='bbox 172 365 293 404; x_wconf 80' lang='lat' dir='ltr'>prosint</span> <span class='ocrx_word' id='word_1_24' title='bbox 301 365 372 403; x_wconf 87' lang='lat' dir='ltr'>illis,</span> <span class='ocrx_word' id='word_1_25' title='bbox 384 375 439 405; x_wconf 91' lang='lat' dir='ltr'>pro</span> <span class='ocrx_word' id='word_1_26' title='bbox 451 366 565 406; x_wconf 87' lang='lat' dir='ltr'>quibus</span> <span class='ocrx_word' id='word_1_27' title='bbox 581 366 745 405; x_wconf 79' lang='lat' dir='ltr'>specialius</span> <span class='ocrx_word' id='word_1_28' title='bbox 753 368 782 396; x_wconf 88' lang='lat' dir='ltr'>et</span> <span class='ocrx_word' id='word_1_29' title='bbox 797 365 938 396; x_wconf 86' lang='lat' dir='ltr'>crebrius</span> 
     </span>
     <span class='ocr_line' id='line_1_7' title="bbox 170 418 261 448; baseline 0.011 -1"><span class='ocrx_word' id='word_1_30' title='bbox 170 418 261 448; x_wconf 49' lang='lat' dir='ltr'>fiunt</span> 
     </span>
    </p>

    <p class='ocr_par' dir='ltr' id='par_1_4' title="bbox 164 469 938 762">
     <span class='ocr_line' id='line_1_8' title="bbox 209 469 938 512; baseline 0.003 -13"><span class='ocrx_word' id='word_1_31' title='bbox 209 469 298 508; x_wconf 85' lang='lat' dir='ltr'>Item,</span> <span class='ocrx_word' id='word_1_32' title='bbox 325 471 349 500; x_wconf 81' lang='lat' dir='ltr'>si</span> <span class='ocrx_word' id='word_1_33' title='bbox 371 472 402 502; x_wconf 89' lang='lat' dir='ltr'>in</span> <span class='ocrx_word' id='word_1_34' title='bbox 429 472 490 502; x_wconf 81' lang='lat' dir='ltr'>vita</span> <span class='ocrx_word' id='word_1_35' title='bbox 514 472 572 502; x_wconf 82' lang='lat' dir='ltr'>ista</span> <span class='ocrx_word' id='word_1_36' title='bbox 598 472 713 512; x_wconf 83' lang='lat' dir='ltr'>aliquis</span> <span class='ocrx_word' id='word_1_37' title='bbox 736 472 823 502; x_wconf 79' lang='lat' dir='ltr'>dives</span> <span class='ocrx_word' id='word_1_38' title='bbox 850 471 938 501; x_wconf 77' lang='lat' dir='ltr'>daret</span> 
     </span>
     <span class='ocr_line' id='line_1_9' title="bbox 167 522 935 564; baseline 0 -12"><span class='ocrx_word' id='word_1_39' title='bbox 167 522 411 562; x_wconf 75' lang='lat' dir='ltr'>eleemosynam,</span> <span class='ocrx_word' id='word_1_40' title='bbox 438 525 540 563; x_wconf 79' lang='lat' dir='ltr'>magis</span> <span class='ocrx_word' id='word_1_41' title='bbox 561 525 620 554; x_wconf 89' lang='lat' dir='ltr'>sibi</span> <span class='ocrx_word' id='word_1_42' title='bbox 643 525 813 564; x_wconf 80' lang='lat' dir='ltr'>prodesset,</span> <span class='ocrx_word' id='word_1_43' title='bbox 838 533 935 563; x_wconf 81' lang='lat' dir='ltr'>quam</span> 
     </span>
     <span class='ocr_line' id='line_1_10' title="bbox 167 574 936 616; baseline 0 -11"><span class='ocrx_word' id='word_1_44' title='bbox 167 574 219 605; x_wconf 83' lang='lat' dir='ltr'>alii</span> <span class='ocrx_word' id='word_1_45' title='bbox 237 586 243 605; x_wconf 90' lang='lat'>:</span> <span class='ocrx_word' id='word_1_46' title='bbox 267 585 346 614; x_wconf 83' lang='lat' dir='ltr'>ergo</span> <span class='ocrx_word' id='word_1_47' title='bbox 366 577 391 606; x_wconf 90' lang='lat' dir='ltr'>si</span> <span class='ocrx_word' id='word_1_48' title='bbox 410 577 448 606; x_wconf 88' lang='lat' dir='ltr'>ad</span> <span class='ocrx_word' id='word_1_49' title='bbox 466 578 534 615; x_wconf 79' lang='lat' dir='ltr'>ejus</span> <span class='ocrx_word' id='word_1_50' title='bbox 554 577 724 616; x_wconf 82' lang='lat' dir='ltr'>imperium</span> <span class='ocrx_word' id='word_1_51' title='bbox 749 578 841 607; x_wconf 85' lang='lat' dir='ltr'>detur</span> <span class='ocrx_word' id='word_1_52' title='bbox 866 578 936 616; x_wconf 88' lang='lat' dir='ltr'>post</span> 
     </span>
     <span class='ocr_line' id='line_1_11' title="bbox 167 630 935 669; baseline 0.003 -11"><span class='ocrx_word' id='word_1_53' title='bbox 167 631 311 666; x_wconf 83' lang='lat' dir='ltr'>mortem,</span> <span class='ocrx_word' id='word_1_54' title='bbox 328 639 400 659; x_wconf 89' lang='lat' dir='ltr'>cum</span> <span class='ocrx_word' id='word_1_55' title='bbox 418 639 474 669; x_wconf 88' lang='lat' dir='ltr'>pro</span> <span class='ocrx_word' id='word_1_56' title='bbox 489 630 542 660; x_wconf 85' lang='lat' dir='ltr'>tali</span> <span class='ocrx_word' id='word_1_57' title='bbox 557 630 671 660; x_wconf 82' lang='lat' dir='ltr'>habeat</span> <span class='ocrx_word' id='word_1_58' title='bbox 686 631 776 668; x_wconf 85' lang='lat' dir='ltr'>Deus,</span> <span class='ocrx_word' id='word_1_59' title='bbox 789 640 824 660; x_wconf 86' lang='lat' dir='ltr'>ac</span> <span class='ocrx_word' id='word_1_60' title='bbox 837 631 861 660; x_wconf 88' lang='lat' dir='ltr'>si</span> <span class='ocrx_word' id='word_1_61' title='bbox 879 631 935 660; x_wconf 91' lang='grc'><strong>1111-</strong></span> 
     </span>
     <span class='ocr_line' id='line_1_12' title="bbox 164 681 933 722; baseline 0.004 -12"><span class='ocrx_word' id='word_1_62' title='bbox 164 681 330 719; x_wconf 83' lang='lat' dir='ltr'>penderet,</span> <span class='ocrx_word' id='word_1_63' title='bbox 354 683 459 721; x_wconf 84' lang='lat' dir='ltr'>magis</span> <span class='ocrx_word' id='word_1_64' title='bbox 484 692 562 721; x_wconf 83' lang='lat' dir='ltr'>ergo</span> <span class='ocrx_word' id='word_1_65' title='bbox 593 683 718 722; x_wconf 87' lang='lat' dir='ltr'>prodest</span> <span class='ocrx_word' id='word_1_66' title='bbox 741 683 810 720; x_wconf 84' lang='lat' dir='ltr'>sibi,</span> <span class='ocrx_word' id='word_1_67' title='bbox 836 693 933 722; x_wconf 85' lang='lat' dir='ltr'>quam</span> 
     </span>
     <span class='ocr_line' id='line_1_13' title="bbox 164 733 229 762; baseline 0 0"><span class='ocrx_word' id='word_1_68' title='bbox 164 733 229 762; x_wconf 84' lang='lat' dir='ltr'>alii.</span> 
     </span>
    </p>

    <p class='ocr_par' dir='ltr' id='par_1_5' title="bbox 161 786 933 983">
     <span class='ocr_line' id='line_1_14' title="bbox 203 786 933 827; baseline 0.005 -11"><span class='ocrx_word' id='word_1_69' title='bbox 203 786 280 816; x_wconf 84' lang='lat' dir='ltr'>Item</span> <span class='ocrx_word' id='word_1_70' title='bbox 298 787 377 817; x_wconf 87' lang='lat' dir='ltr'>Deus</span> <span class='ocrx_word' id='word_1_71' title='bbox 390 790 529 827; x_wconf 75' lang='lat' dir='ltr'>acceptat</span> <span class='ocrx_word' id='word_1_72' title='bbox 540 798 619 827; x_wconf 84' lang='lat' dir='ltr'>opus</span> <span class='ocrx_word' id='word_1_73' title='bbox 635 789 810 819; x_wconf 86' lang='lat' dir='ltr'>secuudum</span> <span class='ocrx_word' id='word_1_74' title='bbox 829 790 933 820; x_wconf 88' lang='lat' dir='ltr'>inten-</span> 
     </span>
     <span class='ocr_line' id='line_1_15' title="bbox 161 838 933 882; baseline 0.005 -14"><span class='ocrx_word' id='word_1_75' title='bbox 161 838 278 869; x_wconf 84' lang='lat' dir='ltr'>tionem</span> <span class='ocrx_word' id='word_1_76' title='bbox 296 851 302 870; x_wconf 91' lang='lat'>:</span> <span class='ocrx_word' id='word_1_77' title='bbox 320 840 373 870; x_wconf 89' lang='lat' dir='ltr'>sed</span> <span class='ocrx_word' id='word_1_78' title='bbox 389 841 520 871; x_wconf 86' lang='lat' dir='ltr'>intentio</span> <span class='ocrx_word' id='word_1_79' title='bbox 538 841 678 871; x_wconf 79' lang='lat' dir='ltr'>facientis</span> <span class='ocrx_word' id='word_1_80' title='bbox 696 842 839 881; x_wconf 77' lang='lat' dir='ltr'>estquod</span> <span class='ocrx_word' id='word_1_81' title='bbox 862 852 933 882; x_wconf 87' lang='lat' dir='ltr'>spe-</span> 
     </span>
     <span class='ocr_line' id='line_1_16' title="bbox 161 892 932 934; baseline 0.005 -12"><span class='ocrx_word' id='word_1_82' title='bbox 161 892 271 923; x_wconf 83' lang='lat' dir='ltr'>cialius</span> <span class='ocrx_word' id='word_1_83' title='bbox 286 896 316 923; x_wconf 90' lang='lat' dir='ltr'>et</span> <span class='ocrx_word' id='word_1_84' title='bbox 332 894 436 932; x_wconf 80' lang='lat' dir='ltr'>magis</span> <span class='ocrx_word' id='word_1_85' title='bbox 450 895 547 933; x_wconf 79' lang='lat' dir='ltr'>prosit</span> <span class='ocrx_word' id='word_1_86' title='bbox 566 895 609 924; x_wconf 88' lang='lat' dir='ltr'>illi</span> <span class='ocrx_word' id='word_1_87' title='bbox 625 903 682 934; x_wconf 91' lang='lat' dir='ltr'>pro</span> <span class='ocrx_word' id='word_1_88' title='bbox 698 904 762 934; x_wconf 87' lang='lat' dir='ltr'>quo</span> <span class='ocrx_word' id='word_1_89' title='bbox 772 895 843 926; x_wconf 83' lang='lat' dir='ltr'>facit</span> <span class='ocrx_word' id='word_1_90' title='bbox 861 905 867 926; x_wconf 88' lang='lat'>:</span> <span class='ocrx_word' id='word_1_91' title='bbox 886 906 932 926; x_wconf 88' lang='lat' dir='ltr'>er-</span> 
     </span>
     <span class='ocr_line' id='line_1_17' title="bbox 162 948 294 983; baseline 0 -8"><span class='ocrx_word' id='word_1_92' title='bbox 162 954 218 983; x_wconf 85' lang='lat' dir='ltr'>go,</span> <span class='ocrx_word' id='word_1_93' title='bbox 236 948 294 975; x_wconf 80' lang='lat' dir='ltr'>etc.</span> 
     </span>
    </p>

    <p class='ocr_par' dir='ltr' id='par_1_6' title="bbox 159 998 929 1197">
     <span class='ocr_line' id='line_1_18' title="bbox 201 998 929 1040; baseline 0.004 -12"><span class='ocrx_word' id='word_1_94' title='bbox 201 998 278 1028; x_wconf 84' lang='lat' dir='ltr'>Item</span> <span class='ocrx_word' id='word_1_95' title='bbox 301 1008 356 1038; x_wconf 91' lang='lat' dir='ltr'>per</span> <span class='ocrx_word' id='word_1_96' title='bbox 379 999 571 1038; x_wconf 86' lang='lat' dir='ltr'>impossibile</span> <span class='ocrx_word' id='word_1_97' title='bbox 594 1001 787 1037; x_wconf 71' lang='lat' dir='ltr'>ostenditur,</span> <span class='ocrx_word' id='word_1_98' title='bbox 807 1002 882 1040; x_wconf 85' lang='lat' dir='ltr'>quia</span> <span class='ocrx_word' id='word_1_99' title='bbox 905 1002 929 1031; x_wconf 69' lang='lat' dir='ltr'>si</span> 
     </span>
     <span class='ocr_line' id='line_1_19' title="bbox 159 1051 929 1093; baseline 0.005 -13"><span class='ocrx_word' id='word_1_100' title='bbox 159 1059 224 1080; x_wconf 88' lang='lat' dir='ltr'>non</span> <span class='ocrx_word' id='word_1_101' title='bbox 239 1051 364 1089; x_wconf 86' lang='lat' dir='ltr'>prodest</span> <span class='ocrx_word' id='word_1_102' title='bbox 378 1052 492 1090; x_wconf 78' lang='lat' dir='ltr'>magis,</span> <span class='ocrx_word' id='word_1_103' title='bbox 505 1061 582 1090; x_wconf 78' lang='lat' dir='ltr'>ergo</span> <span class='ocrx_word' id='word_1_104' title='bbox 598 1062 661 1083; x_wconf 89' lang='lat' dir='ltr'>non</span> <span class='ocrx_word' id='word_1_105' title='bbox 676 1056 797 1093; x_wconf 79' lang='lat' dir='ltr'>oportet</span> <span class='ocrx_word' id='word_1_106' title='bbox 811 1055 929 1093; x_wconf 82' lang='lat' dir='ltr'>specia-</span> 
     </span>
     <span class='ocr_line' id='line_1_20' title="bbox 159 1103 929 1144; baseline 0.004 -11"><span class='ocrx_word' id='word_1_107' title='bbox 159 1103 230 1133; x_wconf 81' lang='lat' dir='ltr'>liter</span> <span class='ocrx_word' id='word_1_108' title='bbox 246 1112 359 1142; x_wconf 81' lang='lat' dir='ltr'>rogare</span> <span class='ocrx_word' id='word_1_109' title='bbox 373 1113 430 1143; x_wconf 90' lang='lat' dir='ltr'>pro</span> <span class='ocrx_word' id='word_1_110' title='bbox 439 1104 543 1143; x_wconf 84' lang='lat' dir='ltr'>aliquo</span> <span class='ocrx_word' id='word_1_111' title='bbox 560 1116 566 1135; x_wconf 76' lang='grc' dir='ltr'>ε</span> <span class='ocrx_word' id='word_1_112' title='bbox 582 1114 661 1144; x_wconf 77' lang='lat' dir='ltr'>ergo</span> <span class='ocrx_word' id='word_1_113' title='bbox 673 1108 820 1136; x_wconf 86' lang='lat' dir='ltr'>movetur</span> <span class='ocrx_word' id='word_1_114' title='bbox 835 1106 929 1136; x_wconf 86' lang='lat' dir='ltr'>stulte</span> 
     </span>
     <span class='ocr_line' id='line_1_21' title="bbox 161 1156 754 1197; baseline 0.003 -11"><span class='ocrx_word' id='word_1_115' title='bbox 161 1157 225 1186; x_wconf 84' lang='lat' dir='ltr'>tota</span> <span class='ocrx_word' id='word_1_116' title='bbox 240 1156 385 1194; x_wconf 80' lang='lat' dir='ltr'>Ecclesia,</span> <span class='ocrx_word' id='word_1_117' title='bbox 403 1166 474 1197; x_wconf 84' lang='lat' dir='ltr'>quae</span> <span class='ocrx_word' id='word_1_118' title='bbox 490 1158 665 1197; x_wconf 77' lang='lat' dir='ltr'>specialiter</span> <span class='ocrx_word' id='word_1_119' title='bbox 675 1162 754 1189; x_wconf 84' lang='lat' dir='ltr'>orat.</span> 
     </span>
    </p>
   </div>
   <div class='ocr_carea' id='block_1_4' title="bbox 431 1271 654 1304">
    <p class='ocr_par' dir='ltr' id='par_1_7' title="bbox 431 1271 654 1304">
     <span class='ocr_line' id='line_1_22' title="bbox 431 1271 654 1304; baseline 0.009 -2"><span class='ocrx_word' id='word_1_120' title='bbox 431 1271 654 1304; x_wconf 85' lang='lat' dir='ltr'><strong>CONCLUSIO.</strong></span> 
     </span>
    </p>
   </div>
   <div class='ocr_carea' id='block_1_5' title="bbox 159 1355 929 1479">
    <p class='ocr_par' dir='ltr' id='par_1_8' title="bbox 159 1355 929 1479">
     <span class='ocr_line' id='line_1_23' title="bbox 159 1355 929 1393; baseline 0.005 -12"><span class='ocrx_word' id='word_1_121' title='bbox 159 1355 300 1389; x_wconf 69' lang='lat' dir='ltr'>Suffraqz&#39;a</span> <span class='ocrx_word' id='word_1_122' title='bbox 315 1358 486 1387; x_wconf 73' lang='lat' dir='ltr'>mortuorum,</span> <span class='ocrx_word' id='word_1_123' title='bbox 500 1357 525 1383; x_wconf 81' lang='lat' dir='ltr'>si</span> <span class='ocrx_word' id='word_1_124' title='bbox 538 1358 604 1390; x_wconf 78' lang='lat' dir='ltr'>fiant</span> <span class='ocrx_word' id='word_1_125' title='bbox 617 1359 646 1383; x_wconf 75' lang='lat' dir='ltr'>in</span> <span class='ocrx_word' id='word_1_126' title='bbox 662 1360 800 1389; x_wconf 74' lang='lat' dir='ltr'>communi,</span> <span class='ocrx_word' id='word_1_127' title='bbox 816 1362 929 1393; x_wconf 78' lang='lat' dir='ltr'>prosunt</span> 
     </span>
     <span class='ocr_line' id='line_1_24' title="bbox 195 1401 926 1438; baseline 0.005 -12"><span class='ocrx_word' id='word_1_128' title='bbox 195 1401 280 1433; x_wconf 64' lang='lat' dir='ltr'>mttqz&#39;s</span> <span class='ocrx_word' id='word_1_129' title='bbox 295 1402 328 1430; x_wconf 68' lang='grc' dir='ltr'>εἰ,</span> <span class='ocrx_word' id='word_1_130' title='bbox 346 1402 392 1434; x_wconf 71' lang='lat' dir='ltr'>qui</span> <span class='ocrx_word' id='word_1_131' title='bbox 407 1402 491 1434; x_wconf 58' lang='lat' dir='ltr'>manis</span> <span class='ocrx_word' id='word_1_132' title='bbox 506 1403 600 1428; x_wconf 75' lang='lat' dir='ltr'>meruit</span> <span class='ocrx_word' id='word_1_133' title='bbox 615 1410 625 1428; x_wconf 90' lang='grc'>,·</span> <span class='ocrx_word' id='word_1_134' title='bbox 638 1403 707 1436; x_wconf 71' lang='lat' dir='ltr'>quod</span> <span class='ocrx_word' id='word_1_135' title='bbox 721 1404 746 1430; x_wconf 79' lang='lat' dir='ltr'>sz&#39;</span> <span class='ocrx_word' id='word_1_136' title='bbox 760 1405 789 1429; x_wconf 80' lang='lat' dir='ltr'>in</span> <span class='ocrx_word' id='word_1_137' title='bbox 804 1405 926 1438; x_wconf 67' lang='lat' dir='ltr'>speciali,</span> 
     </span>
     <span class='ocr_line' id='line_1_25' title="bbox 196 1446 662 1479; baseline 0.009 -10"><span class='ocrx_word' id='word_1_138' title='bbox 196 1446 284 1478; x_wconf 64' lang='lat' dir='ltr'>magis</span> <span class='ocrx_word' id='word_1_139' title='bbox 296 1447 405 1478; x_wconf 72' lang='lat' dir='ltr'>prosunt</span> <span class='ocrx_word' id='word_1_140' title='bbox 421 1446 445 1472; x_wconf 81' lang='lat' dir='ltr'>ei</span> <span class='ocrx_word' id='word_1_141' title='bbox 457 1453 507 1479; x_wconf 82' lang='lat' dir='ltr'>pro</span> <span class='ocrx_word' id='word_1_142' title='bbox 521 1454 570 1479; x_wconf 75' lang='lat' dir='ltr'>quo</span> <span class='ocrx_word' id='word_1_143' title='bbox 585 1448 662 1479; x_wconf 77' lang='lat' dir='ltr'>fiunt.</span> 
     </span>
    </p>
   </div>
   <div class='ocr_carea' id='block_1_6' title="bbox 159 1528 929 1675">
    <p class='ocr_par' dir='ltr' id='par_1_9' title="bbox 159 1528 929 1675">
     <span class='ocr_line' id='line_1_26' title="bbox 202 1528 927 1570; baseline 0.006 -13"><span class='ocrx_word' id='word_1_144' title='bbox 202 1528 292 1568; x_wconf 80' lang='lat' dir='ltr'>Resp.</span> <span class='ocrx_word' id='word_1_145' title='bbox 310 1528 349 1558; x_wconf 80' lang='lat' dir='ltr'>ad</span> <span class='ocrx_word' id='word_1_146' title='bbox 364 1537 432 1567; x_wconf 81' lang='lat' dir='ltr'>arg.</span> <span class='ocrx_word' id='word_1_147' title='bbox 454 1529 625 1559; x_wconf 82' lang='lat' dir='ltr'>Dicendum</span> <span class='ocrx_word' id='word_1_148' title='bbox 646 1531 729 1570; x_wconf 87' lang='lat' dir='ltr'>quod</span> <span class='ocrx_word' id='word_1_149' title='bbox 748 1531 927 1570; x_wconf 81' lang='lat' dir='ltr'>aliquorum</span> 
     </span>
     <span class='ocr_line' id='line_1_27' title="bbox 160 1581 928 1622; baseline 0.004 -12"><span class='ocrx_word' id='word_1_150' title='bbox 160 1581 265 1620; x_wconf 91' lang='lat' dir='ltr'>opinio</span> <span class='ocrx_word' id='word_1_151' title='bbox 279 1581 350 1618; x_wconf 84' lang='lat' dir='ltr'>fuit,</span> <span class='ocrx_word' id='word_1_152' title='bbox 373 1583 407 1611; x_wconf 87' lang='lat' dir='ltr'>ut</span> <span class='ocrx_word' id='word_1_153' title='bbox 428 1581 646 1621; x_wconf 68' lang='lat' dir='ltr'>Prcepositivi,</span> <span class='ocrx_word' id='word_1_154' title='bbox 667 1583 752 1621; x_wconf 87' lang='lat' dir='ltr'>quod</span> <span class='ocrx_word' id='word_1_155' title='bbox 773 1583 928 1622; x_wconf 77' lang='lat' dir='ltr'>suffragia</span> 
     </span>
     <span class='ocr_line' id='line_1_28' title="bbox 159 1633 929 1675; baseline 0.005 -12"><span class='ocrx_word' id='word_1_156' title='bbox 159 1633 314 1671; x_wconf 82' lang='lat' dir='ltr'>Ecclesiae,</span> <span class='ocrx_word' id='word_1_157' title='bbox 341 1634 407 1664; x_wconf 87' lang='lat' dir='ltr'>sive</span> <span class='ocrx_word' id='word_1_158' title='bbox 433 1635 618 1674; x_wconf 78' lang='lat' dir='ltr'>specialiter,</span> <span class='ocrx_word' id='word_1_159' title='bbox 644 1635 710 1666; x_wconf 88' lang='lat' dir='ltr'>sive</span> <span class='ocrx_word' id='word_1_160' title='bbox 736 1637 929 1675; x_wconf 76' lang='lat' dir='ltr'>generaliter</span> 
     </span>
    </p>
   </div>
   <div class='ocr_carea' id='block_1_7' title="bbox 42 1687 928 1727">
    <p class='ocr_par' dir='ltr' id='par_1_10' title="bbox 42 1687 928 1727">
     <span class='ocr_line' id='line_1_29' title="bbox 42 1687 928 1727; baseline 0.005 -11"><span class='ocrx_word' id='word_1_161' title='bbox 42 1690 142 1717; x_wconf 73' lang='lat' dir='ltr'>Exempl·</span> <span class='ocrx_word' id='word_1_162' title='bbox 159 1687 248 1722; x_wconf 82' lang='lat' dir='ltr'>sacta,</span> <span class='ocrx_word' id='word_1_163' title='bbox 266 1687 372 1725; x_wconf 83' lang='lat' dir='ltr'>magis</span> <span class='ocrx_word' id='word_1_164' title='bbox 384 1688 506 1726; x_wconf 88' lang='lat' dir='ltr'>prosint</span> <span class='ocrx_word' id='word_1_165' title='bbox 519 1688 547 1717; x_wconf 89' lang='lat' dir='ltr'>ei</span> <span class='ocrx_word' id='word_1_166' title='bbox 562 1688 730 1727; x_wconf 79' lang='lat' dir='ltr'>quimagis</span> <span class='ocrx_word' id='word_1_167' title='bbox 747 1690 873 1720; x_wconf 85' lang='lat' dir='ltr'>meruit.</span> <span class='ocrx_word' id='word_1_168' title='bbox 891 1690 928 1720; x_wconf 89' lang='lat' dir='ltr'>Et</span> 
     </span>
    </p>
   </div>
   <div class='ocr_carea' id='block_1_8' title="bbox 155 1740 927 2681">
    <p class='ocr_par' dir='ltr' id='par_1_11' title="bbox 155 1740 927 2681">
     <span class='ocr_line' id='line_1_30' title="bbox 158 1740 927 1779; baseline 0.005 -10"><span class='ocrx_word' id='word_1_169' title='bbox 158 1742 280 1779; x_wconf 88' lang='lat' dir='ltr'>ponunt</span> <span class='ocrx_word' id='word_1_170' title='bbox 290 1740 569 1779; x_wconf 75' lang='lat' dir='ltr'>exemplum,sicut</span> <span class='ocrx_word' id='word_1_171' title='bbox 590 1741 616 1770; x_wconf 89' lang='lat' dir='ltr'>si</span> <span class='ocrx_word' id='word_1_172' title='bbox 637 1741 765 1772; x_wconf 84' lang='lat' dir='ltr'>candela</span> <span class='ocrx_word' id='word_1_173' title='bbox 781 1743 927 1773; x_wconf 77' lang='lat' dir='ltr'>accendi-</span> 
     </span>
     <span class='ocr_line' id='line_1_31' title="bbox 158 1793 927 1834; baseline 0.003 -11"><span class='ocrx_word' id='word_1_174' title='bbox 158 1796 210 1824; x_wconf 85' lang='lat' dir='ltr'>tur</span> <span class='ocrx_word' id='word_1_175' title='bbox 228 1802 336 1823; x_wconf 85' lang='lat' dir='ltr'>coram</span> <span class='ocrx_word' id='word_1_176' title='bbox 355 1793 463 1830; x_wconf 84' lang='lat' dir='ltr'>divite,</span> <span class='ocrx_word' id='word_1_177' title='bbox 488 1802 553 1824; x_wconf 90' lang='lat' dir='ltr'>non</span> <span class='ocrx_word' id='word_1_178' title='bbox 576 1795 702 1823; x_wconf 82' lang='lat' dir='ltr'>tantum</span> <span class='ocrx_word' id='word_1_179' title='bbox 729 1795 847 1834; x_wconf 79' lang='lat' dir='ltr'>praehet</span> <span class='ocrx_word' id='word_1_180' title='bbox 868 1796 927 1825; x_wconf 92' lang='lat' dir='ltr'>sibi</span> 
     </span>
     <span class='ocr_line' id='line_1_32' title="bbox 157 1846 924 1886; baseline 0.003 -10"><span class='ocrx_word' id='word_1_181' title='bbox 157 1846 276 1884; x_wconf 81' lang='lat' dir='ltr'>lumen,</span> <span class='ocrx_word' id='word_1_182' title='bbox 293 1846 347 1876; x_wconf 90' lang='lat' dir='ltr'>sed</span> <span class='ocrx_word' id='word_1_183' title='bbox 362 1846 457 1876; x_wconf 84' lang='lat' dir='ltr'>etiam</span> <span class='ocrx_word' id='word_1_184' title='bbox 472 1846 557 1883; x_wconf 77' lang='lat' dir='ltr'>aliis3</span> <span class='ocrx_word' id='word_1_185' title='bbox 576 1849 606 1876; x_wconf 91' lang='lat' dir='ltr'>et</span> <span class='ocrx_word' id='word_1_186' title='bbox 621 1847 664 1876; x_wconf 88' lang='lat' dir='ltr'>eis</span> <span class='ocrx_word' id='word_1_187' title='bbox 679 1847 734 1886; x_wconf 88' lang='lat' dir='ltr'>qui</span> <span class='ocrx_word' id='word_1_188' title='bbox 750 1848 862 1878; x_wconf 88' lang='lat' dir='ltr'>melius</span> <span class='ocrx_word' id='word_1_189' title='bbox 878 1849 924 1879; x_wconf 89' lang='lat' dir='ltr'>vi-</span> 
     </span>
     <span class='ocr_line' id='line_1_33' title="bbox 156 1898 926 1939; baseline 0.004 -11"><span class='ocrx_word' id='word_1_190' title='bbox 156 1898 240 1936; x_wconf 83' lang='lat' dir='ltr'>dent,</span> <span class='ocrx_word' id='word_1_191' title='bbox 253 1900 356 1938; x_wconf 80' lang='lat' dir='ltr'>majus</span> <span class='ocrx_word' id='word_1_192' title='bbox 366 1899 476 1929; x_wconf 87' lang='lat' dir='ltr'>lumen</span> <span class='ocrx_word' id='word_1_193' title='bbox 488 1899 616 1938; x_wconf 67' lang='lat' dir='ltr'>praebet.</span> <span class='ocrx_word' id='word_1_194' title='bbox 630 1899 820 1939; x_wconf 84' lang='lat' dir='ltr'>Exemplum</span> <span class='ocrx_word' id='word_1_195' title='bbox 831 1901 926 1931; x_wconf 84' lang='lat' dir='ltr'>etiam</span> 
     </span>
     <span class='ocr_line' id='line_1_34' title="bbox 157 1951 927 1993; baseline 0.005 -13"><span class='ocrx_word' id='word_1_196' title='bbox 157 1953 239 1990; x_wconf 86' lang='lat' dir='ltr'>patet</span> <span class='ocrx_word' id='word_1_197' title='bbox 249 1951 282 1981; x_wconf 88' lang='lat' dir='ltr'>in</span> <span class='ocrx_word' id='word_1_198' title='bbox 292 1951 435 1988; x_wconf 87' lang='lat' dir='ltr'>lectione,</span> <span class='ocrx_word' id='word_1_199' title='bbox 447 1960 519 1990; x_wconf 78' lang='lat' dir='ltr'>quae</span> <span class='ocrx_word' id='word_1_200' title='bbox 531 1953 653 1982; x_wconf 85' lang='lat' dir='ltr'>tantum</span> <span class='ocrx_word' id='word_1_201' title='bbox 666 1952 758 1989; x_wconf 82' lang='lat' dir='ltr'>valet,</span> <span class='ocrx_word' id='word_1_202' title='bbox 769 1953 793 1982; x_wconf 80' lang='lat' dir='ltr'>si</span> <span class='ocrx_word' id='word_1_203' title='bbox 803 1953 927 1993; x_wconf 79' lang='lat' dir='ltr'>legatur</span> 
     </span>
     <span class='ocr_line' id='line_1_35' title="bbox 156 2004 926 2044; baseline 0.003 -9"><span class='ocrx_word' id='word_1_204' title='bbox 156 2004 307 2035; x_wconf 88' lang='lat' dir='ltr'>omnibus</span> <span class='ocrx_word' id='word_1_205' title='bbox 319 2004 350 2033; x_wconf 89' lang='lat' dir='ltr'>in</span> <span class='ocrx_word' id='word_1_206' title='bbox 358 2004 530 2042; x_wconf 86' lang='lat' dir='ltr'>communi,</span> <span class='ocrx_word' id='word_1_207' title='bbox 539 2006 694 2044; x_wconf 84' lang='lat' dir='ltr'>quantum</span> <span class='ocrx_word' id='word_1_208' title='bbox 704 2005 730 2035; x_wconf 89' lang='lat' dir='ltr'>si</span> <span class='ocrx_word' id='word_1_209' title='bbox 739 2006 864 2036; x_wconf 75' lang='lat' dir='ltr'>cuilibet</span> <span class='ocrx_word' id='word_1_210' title='bbox 873 2007 926 2037; x_wconf 81' lang='lat' dir='ltr'>alii</span> 
     </span>
     <span class='ocr_line' id='line_1_36' title="bbox 156 2057 926 2098; baseline 0.003 -10"><span class='ocrx_word' id='word_1_211' title='bbox 156 2057 281 2098; x_wconf 86' lang='lat' dir='ltr'>speciali</span> <span class='ocrx_word' id='word_1_212' title='bbox 302 2068 308 2087; x_wconf 88' lang='lat'>:</span> <span class='ocrx_word' id='word_1_213' title='bbox 331 2059 360 2087; x_wconf 87' lang='lat' dir='ltr'>et</span> <span class='ocrx_word' id='word_1_214' title='bbox 381 2057 452 2097; x_wconf 90' lang='lat' dir='ltr'>plus</span> <span class='ocrx_word' id='word_1_215' title='bbox 471 2057 553 2087; x_wconf 83' lang='lat' dir='ltr'>valet</span> <span class='ocrx_word' id='word_1_216' title='bbox 573 2058 729 2088; x_wconf 83' lang='lat' dir='ltr'>assistenti</span> <span class='ocrx_word' id='word_1_217' title='bbox 744 2059 797 2098; x_wconf 84' lang='lat' dir='ltr'>qui</span> <span class='ocrx_word' id='word_1_218' title='bbox 814 2060 926 2090; x_wconf 85' lang='lat' dir='ltr'>melius</span> 
     </span>
     <span class='ocr_line' id='line_1_37' title="bbox 156 2110 925 2151; baseline 0.001 -10"><span class='ocrx_word' id='word_1_219' title='bbox 156 2110 324 2149; x_wconf 83' lang='lat' dir='ltr'>intelligit,</span> <span class='ocrx_word' id='word_1_220' title='bbox 343 2110 465 2140; x_wconf 84' lang='lat' dir='ltr'>etiamsi</span> <span class='ocrx_word' id='word_1_221' title='bbox 480 2119 537 2149; x_wconf 85' lang='lat' dir='ltr'>pro</span> <span class='ocrx_word' id='word_1_222' title='bbox 552 2110 613 2140; x_wconf 78' lang='lat' dir='ltr'>alio</span> <span class='ocrx_word' id='word_1_223' title='bbox 631 2110 767 2149; x_wconf 79' lang='lat' dir='ltr'>legatur,</span> <span class='ocrx_word' id='word_1_224' title='bbox 783 2121 881 2151; x_wconf 81' lang='lat' dir='ltr'>quam</span> <span class='ocrx_word' id='word_1_225' title='bbox 898 2112 925 2142; x_wconf 89' lang='lat' dir='ltr'>ei</span> 
     </span>
     <span class='ocr_line' id='line_1_38' title="bbox 155 2162 926 2203; baseline 0.001 -9"><span class='ocrx_word' id='word_1_226' title='bbox 155 2163 209 2203; x_wconf 87' lang='lat' dir='ltr'>qui</span> <span class='ocrx_word' id='word_1_227' title='bbox 232 2163 340 2193; x_wconf 88' lang='lat' dir='ltr'>minus</span> <span class='ocrx_word' id='word_1_228' title='bbox 360 2162 527 2201; x_wconf 82' lang='lat' dir='ltr'>intelligit,</span> <span class='ocrx_word' id='word_1_229' title='bbox 549 2163 605 2193; x_wconf 87' lang='lat' dir='ltr'>etsi</span> <span class='ocrx_word' id='word_1_230' title='bbox 630 2173 687 2203; x_wconf 89' lang='lat' dir='ltr'>pro</span> <span class='ocrx_word' id='word_1_231' title='bbox 709 2164 775 2203; x_wconf 87' lang='lat' dir='ltr'>ipso</span> <span class='ocrx_word' id='word_1_232' title='bbox 798 2164 926 2203; x_wconf 83' lang='lat' dir='ltr'>legatur</span> 
     </span>
     <span class='ocr_line' id='line_1_39' title="bbox 156 2215 924 2256; baseline 0.003 -10"><span class='ocrx_word' id='word_1_233' title='bbox 156 2215 340 2255; x_wconf 82' lang='lat' dir='ltr'>specialiter.</span> <span class='ocrx_word' id='word_1_234' title='bbox 357 2215 389 2245; x_wconf 91' lang='lat' dir='ltr'>Si</span> <span class='ocrx_word' id='word_1_235' title='bbox 407 2224 484 2254; x_wconf 83' lang='lat' dir='ltr'>ergo</span> <span class='ocrx_word' id='word_1_236' title='bbox 501 2216 543 2245; x_wconf 84' lang='lat' dir='ltr'>ita</span> <span class='ocrx_word' id='word_1_237' title='bbox 558 2218 604 2246; x_wconf 88' lang='lat' dir='ltr'>est</span> <span class='ocrx_word' id='word_1_238' title='bbox 620 2216 652 2245; x_wconf 87' lang='lat' dir='ltr'>in</span> <span class='ocrx_word' id='word_1_239' title='bbox 668 2216 789 2247; x_wconf 87' lang='lat' dir='ltr'>lumine</span> <span class='ocrx_word' id='word_1_240' title='bbox 809 2220 924 2256; x_wconf 79' lang='lat' dir='ltr'>creato,</span> 
     </span>
     <span class='ocr_line' id='line_1_40' title="bbox 155 2268 927 2308; baseline 0.004 -11"><span class='ocrx_word' id='word_1_241' title='bbox 155 2270 275 2308; x_wconf 84' lang='lat' dir='ltr'>quanto</span> <span class='ocrx_word' id='word_1_242' title='bbox 286 2268 390 2306; x_wconf 80' lang='lat' dir='ltr'>magis</span> <span class='ocrx_word' id='word_1_243' title='bbox 401 2268 433 2297; x_wconf 91' lang='lat' dir='ltr'>in</span> <span class='ocrx_word' id='word_1_244' title='bbox 444 2270 660 2299; x_wconf 83' lang='lat' dir='ltr'>sacramento?</span> <span class='ocrx_word' id='word_1_245' title='bbox 670 2269 700 2299; x_wconf 91' lang='lat' dir='ltr'>Si</span> <span class='ocrx_word' id='word_1_246' title='bbox 713 2271 756 2299; x_wconf 85' lang='lat' dir='ltr'>ita</span> <span class='ocrx_word' id='word_1_247' title='bbox 768 2272 814 2300; x_wconf 82' lang='lat' dir='ltr'>est</span> <span class='ocrx_word' id='word_1_248' title='bbox 826 2271 858 2300; x_wconf 89' lang='grc'>111</span> <span class='ocrx_word' id='word_1_249' title='bbox 870 2271 927 2301; x_wconf 88' lang='lat' dir='ltr'>lec-</span> 
     </span>
     <span class='ocr_line' id='line_1_41' title="bbox 155 2321 924 2362; baseline 0.003 -10"><span class='ocrx_word' id='word_1_250' title='bbox 155 2323 249 2359; x_wconf 86' lang='lat' dir='ltr'>tione,</span> <span class='ocrx_word' id='word_1_251' title='bbox 262 2321 420 2360; x_wconf 86' lang='lat' dir='ltr'>quomodo</span> <span class='ocrx_word' id='word_1_252' title='bbox 429 2330 494 2351; x_wconf 89' lang='lat' dir='ltr'>non</span> <span class='ocrx_word' id='word_1_253' title='bbox 508 2321 539 2351; x_wconf 89' lang='lat' dir='ltr'>in</span> <span class='ocrx_word' id='word_1_254' title='bbox 550 2322 689 2352; x_wconf 83' lang='lat' dir='ltr'>oratione</span> <span class='ocrx_word' id='word_1_255' title='bbox 698 2323 712 2352; x_wconf 80' lang='lat'>¹?</span> <span class='ocrx_word' id='word_1_256' title='bbox 722 2323 850 2362; x_wconf 85' lang='lat' dir='ltr'>Absque</span> <span class='ocrx_word' id='word_1_257' title='bbox 863 2324 924 2354; x_wconf 88' lang='lat' dir='ltr'>du-</span> 
     </span>
     <span class='ocr_line' id='line_1_42' title="bbox 155 2373 926 2413; baseline 0.004 -9"><span class='ocrx_word' id='word_1_258' title='bbox 155 2375 207 2405; x_wconf 88' lang='lat' dir='ltr'>bio</span> <span class='ocrx_word' id='word_1_259' title='bbox 220 2375 264 2404; x_wconf 84' lang='lat' dir='ltr'>ita</span> <span class='ocrx_word' id='word_1_260' title='bbox 273 2374 406 2404; x_wconf 85' lang='lat' dir='ltr'>videtur.</span> <span class='ocrx_word' id='word_1_261' title='bbox 419 2373 456 2404; x_wconf 87' lang='lat' dir='ltr'>Et</span> <span class='ocrx_word' id='word_1_262' title='bbox 465 2374 489 2404; x_wconf 89' lang='lat' dir='ltr'>si</span> <span class='ocrx_word' id='word_1_263' title='bbox 499 2375 666 2413; x_wconf 82' lang='lat' dir='ltr'>objiciatur</span> <span class='ocrx_word' id='word_1_264' title='bbox 675 2377 848 2406; x_wconf 83' lang='lat' dir='ltr'>communis</span> <span class='ocrx_word' id='word_1_265' title='bbox 858 2386 926 2407; x_wconf 87' lang='lat' dir='ltr'>mos</span> 
     </span>
     <span class='ocr_line' id='line_1_43' title="bbox 156 2427 925 2469; baseline 0.003 -11"><span class='ocrx_word' id='word_1_266' title='bbox 156 2427 314 2464; x_wconf 80' lang='lat' dir='ltr'>Ecclesiae3</span> <span class='ocrx_word' id='word_1_267' title='bbox 333 2427 520 2466; x_wconf 88' lang='lat' dir='ltr'>respondent</span> <span class='ocrx_word' id='word_1_268' title='bbox 531 2429 613 2467; x_wconf 87' lang='lat' dir='ltr'>quod</span> <span class='ocrx_word' id='word_1_269' title='bbox 630 2428 689 2459; x_wconf 92' lang='lat' dir='ltr'>hoc</span> <span class='ocrx_word' id='word_1_270' title='bbox 707 2430 790 2468; x_wconf 88' lang='lat' dir='ltr'>quod</span> <span class='ocrx_word' id='word_1_271' title='bbox 803 2430 925 2469; x_wconf 81' lang='lat' dir='ltr'>specia-</span> 
     </span>
     <span class='ocr_line' id='line_1_44' title="bbox 156 2479 925 2521; baseline 0.004 -12"><span class='ocrx_word' id='word_1_272' title='bbox 156 2479 225 2509; x_wconf 90' lang='lat' dir='ltr'>liter</span> <span class='ocrx_word' id='word_1_273' title='bbox 237 2479 372 2509; x_wconf 87' lang='lat' dir='ltr'>Ecclesia</span> <span class='ocrx_word' id='word_1_274' title='bbox 382 2480 486 2518; x_wconf 81' lang='lat' dir='ltr'>magis</span> <span class='ocrx_word' id='word_1_275' title='bbox 497 2480 568 2510; x_wconf 78' lang='lat' dir='ltr'>facit</span> <span class='ocrx_word' id='word_1_276' title='bbox 581 2490 638 2520; x_wconf 88' lang='lat' dir='ltr'>pro</span> <span class='ocrx_word' id='word_1_277' title='bbox 649 2481 765 2521; x_wconf 78' lang='lat' dir='ltr'>aliquo,</span> <span class='ocrx_word' id='word_1_278' title='bbox 776 2491 838 2512; x_wconf 91' lang='grc'><strong>11011</strong></span> <span class='ocrx_word' id='word_1_279' title='bbox 854 2483 925 2512; x_wconf 71' lang='lat' dir='ltr'>facit</span> 
     </span>
     <span class='ocr_line' id='line_1_45' title="bbox 156 2534 924 2575; baseline 0.007 -13"><span class='ocrx_word' id='word_1_280' title='bbox 156 2534 284 2572; x_wconf 86' lang='lat' dir='ltr'>propter</span> <span class='ocrx_word' id='word_1_281' title='bbox 296 2535 355 2563; x_wconf 86' lang='lat' dir='ltr'>hoc</span> <span class='ocrx_word' id='word_1_282' title='bbox 367 2534 450 2573; x_wconf 88' lang='lat' dir='ltr'>quod</span> <span class='ocrx_word' id='word_1_283' title='bbox 465 2534 569 2573; x_wconf 84' lang='lat' dir='ltr'>magis</span> <span class='ocrx_word' id='word_1_284' title='bbox 579 2534 623 2564; x_wconf 91' lang='lat' dir='ltr'>illi</span> <span class='ocrx_word' id='word_1_285' title='bbox 634 2535 768 2574; x_wconf 87' lang='lat' dir='ltr'>prosint,</span> <span class='ocrx_word' id='word_1_286' title='bbox 781 2536 833 2566; x_wconf 85' lang='lat' dir='ltr'>sed</span> <span class='ocrx_word' id='word_1_287' title='bbox 848 2537 924 2575; x_wconf 85' lang='lat' dir='ltr'>quia</span> 
     </span>
     <span class='ocr_line' id='line_1_46' title="bbox 156 2586 924 2629; baseline 0.004 -13"><span class='ocrx_word' id='word_1_288' title='bbox 156 2586 306 2616; x_wconf 86' lang='lat' dir='ltr'>libentius</span> <span class='ocrx_word' id='word_1_289' title='bbox 320 2586 391 2617; x_wconf 79' lang='lat' dir='ltr'>facit</span> <span class='ocrx_word' id='word_1_290' title='bbox 404 2587 501 2617; x_wconf 87' lang='lat' dir='ltr'>homo</span> <span class='ocrx_word' id='word_1_291' title='bbox 515 2596 571 2626; x_wconf 86' lang='lat' dir='ltr'>pro</span> <span class='ocrx_word' id='word_1_292' title='bbox 586 2596 623 2618; x_wconf 90' lang='lat' dir='ltr'>eo</span> <span class='ocrx_word' id='word_1_293' title='bbox 638 2597 733 2627; x_wconf 90' lang='lat' dir='ltr'>quem</span> <span class='ocrx_word' id='word_1_294' title='bbox 744 2589 847 2628; x_wconf 83' lang='lat' dir='ltr'>diligit</span> <span class='ocrx_word' id='word_1_295' title='bbox 858 2599 924 2629; x_wconf 87' lang='lat' dir='ltr'>spe-</span> 
     </span>
     <span class='ocr_line' id='line_1_47' title="bbox 157 2638 921 2681; baseline 0.008 -13"><span class='ocrx_word' id='word_1_296' title='bbox 157 2638 282 2676; x_wconf 85' lang='lat' dir='ltr'>cialius,</span> <span class='ocrx_word' id='word_1_297' title='bbox 307 2641 337 2669; x_wconf 89' lang='lat' dir='ltr'>et</span> <span class='ocrx_word' id='word_1_298' title='bbox 362 2639 466 2681; x_wconf 83' lang='lat' dir='ltr'>magis</span> <span class='ocrx_word' id='word_1_299' title='bbox 489 2640 648 2672; x_wconf 83' lang='lat' dir='ltr'>animatur</span> <span class='ocrx_word' id='word_1_300' title='bbox 671 2641 709 2672; x_wconf 80' lang='lat' dir='ltr'>ad</span> <span class='ocrx_word' id='word_1_301' title='bbox 732 2642 921 2674; x_wconf 77' lang='lat' dir='ltr'>faciendum.</span> 
     </span>
    </p>
   </div>
   <div class='ocr_carea' id='block_1_9' title="bbox 1708 196 1764 224">
    <p class='ocr_par' dir='ltr' id='par_1_12' title="bbox 1708 196 1764 224">
     <span class='ocr_line' id='line_1_48' title="bbox 1708 196 1764 224; baseline 0 0"><span class='ocrx_word' id='word_1_302' title='bbox 1708 196 1764 224; x_wconf 82' lang='lat'>517</span> 
     </span>
    </p>
   </div>
   <div class='ocr_carea' id='block_1_10' title="bbox 981 258 1764 2684">
    <p class='ocr_par' dir='ltr' id='par_1_13' title="bbox 982 258 1764 2044">
     <span class='ocr_line' id='line_1_49' title="bbox 997 258 1764 297; baseline -0.001 -8"><span class='ocrx_word' id='word_1_303' title='bbox 997 258 1082 289; x_wconf 86' lang='lat' dir='ltr'>Unde</span> <span class='ocrx_word' id='word_1_304' title='bbox 1100 259 1125 288; x_wconf 89' lang='lat' dir='ltr'>si</span> <span class='ocrx_word' id='word_1_305' title='bbox 1149 259 1232 289; x_wconf 88' lang='lat' dir='ltr'>istud</span> <span class='ocrx_word' id='word_1_306' title='bbox 1250 261 1330 289; x_wconf 80' lang='lat' dir='ltr'>esset</span> <span class='ocrx_word' id='word_1_307' title='bbox 1344 261 1455 289; x_wconf 86' lang='lat' dir='ltr'>notum</span> <span class='ocrx_word' id='word_1_308' title='bbox 1477 259 1682 297; x_wconf 85' lang='lat' dir='ltr'>simplicibus,</span> <span class='ocrx_word' id='word_1_309' title='bbox 1699 268 1764 289; x_wconf 89' lang='lat' dir='ltr'>non</span> 
     </span>
     <span class='ocr_line' id='line_1_50' title="bbox 997 311 1764 350; baseline 0 -9"><span class='ocrx_word' id='word_1_310' title='bbox 997 311 1038 341; x_wconf 83' lang='lat' dir='ltr'>ita</span> <span class='ocrx_word' id='word_1_311' title='bbox 1053 311 1188 341; x_wconf 82' lang='lat' dir='ltr'>libenter</span> <span class='ocrx_word' id='word_1_312' title='bbox 1198 312 1335 342; x_wconf 78' lang='lat' dir='ltr'>facerent</span> <span class='ocrx_word' id='word_1_313' title='bbox 1348 312 1513 350; x_wconf 78' lang='lat' dir='ltr'>suffragia.</span> <span class='ocrx_word' id='word_1_314' title='bbox 1531 311 1591 342; x_wconf 83' lang='lat' dir='ltr'>Sed</span> <span class='ocrx_word' id='word_1_315' title='bbox 1603 312 1684 342; x_wconf 88' lang='lat' dir='ltr'>istud</span> <span class='ocrx_word' id='word_1_316' title='bbox 1700 321 1764 342; x_wconf 89' lang='grc'><strong>11011</strong></span> 
     </span>
     <span class='ocr_line' id='line_1_51' title="bbox 995 364 1764 404; baseline 0.004 -11"><span class='ocrx_word' id='word_1_317' title='bbox 995 365 1097 401; x_wconf 79' lang='lat' dir='ltr'>credo,</span> <span class='ocrx_word' id='word_1_318' title='bbox 1116 364 1199 404; x_wconf 79' lang='lat' dir='ltr'>quia,</span> <span class='ocrx_word' id='word_1_319' title='bbox 1219 365 1298 394; x_wconf 75' lang='lat' dir='ltr'>sicut</span> <span class='ocrx_word' id='word_1_320' title='bbox 1314 365 1388 394; x_wconf 82' lang='lat' dir='ltr'>dicit</span> <span class='ocrx_word' id='word_1_321' title='bbox 1403 365 1613 403; x_wconf 77' lang='lat' dir='ltr'>Augustinus,</span> <span class='ocrx_word' id='word_1_322' title='bbox 1629 365 1671 396; x_wconf 84' lang='lat' dir='ltr'>De</span> <span class='ocrx_word' id='word_1_323' title='bbox 1686 373 1764 396; x_wconf 78' lang='lat' dir='ltr'>cura</span> 
     </span>
     <span class='ocr_line' id='line_1_52' title="bbox 992 417 1762 456; baseline 0 -9"><span class='ocrx_word' id='word_1_324' title='bbox 992 425 1050 455; x_wconf 76' lang='lat' dir='ltr'>pro</span> <span class='ocrx_word' id='word_1_325' title='bbox 1065 417 1199 449; x_wconf 76' lang='lat' dir='ltr'>mortuis</span> <span class='ocrx_word' id='word_1_326' title='bbox 1215 417 1353 456; x_wconf 64' lang='lat' dir='ltr'>agenda,</span> <span class='ocrx_word' id='word_1_327' title='bbox 1372 417 1535 456; x_wconf 81' lang='lat' dir='ltr'>sepultura</span> <span class='ocrx_word' id='word_1_328' title='bbox 1548 418 1632 447; x_wconf 78' lang='lat' dir='ltr'>valet</span> <span class='ocrx_word' id='word_1_329' title='bbox 1646 418 1677 447; x_wconf 85' lang='lat' dir='ltr'>in</span> <span class='ocrx_word' id='word_1_330' title='bbox 1693 418 1762 448; x_wconf 85' lang='lat' dir='ltr'>loco</span> 
     </span>
     <span class='ocr_line' id='line_1_53' title="bbox 994 470 1760 510; baseline 0.004 -12"><span class='ocrx_word' id='word_1_331' title='bbox 994 472 1100 500; x_wconf 69' lang='lat' dir='ltr'>sancto</span> <span class='ocrx_word' id='word_1_332' title='bbox 1126 472 1250 509; x_wconf 89' lang='lat' dir='ltr'>propter</span> <span class='ocrx_word' id='word_1_333' title='bbox 1281 470 1437 499; x_wconf 79' lang='lat' dir='ltr'>orationes</span> <span class='ocrx_word' id='word_1_334' title='bbox 1463 470 1652 500; x_wconf 86' lang='lat' dir='ltr'>Sanctorum</span> <span class='ocrx_word' id='word_1_335' title='bbox 1663 494 1672 507; x_wconf 86' lang='lat'>,</span> <span class='ocrx_word' id='word_1_336' title='bbox 1704 470 1760 510; x_wconf 86' lang='lat' dir='ltr'>qui</span> 
     </span>
     <span class='ocr_line' id='line_1_54' title="bbox 993 522 1761 561; baseline 0.003 -10"><span class='ocrx_word' id='word_1_337' title='bbox 993 524 1083 552; x_wconf 85' lang='lat' dir='ltr'>orant</span> <span class='ocrx_word' id='word_1_338' title='bbox 1098 532 1153 561; x_wconf 86' lang='lat' dir='ltr'>pro</span> <span class='ocrx_word' id='word_1_339' title='bbox 1171 531 1218 559; x_wconf 89' lang='lat' dir='ltr'>eo,</span> <span class='ocrx_word' id='word_1_340' title='bbox 1236 522 1274 552; x_wconf 82' lang='lat' dir='ltr'>ad</span> <span class='ocrx_word' id='word_1_341' title='bbox 1290 523 1380 560; x_wconf 82' lang='lat' dir='ltr'>cujus</span> <span class='ocrx_word' id='word_1_342' title='bbox 1402 523 1562 552; x_wconf 86' lang='lat' dir='ltr'>tumulum</span> <span class='ocrx_word' id='word_1_343' title='bbox 1579 532 1761 553; x_wconf 86' lang='lat' dir='ltr'>memoran-</span> 
     </span>
     <span class='ocr_line' id='line_1_55' title="bbox 994 575 1761 614; baseline 0.001 -9"><span class='ocrx_word' id='word_1_344' title='bbox 994 577 1056 605; x_wconf 92' lang='lat' dir='ltr'>tur.</span> <span class='ocrx_word' id='word_1_345' title='bbox 1074 575 1228 614; x_wconf 87' lang='lat' dir='ltr'>Amplius,</span> <span class='ocrx_word' id='word_1_346' title='bbox 1254 575 1408 613; x_wconf 70' lang='lat' dir='ltr'>suffragia</span> <span class='ocrx_word' id='word_1_347' title='bbox 1427 577 1502 605; x_wconf 85' lang='lat' dir='ltr'>sunt</span> <span class='ocrx_word' id='word_1_348' title='bbox 1523 576 1562 606; x_wconf 84' lang='lat' dir='ltr'>ad</span> <span class='ocrx_word' id='word_1_349' title='bbox 1578 576 1761 606; x_wconf 80' lang='lat' dir='ltr'>solvendam</span> 
     </span>
     <span class='ocr_line' id='line_1_56' title="bbox 992 629 1761 667; baseline 0.001 -9"><span class='ocrx_word' id='word_1_350' title='bbox 992 637 1130 667; x_wconf 83' lang='lat' dir='ltr'>poenam,</span> <span class='ocrx_word' id='word_1_351' title='bbox 1148 629 1213 658; x_wconf 87' lang='lat' dir='ltr'>sive</span> <span class='ocrx_word' id='word_1_352' title='bbox 1225 631 1350 658; x_wconf 85' lang='lat' dir='ltr'>reatum</span> <span class='ocrx_word' id='word_1_353' title='bbox 1358 638 1366 665; x_wconf 79' lang='lat'><em>3</em></span> <span class='ocrx_word' id='word_1_354' title='bbox 1381 629 1434 658; x_wconf 89' lang='lat' dir='ltr'>sed</span> <span class='ocrx_word' id='word_1_355' title='bbox 1448 629 1517 667; x_wconf 87' lang='lat' dir='ltr'>plus</span> <span class='ocrx_word' id='word_1_356' title='bbox 1528 632 1573 659; x_wconf 87' lang='lat' dir='ltr'>est</span> <span class='ocrx_word' id='word_1_357' title='bbox 1584 629 1761 660; x_wconf 78' lang='lat' dir='ltr'>satisfacere</span> 
     </span>
     <span class='ocr_line' id='line_1_57' title="bbox 992 681 1760 721; baseline 0.001 -10"><span class='ocrx_word' id='word_1_358' title='bbox 992 691 1047 720; x_wconf 88' lang='lat' dir='ltr'>pro</span> <span class='ocrx_word' id='word_1_359' title='bbox 1063 682 1168 712; x_wconf 82' lang='lat' dir='ltr'>debito</span> <span class='ocrx_word' id='word_1_360' title='bbox 1185 681 1358 711; x_wconf 86' lang='lat' dir='ltr'>multorum</span> <span class='ocrx_word' id='word_1_361' title='bbox 1370 705 1378 719; x_wconf 92' lang='lat'>,</span> <span class='ocrx_word' id='word_1_362' title='bbox 1396 691 1491 721; x_wconf 80' lang='lat' dir='ltr'>quam</span> <span class='ocrx_word' id='word_1_363' title='bbox 1508 683 1619 719; x_wconf 73' lang='lat' dir='ltr'>unius,</span> <span class='ocrx_word' id='word_1_364' title='bbox 1637 686 1667 712; x_wconf 90' lang='lat' dir='ltr'>et</span> <span class='ocrx_word' id='word_1_365' title='bbox 1687 683 1760 713; x_wconf 79' lang='lat' dir='ltr'>saci-</span> 
     </span>
     <span class='ocr_line' id='line_1_58' title="bbox 990 733 1758 773; baseline 0.003 -10"><span class='ocrx_word' id='word_1_366' title='bbox 990 733 1051 764; x_wconf 89' lang='lat' dir='ltr'>lius</span> <span class='ocrx_word' id='word_1_367' title='bbox 1067 734 1177 764; x_wconf 82' lang='lat' dir='ltr'>satisfit</span> <span class='ocrx_word' id='word_1_368' title='bbox 1187 743 1242 773; x_wconf 90' lang='lat' dir='ltr'>pro</span> <span class='ocrx_word' id='word_1_369' title='bbox 1251 734 1354 764; x_wconf 87' lang='lat' dir='ltr'>debito</span> <span class='ocrx_word' id='word_1_370' title='bbox 1363 734 1468 771; x_wconf 86' lang='lat' dir='ltr'>unius,</span> <span class='ocrx_word' id='word_1_371' title='bbox 1487 734 1736 773; x_wconf 83' lang='lat' dir='ltr'>quamplurium</span> <span class='ocrx_word' id='word_1_372' title='bbox 1751 745 1758 766; x_wconf 71' lang='grc' dir='ltr'>ε</span> 
     </span>
     <span class='ocr_line' id='line_1_59' title="bbox 990 787 1759 827; baseline 0.003 -11"><span class='ocrx_word' id='word_1_373' title='bbox 990 796 1068 825; x_wconf 74' lang='lat' dir='ltr'>ergo</span> <span class='ocrx_word' id='word_1_374' title='bbox 1083 787 1228 826; x_wconf 89' lang='lat' dir='ltr'>pluribus</span> <span class='ocrx_word' id='word_1_375' title='bbox 1244 787 1389 825; x_wconf 80' lang='lat' dir='ltr'>indigent</span> <span class='ocrx_word' id='word_1_376' title='bbox 1400 787 1561 825; x_wconf 78' lang='lat' dir='ltr'>suffragiis</span> <span class='ocrx_word' id='word_1_377' title='bbox 1572 787 1646 825; x_wconf 87' lang='lat' dir='ltr'>duo,</span> <span class='ocrx_word' id='word_1_378' title='bbox 1663 797 1759 827; x_wconf 81' lang='lat' dir='ltr'>quam</span> 
     </span>
     <span class='ocr_line' id='line_1_60' title="bbox 990 839 1756 879; baseline 0.001 -10"><span class='ocrx_word' id='word_1_379' title='bbox 990 849 1073 870; x_wconf 85' lang='lat' dir='ltr'>unus</span> <span class='ocrx_word' id='word_1_380' title='bbox 1097 839 1197 876; x_wconf 89' lang='lat' dir='ltr'>solus;</span> <span class='ocrx_word' id='word_1_381' title='bbox 1222 849 1300 879; x_wconf 77' lang='lat' dir='ltr'>ergo</span> <span class='ocrx_word' id='word_1_382' title='bbox 1325 840 1350 869; x_wconf 94' lang='lat' dir='ltr'>si</span> <span class='ocrx_word' id='word_1_383' title='bbox 1373 839 1560 870; x_wconf 84' lang='lat' dir='ltr'>dividuntur</span> <span class='ocrx_word' id='word_1_384' title='bbox 1588 840 1669 870; x_wconf 87' lang='lat' dir='ltr'>inter</span> <span class='ocrx_word' id='word_1_385' title='bbox 1693 850 1756 877; x_wconf 86' lang='lat' dir='ltr'>eos,</span> 
     </span>
     <span class='ocr_line' id='line_1_61' title="bbox 988 893 1758 933; baseline 0.001 -10"><span class='ocrx_word' id='word_1_386' title='bbox 988 895 1121 933; x_wconf 84' lang='lat' dir='ltr'>uterque</span> <span class='ocrx_word' id='word_1_387' title='bbox 1150 893 1244 923; x_wconf 85' lang='lat' dir='ltr'>habet</span> <span class='ocrx_word' id='word_1_388' title='bbox 1267 893 1374 923; x_wconf 90' lang='lat' dir='ltr'>minus</span> <span class='ocrx_word' id='word_1_389' title='bbox 1399 904 1405 923; x_wconf 78' lang='lat'>2</span> <span class='ocrx_word' id='word_1_390' title='bbox 1435 902 1514 931; x_wconf 79' lang='lat' dir='ltr'>ergo</span> <span class='ocrx_word' id='word_1_391' title='bbox 1538 902 1600 923; x_wconf 82' lang='grc'><strong>11011</strong></span> <span class='ocrx_word' id='word_1_392' title='bbox 1632 893 1758 924; x_wconf 73' lang='lat' dir='ltr'>videtur</span> 
     </span>
     <span class='ocr_line' id='line_1_62' title="bbox 987 946 1753 985; baseline 0.001 -9"><span class='ocrx_word' id='word_1_393' title='bbox 987 946 1072 985; x_wconf 90' lang='lat' dir='ltr'>quod</span> <span class='ocrx_word' id='word_1_394' title='bbox 1097 946 1261 985; x_wconf 58' lang='lat' dir='ltr'>:aequaliter</span> <span class='ocrx_word' id='word_1_395' title='bbox 1285 956 1317 976; x_wconf 87' lang='lat' dir='ltr'>se</span> <span class='ocrx_word' id='word_1_396' title='bbox 1340 946 1487 976; x_wconf 78' lang='lat' dir='ltr'>extendat</span> <span class='ocrx_word' id='word_1_397' title='bbox 1509 946 1546 976; x_wconf 80' lang='lat' dir='ltr'>ad</span> <span class='ocrx_word' id='word_1_398' title='bbox 1572 956 1693 977; x_wconf 90' lang='lat' dir='ltr'>omnes.</span> <span class='ocrx_word' id='word_1_399' title='bbox 1719 947 1753 977; x_wconf 88' lang='lat' dir='ltr'>Et</span> 
     </span>
     <span class='ocr_line' id='line_1_63' title="bbox 987 999 1754 1038; baseline 0.001 -9"><span class='ocrx_word' id='word_1_400' title='bbox 987 999 1055 1029; x_wconf 81' lang='lat' dir='ltr'>idco</span> <span class='ocrx_word' id='word_1_401' title='bbox 1078 999 1248 1029; x_wconf 83' lang='lat' dir='ltr'>dicendum</span> <span class='ocrx_word' id='word_1_402' title='bbox 1273 999 1356 1038; x_wconf 83' lang='lat' dir='ltr'>quod</span> <span class='ocrx_word' id='word_1_403' title='bbox 1381 999 1459 1029; x_wconf 88' lang='lat' dir='ltr'>illud</span> <span class='ocrx_word' id='word_1_404' title='bbox 1483 1008 1548 1029; x_wconf 88' lang='lat' dir='ltr'>non</span> <span class='ocrx_word' id='word_1_405' title='bbox 1568 1002 1614 1029; x_wconf 78' lang='lat' dir='ltr'>est</span> <span class='ocrx_word' id='word_1_406' title='bbox 1635 1000 1754 1038; x_wconf 87' lang='lat' dir='ltr'>simile,</span> 
     </span>
     <span class='ocr_line' id='line_1_64' title="bbox 986 1052 1756 1091; baseline 0.001 -10"><span class='ocrx_word' id='word_1_407' title='bbox 986 1052 1062 1090; x_wconf 78' lang='lat' dir='ltr'>quia</span> <span class='ocrx_word' id='word_1_408' title='bbox 1077 1052 1268 1081; x_wconf 83' lang='lat' dir='ltr'>illuminatio</span> <span class='ocrx_word' id='word_1_409' title='bbox 1287 1054 1381 1082; x_wconf 84' lang='lat' dir='ltr'>totam</span> <span class='ocrx_word' id='word_1_410' title='bbox 1399 1053 1533 1091; x_wconf 78' lang='lat' dir='ltr'>speciem</span> <span class='ocrx_word' id='word_1_411' title='bbox 1551 1052 1595 1082; x_wconf 90' lang='lat' dir='ltr'>rei</span> <span class='ocrx_word' id='word_1_412' title='bbox 1611 1052 1686 1082; x_wconf 79' lang='lat' dir='ltr'>visae</span> <span class='ocrx_word' id='word_1_413' title='bbox 1701 1052 1756 1082; x_wconf 85' lang='lat' dir='ltr'>de-</span> 
     </span>
     <span class='ocr_line' id='line_1_65' title="bbox 986 1104 1757 1142; baseline 0.001 -9"><span class='ocrx_word' id='word_1_414' title='bbox 986 1104 1044 1133; x_wconf 86' lang='lat' dir='ltr'>fert</span> <span class='ocrx_word' id='word_1_415' title='bbox 1059 1104 1097 1134; x_wconf 82' lang='lat' dir='ltr'>ad</span> <span class='ocrx_word' id='word_1_416' title='bbox 1109 1104 1250 1142; x_wconf 83' lang='lat' dir='ltr'>oculum,</span> <span class='ocrx_word' id='word_1_417' title='bbox 1267 1107 1297 1134; x_wconf 94' lang='lat' dir='ltr'>et</span> <span class='ocrx_word' id='word_1_418' title='bbox 1310 1105 1453 1134; x_wconf 88' lang='lat' dir='ltr'>similiter</span> <span class='ocrx_word' id='word_1_419' title='bbox 1463 1105 1554 1135; x_wconf 85' lang='lat' dir='ltr'>lectio</span> <span class='ocrx_word' id='word_1_420' title='bbox 1565 1106 1662 1134; x_wconf 81' lang='lat' dir='ltr'>totam</span> <span class='ocrx_word' id='word_1_421' title='bbox 1674 1105 1757 1134; x_wconf 88' lang='lat' dir='ltr'>simi-</span> 
     </span>
     <span class='ocr_line' id='line_1_66' title="bbox 984 1156 1754 1196; baseline 0.003 -10"><span class='ocrx_word' id='word_1_422' title='bbox 984 1156 1150 1187; x_wconf 86' lang='lat' dir='ltr'>litudinem</span> <span class='ocrx_word' id='word_1_423' title='bbox 1163 1158 1265 1194; x_wconf 87' lang='lat' dir='ltr'>vocis;</span> <span class='ocrx_word' id='word_1_424' title='bbox 1281 1158 1336 1189; x_wconf 84' lang='lat' dir='ltr'>sed</span> <span class='ocrx_word' id='word_1_425' title='bbox 1349 1167 1413 1188; x_wconf 90' lang='lat' dir='ltr'>non</span> <span class='ocrx_word' id='word_1_426' title='bbox 1429 1158 1473 1188; x_wconf 87' lang='lat' dir='ltr'>sic</span> <span class='ocrx_word' id='word_1_427' title='bbox 1487 1160 1532 1188; x_wconf 88' lang='lat' dir='ltr'>est</span> <span class='ocrx_word' id='word_1_428' title='bbox 1547 1158 1579 1187; x_wconf 89' lang='lat' dir='ltr'>iu</span> <span class='ocrx_word' id='word_1_429' title='bbox 1588 1158 1754 1196; x_wconf 78' lang='lat' dir='ltr'>solutione,</span> 
     </span>
     <span class='ocr_line' id='line_1_67' title="bbox 986 1209 1756 1249; baseline 0.001 -10"><span class='ocrx_word' id='word_1_430' title='bbox 986 1209 1066 1239; x_wconf 88' lang='lat' dir='ltr'>sicut</span> <span class='ocrx_word' id='word_1_431' title='bbox 1080 1212 1126 1240; x_wconf 84' lang='lat' dir='ltr'>est</span> <span class='ocrx_word' id='word_1_432' title='bbox 1142 1210 1172 1240; x_wconf 94' lang='lat' dir='ltr'>in</span> <span class='ocrx_word' id='word_1_433' title='bbox 1185 1213 1311 1249; x_wconf 83' lang='lat' dir='ltr'>aspectu</span> <span class='ocrx_word' id='word_1_434' title='bbox 1326 1213 1356 1241; x_wconf 91' lang='lat' dir='ltr'>et</span> <span class='ocrx_word' id='word_1_435' title='bbox 1371 1211 1629 1241; x_wconf 85' lang='lat' dir='ltr'>consideratione.</span> <span class='ocrx_word' id='word_1_436' title='bbox 1643 1210 1756 1247; x_wconf 82' lang='lat' dir='ltr'>Quam-</span> 
     </span>
     <span class='ocr_line' id='line_1_68' title="bbox 985 1262 1756 1303; baseline 0.004 -12"><span class='ocrx_word' id='word_1_437' title='bbox 985 1262 1033 1292; x_wconf 93' lang='lat' dir='ltr'>vis</span> <span class='ocrx_word' id='word_1_438' title='bbox 1050 1263 1135 1292; x_wconf 86' lang='lat' dir='ltr'>enim</span> <span class='ocrx_word' id='word_1_439' title='bbox 1150 1263 1213 1293; x_wconf 88' lang='lat' dir='ltr'>duo</span> <span class='ocrx_word' id='word_1_440' title='bbox 1228 1264 1398 1294; x_wconf 86' lang='lat' dir='ltr'>creditores</span> <span class='ocrx_word' id='word_1_441' title='bbox 1414 1264 1577 1303; x_wconf 78' lang='lat' dir='ltr'>aequaliter</span> <span class='ocrx_word' id='word_1_442' title='bbox 1592 1264 1711 1303; x_wconf 82' lang='lat' dir='ltr'>possint</span> <span class='ocrx_word' id='word_1_443' title='bbox 1726 1266 1756 1294; x_wconf 87' lang='lat' dir='ltr'>et</span> 
     </span>
     <span class='ocr_line' id='line_1_69' title="bbox 985 1316 1757 1357; baseline 0.003 -12"><span class='ocrx_word' id='word_1_444' title='bbox 985 1316 1080 1346; x_wconf 91' lang='lat' dir='ltr'>simul</span> <span class='ocrx_word' id='word_1_445' title='bbox 1095 1317 1202 1347; x_wconf 88' lang='lat' dir='ltr'>videre</span> <span class='ocrx_word' id='word_1_446' title='bbox 1217 1327 1319 1347; x_wconf 91' lang='lat' dir='ltr'>unum</span> <span class='ocrx_word' id='word_1_447' title='bbox 1335 1326 1481 1353; x_wconf 81' lang='lat' dir='ltr'>aureum,</span> <span class='ocrx_word' id='word_1_448' title='bbox 1499 1326 1563 1347; x_wconf 89' lang='lat' dir='ltr'>non</span> <span class='ocrx_word' id='word_1_449' title='bbox 1576 1319 1683 1347; x_wconf 84' lang='lat' dir='ltr'>tamen</span> <span class='ocrx_word' id='word_1_450' title='bbox 1699 1327 1757 1357; x_wconf 91' lang='lat' dir='ltr'>po-</span> 
     </span>
     <span class='ocr_line' id='line_1_70' title="bbox 986 1370 1753 1410; baseline 0.003 -11"><span class='ocrx_word' id='word_1_451' title='bbox 986 1371 1045 1399; x_wconf 85' lang='lat' dir='ltr'>test</span> <span class='ocrx_word' id='word_1_452' title='bbox 1059 1370 1224 1409; x_wconf 65' lang='lat' dir='ltr'>aequaliter</span> <span class='ocrx_word' id='word_1_453' title='bbox 1244 1370 1324 1400; x_wconf 90' lang='lat' dir='ltr'>solvi</span> <span class='ocrx_word' id='word_1_454' title='bbox 1343 1371 1479 1401; x_wconf 89' lang='lat' dir='ltr'>duobus.</span> <span class='ocrx_word' id='word_1_455' title='bbox 1502 1370 1553 1401; x_wconf 87' lang='lat' dir='ltr'>Sic</span> <span class='ocrx_word' id='word_1_456' title='bbox 1574 1371 1753 1410; x_wconf 80' lang='lat' dir='ltr'>intelligen-</span> 
     </span>
     <span class='ocr_line' id='line_1_71' title="bbox 984 1423 1752 1463; baseline 0.003 -11"><span class='ocrx_word' id='word_1_457' title='bbox 984 1423 1061 1452; x_wconf 89' lang='lat' dir='ltr'>dum</span> <span class='ocrx_word' id='word_1_458' title='bbox 1073 1423 1161 1453; x_wconf 89' lang='lat' dir='ltr'>estin</span> <span class='ocrx_word' id='word_1_459' title='bbox 1171 1423 1342 1462; x_wconf 80' lang='lat' dir='ltr'>proposito,</span> <span class='ocrx_word' id='word_1_460' title='bbox 1358 1424 1440 1463; x_wconf 83' lang='lat' dir='ltr'>quod</span> <span class='ocrx_word' id='word_1_461' title='bbox 1454 1433 1508 1463; x_wconf 89' lang='lat' dir='ltr'>per</span> <span class='ocrx_word' id='word_1_462' title='bbox 1522 1423 1677 1462; x_wconf 75' lang='lat' dir='ltr'>suffragia</span> <span class='ocrx_word' id='word_1_463' title='bbox 1687 1425 1752 1454; x_wconf 64' lang='lat' dir='ltr'>fiat.</span> 
     </span>
     <span class='ocr_line' id='line_1_72' title="bbox 985 1475 1750 1516; baseline 0 -10"><span class='ocrx_word' id='word_1_464' title='bbox 985 1475 1072 1506; x_wconf 85' lang='lat' dir='ltr'>Unde</span> <span class='ocrx_word' id='word_1_465' title='bbox 1089 1485 1152 1506; x_wconf 91' lang='lat' dir='ltr'>non</span> <span class='ocrx_word' id='word_1_466' title='bbox 1172 1478 1276 1514; x_wconf 85' lang='lat' dir='ltr'>refert,</span> <span class='ocrx_word' id='word_1_467' title='bbox 1301 1479 1410 1507; x_wconf 87' lang='lat' dir='ltr'>utrum</span> <span class='ocrx_word' id='word_1_468' title='bbox 1427 1478 1503 1507; x_wconf 78' lang='lat' dir='ltr'>[iant</span> <span class='ocrx_word' id='word_1_469' title='bbox 1524 1486 1578 1515; x_wconf 81' lang='lat' dir='ltr'>pro</span> <span class='ocrx_word' id='word_1_470' title='bbox 1595 1477 1750 1516; x_wconf 77' lang='lat' dir='ltr'>plurihuS,</span> 
     </span>
     <span class='ocr_line' id='line_1_73' title="bbox 984 1529 1751 1568; baseline 0.001 -10"><span class='ocrx_word' id='word_1_471' title='bbox 984 1538 1024 1558; x_wconf 80' lang='lat' dir='ltr'>an</span> <span class='ocrx_word' id='word_1_472' title='bbox 1040 1539 1096 1568; x_wconf 83' lang='lat' dir='ltr'>pro</span> <span class='ocrx_word' id='word_1_473' title='bbox 1110 1538 1185 1559; x_wconf 91' lang='grc'><strong>11110.</strong></span> <span class='ocrx_word' id='word_1_474' title='bbox 1204 1529 1240 1560; x_wconf 82' lang='grc' dir='ltr'>Ε1</span> <span class='ocrx_word' id='word_1_475' title='bbox 1256 1530 1324 1560; x_wconf 88' lang='lat' dir='ltr'>ideo</span> <span class='ocrx_word' id='word_1_476' title='bbox 1343 1529 1605 1568; x_wconf 76' lang='lat' dir='ltr'>distinguendum</span> <span class='ocrx_word' id='word_1_477' title='bbox 1621 1532 1666 1559; x_wconf 88' lang='lat' dir='ltr'>est</span> <span class='ocrx_word' id='word_1_478' title='bbox 1688 1530 1751 1567; x_wconf 70' lang='lat' dir='ltr'>hir,</span> 
     </span>
     <span class='ocr_line' id='line_1_74' title="bbox 984 1582 1754 1621; baseline 0.001 -10"><span class='ocrx_word' id='word_1_479' title='bbox 984 1582 1057 1621; x_wconf 86' lang='lat' dir='ltr'>quia</span> <span class='ocrx_word' id='word_1_480' title='bbox 1072 1582 1227 1621; x_wconf 78' lang='lat' dir='ltr'>sutfragia</span> <span class='ocrx_word' id='word_1_481' title='bbox 1251 1582 1408 1620; x_wconf 62' lang='lat' dir='ltr'>Ecclesiae,</span> <span class='ocrx_word' id='word_1_482' title='bbox 1433 1585 1488 1612; x_wconf 86' lang='lat' dir='ltr'>aut.</span> <span class='ocrx_word' id='word_1_483' title='bbox 1510 1583 1590 1612; x_wconf 82' lang='lat' dir='ltr'>fiunt</span> <span class='ocrx_word' id='word_1_484' title='bbox 1612 1583 1643 1612; x_wconf 92' lang='lat' dir='ltr'>in</span> <span class='ocrx_word' id='word_1_485' title='bbox 1666 1592 1754 1613; x_wconf 87' lang='lat' dir='ltr'>com-</span> 
     </span>
     <span class='ocr_line' id='line_1_75' title="bbox 984 1635 1754 1675; baseline 0.001 -11"><span class='ocrx_word' id='word_1_486' title='bbox 984 1635 1084 1671; x_wconf 89' lang='lat' dir='ltr'>muni,</span> <span class='ocrx_word' id='word_1_487' title='bbox 1103 1636 1157 1664; x_wconf 76' lang='lat' dir='ltr'>aut</span> <span class='ocrx_word' id='word_1_488' title='bbox 1172 1635 1204 1664; x_wconf 90' lang='grc'>111</span> <span class='ocrx_word' id='word_1_489' title='bbox 1220 1635 1344 1674; x_wconf 87' lang='lat' dir='ltr'>speciali</span> <span class='ocrx_word' id='word_1_490' title='bbox 1364 1646 1369 1664; x_wconf 73' lang='grc' dir='ltr'><em>ι</em></span> <span class='ocrx_word' id='word_1_491' title='bbox 1388 1635 1412 1664; x_wconf 85' lang='lat' dir='ltr'>si</span> <span class='ocrx_word' id='word_1_492' title='bbox 1429 1636 1461 1665; x_wconf 89' lang='lat' dir='ltr'>in</span> <span class='ocrx_word' id='word_1_493' title='bbox 1479 1635 1660 1672; x_wconf 81' lang='lat' dir='ltr'>communi,</span> <span class='ocrx_word' id='word_1_494' title='bbox 1678 1645 1754 1675; x_wconf 85' lang='lat' dir='ltr'>pro-</span> 
     </span>
     <span class='ocr_line' id='line_1_76' title="bbox 984 1686 1756 1727; baseline 0.003 -11"><span class='ocrx_word' id='word_1_495' title='bbox 984 1688 1058 1716; x_wconf 87' lang='lat' dir='ltr'>sunt</span> <span class='ocrx_word' id='word_1_496' title='bbox 1072 1686 1100 1716; x_wconf 82' lang='lat' dir='ltr'>ei</span> <span class='ocrx_word' id='word_1_497' title='bbox 1114 1687 1228 1725; x_wconf 73' lang='lat' dir='ltr'>magis,</span> <span class='ocrx_word' id='word_1_498' title='bbox 1244 1687 1300 1726; x_wconf 87' lang='lat' dir='ltr'>qui</span> <span class='ocrx_word' id='word_1_499' title='bbox 1315 1688 1416 1726; x_wconf 81' lang='lat' dir='ltr'>magis</span> <span class='ocrx_word' id='word_1_500' title='bbox 1432 1688 1549 1717; x_wconf 86' lang='lat' dir='ltr'>meruit</span> <span class='ocrx_word' id='word_1_501' title='bbox 1564 1690 1599 1717; x_wconf 88' lang='lat' dir='ltr'>ut</span> <span class='ocrx_word' id='word_1_502' title='bbox 1609 1687 1667 1718; x_wconf 90' lang='lat' dir='ltr'>sibi</span> <span class='ocrx_word' id='word_1_503' title='bbox 1681 1697 1756 1727; x_wconf 89' lang='lat' dir='ltr'>pro-</span> 
     </span>
     <span class='ocr_line' id='line_1_77' title="bbox 984 1740 1755 1780; baseline 0.003 -11"><span class='ocrx_word' id='word_1_504' title='bbox 984 1740 1119 1777; x_wconf 81' lang='lat' dir='ltr'>dessent,</span> <span class='ocrx_word' id='word_1_505' title='bbox 1145 1740 1215 1770; x_wconf 82' lang='lat' dir='ltr'>aliis</span> <span class='ocrx_word' id='word_1_506' title='bbox 1237 1741 1471 1772; x_wconf 87' lang='lat' dir='ltr'>conditionibus</span> <span class='ocrx_word' id='word_1_507' title='bbox 1492 1741 1620 1780; x_wconf 84' lang='lat' dir='ltr'>paribus</span> <span class='ocrx_word' id='word_1_508' title='bbox 1647 1752 1653 1771; x_wconf 91' lang='lat'>:</span> <span class='ocrx_word' id='word_1_509' title='bbox 1679 1741 1755 1780; x_wconf 87' lang='lat' dir='ltr'>quia</span> 
     </span>
     <span class='ocr_line' id='line_1_78' title="bbox 984 1793 1754 1832; baseline 0.004 -10"><span class='ocrx_word' id='word_1_510' title='bbox 984 1802 1047 1823; x_wconf 90' lang='lat' dir='ltr'>non</span> <span class='ocrx_word' id='word_1_511' title='bbox 1063 1794 1188 1823; x_wconf 86' lang='lat' dir='ltr'>tantum</span> <span class='ocrx_word' id='word_1_512' title='bbox 1210 1793 1368 1832; x_wconf 79' lang='lat' dir='ltr'>dignitas,</span> <span class='ocrx_word' id='word_1_513' title='bbox 1390 1794 1443 1824; x_wconf 87' lang='lat' dir='ltr'>sed</span> <span class='ocrx_word' id='word_1_514' title='bbox 1466 1794 1560 1824; x_wconf 86' lang='lat' dir='ltr'>etiam</span> <span class='ocrx_word' id='word_1_515' title='bbox 1585 1795 1754 1825; x_wconf 84' lang='lat' dir='ltr'>necessitas</span> 
     </span>
     <span class='ocr_line' id='line_1_79' title="bbox 983 1846 1751 1887; baseline 0.004 -12"><span class='ocrx_word' id='word_1_516' title='bbox 983 1846 1201 1876; x_wconf 86' lang='lat' dir='ltr'>consideratur</span> <span class='ocrx_word' id='word_1_517' title='bbox 1215 1858 1221 1877; x_wconf 71' lang='grc' dir='ltr'><strong><em>ι</em></strong></span> <span class='ocrx_word' id='word_1_518' title='bbox 1238 1849 1269 1877; x_wconf 90' lang='lat' dir='ltr'>et</span> <span class='ocrx_word' id='word_1_519' title='bbox 1279 1847 1323 1877; x_wconf 90' lang='lat' dir='ltr'>sic</span> <span class='ocrx_word' id='word_1_520' title='bbox 1334 1847 1467 1886; x_wconf 85' lang='lat' dir='ltr'>probant</span> <span class='ocrx_word' id='word_1_521' title='bbox 1479 1847 1590 1887; x_wconf 59' lang='lat' dir='ltr'>primae</span> <span class='ocrx_word' id='word_1_522' title='bbox 1602 1848 1751 1878; x_wconf 68' lang='lat' dir='ltr'>rationes.</span> 
     </span>
     <span class='ocr_line' id='line_1_80' title="bbox 983 1898 1751 1940; baseline 0.003 -11"><span class='ocrx_word' id='word_1_523' title='bbox 983 1898 1012 1929; x_wconf 88' lang='lat' dir='ltr'>Si</span> <span class='ocrx_word' id='word_1_524' title='bbox 1028 1901 1133 1929; x_wconf 74' lang='lat' dir='ltr'>autem</span> <span class='ocrx_word' id='word_1_525' title='bbox 1148 1900 1224 1929; x_wconf 82' lang='lat' dir='ltr'>fiant</span> <span class='ocrx_word' id='word_1_526' title='bbox 1238 1899 1269 1929; x_wconf 90' lang='lat' dir='ltr'>in</span> <span class='ocrx_word' id='word_1_527' title='bbox 1285 1900 1421 1939; x_wconf 83' lang='lat' dir='ltr'>speciali,</span> <span class='ocrx_word' id='word_1_528' title='bbox 1438 1901 1465 1930; x_wconf 87' lang='lat' dir='ltr'>ei</span> <span class='ocrx_word' id='word_1_529' title='bbox 1483 1901 1586 1939; x_wconf 80' lang='lat' dir='ltr'>magis</span> <span class='ocrx_word' id='word_1_530' title='bbox 1607 1903 1751 1940; x_wconf 88' lang='lat' dir='ltr'>prosunt,</span> 
     </span>
     <span class='ocr_line' id='line_1_81' title="bbox 983 1952 1753 1992; baseline 0.001 -10"><span class='ocrx_word' id='word_1_531' title='bbox 983 1962 1039 1991; x_wconf 90' lang='lat' dir='ltr'>pro</span> <span class='ocrx_word' id='word_1_532' title='bbox 1061 1961 1124 1991; x_wconf 88' lang='lat' dir='ltr'>quo</span> <span class='ocrx_word' id='word_1_533' title='bbox 1142 1952 1222 1982; x_wconf 82' lang='lat' dir='ltr'>fiunt</span> <span class='ocrx_word' id='word_1_534' title='bbox 1240 1963 1246 1982; x_wconf 87' lang='lat'>:</span> <span class='ocrx_word' id='word_1_535' title='bbox 1268 1954 1300 1982; x_wconf 86' lang='lat' dir='ltr'>et</span> <span class='ocrx_word' id='word_1_536' title='bbox 1321 1952 1364 1982; x_wconf 88' lang='lat' dir='ltr'>sic</span> <span class='ocrx_word' id='word_1_537' title='bbox 1386 1952 1519 1992; x_wconf 84' lang='lat' dir='ltr'>probant</span> <span class='ocrx_word' id='word_1_538' title='bbox 1542 1953 1678 1983; x_wconf 79' lang='lat' dir='ltr'>rationes</span> <span class='ocrx_word' id='word_1_539' title='bbox 1701 1962 1753 1983; x_wconf 90' lang='lat' dir='ltr'>se-</span> 
     </span>
     <span class='ocr_line' id='line_1_82' title="bbox 982 2007 1123 2044; baseline -0.007 -9"><span class='ocrx_word' id='word_1_540' title='bbox 982 2007 1123 2044; x_wconf 84' lang='lat' dir='ltr'>quentes.</span> 
     </span>
    </p>

    <p class='ocr_par' dir='ltr' id='par_1_14' title="bbox 982 2057 1752 2302">
     <span class='ocr_line' id='line_1_83' title="bbox 1023 2057 1750 2098; baseline 0.001 -11"><span class='ocrx_word' id='word_1_541' title='bbox 1023 2060 1051 2088; x_wconf 86' lang='lat'>1.</span> <span class='ocrx_word' id='word_1_542' title='bbox 1068 2057 1114 2087; x_wconf 82' lang='lat' dir='ltr'>Ad</span> <span class='ocrx_word' id='word_1_543' title='bbox 1130 2057 1207 2087; x_wconf 88' lang='lat' dir='ltr'>illud</span> <span class='ocrx_word' id='word_1_544' title='bbox 1222 2059 1329 2087; x_wconf 81' lang='lat' dir='ltr'>tamen</span> <span class='ocrx_word' id='word_1_545' title='bbox 1342 2081 1349 2094; x_wconf 92' lang='lat'>,</span> <span class='ocrx_word' id='word_1_546' title='bbox 1369 2058 1451 2097; x_wconf 84' lang='lat' dir='ltr'>quod</span> <span class='ocrx_word' id='word_1_547' title='bbox 1473 2058 1575 2097; x_wconf 87' lang='lat' dir='ltr'>primo</span> <span class='ocrx_word' id='word_1_548' title='bbox 1590 2059 1640 2098; x_wconf 83' lang='lat' dir='ltr'>obj</span> <span class='ocrx_word' id='word_1_549' title='bbox 1647 2059 1750 2097; x_wconf 82' lang='lat' dir='ltr'>lcitur,</span> 
     </span>
     <span class='ocr_line' id='line_1_84' title="bbox 982 2111 1750 2151; baseline 0.001 -10"><span class='ocrx_word' id='word_1_550' title='bbox 982 2111 1066 2151; x_wconf 84' lang='lat' dir='ltr'>quod</span> <span class='ocrx_word' id='word_1_551' title='bbox 1086 2111 1191 2150; x_wconf 81' lang='lat' dir='ltr'>magis</span> <span class='ocrx_word' id='word_1_552' title='bbox 1211 2113 1342 2150; x_wconf 85' lang='lat' dir='ltr'>prosunt</span> <span class='ocrx_word' id='word_1_553' title='bbox 1361 2111 1399 2148; x_wconf 85' lang='lat' dir='ltr'>ei,</span> <span class='ocrx_word' id='word_1_554' title='bbox 1423 2112 1476 2151; x_wconf 88' lang='lat' dir='ltr'>qui</span> <span class='ocrx_word' id='word_1_555' title='bbox 1496 2112 1601 2151; x_wconf 82' lang='lat' dir='ltr'>magis</span> <span class='ocrx_word' id='word_1_556' title='bbox 1623 2113 1750 2151; x_wconf 80' lang='lat' dir='ltr'>meruit,</span> 
     </span>
     <span class='ocr_line' id='line_1_85' title="bbox 982 2165 1749 2204; baseline 0.003 -10"><span class='ocrx_word' id='word_1_557' title='bbox 982 2165 1148 2194; x_wconf 85' lang='lat' dir='ltr'>dicendum</span> <span class='ocrx_word' id='word_1_558' title='bbox 1161 2165 1243 2204; x_wconf 81' lang='lat' dir='ltr'>quod</span> <span class='ocrx_word' id='word_1_559' title='bbox 1255 2174 1367 2195; x_wconf 82' lang='lat' dir='ltr'>verum</span> <span class='ocrx_word' id='word_1_560' title='bbox 1378 2167 1424 2195; x_wconf 88' lang='lat' dir='ltr'>est</span> <span class='ocrx_word' id='word_1_561' title='bbox 1436 2168 1591 2204; x_wconf 86' lang='lat' dir='ltr'>quantum</span> <span class='ocrx_word' id='word_1_562' title='bbox 1602 2168 1648 2196; x_wconf 87' lang='lat' dir='ltr'>est</span> <span class='ocrx_word' id='word_1_563' title='bbox 1659 2166 1696 2196; x_wconf 92' lang='lat' dir='ltr'>de</span> <span class='ocrx_word' id='word_1_564' title='bbox 1706 2175 1749 2203; x_wconf 89' lang='lat' dir='ltr'>se,</span> 
     </span>
     <span class='ocr_line' id='line_1_86' title="bbox 982 2217 1752 2257; baseline 0.004 -11"><span class='ocrx_word' id='word_1_565' title='bbox 982 2217 1042 2247; x_wconf 86' lang='lat' dir='ltr'>nisi</span> <span class='ocrx_word' id='word_1_566' title='bbox 1059 2217 1145 2247; x_wconf 81' lang='lat' dir='ltr'>aliud</span> <span class='ocrx_word' id='word_1_567' title='bbox 1169 2218 1319 2248; x_wconf 84' lang='lat' dir='ltr'>reformet</span> <span class='ocrx_word' id='word_1_568' title='bbox 1335 2220 1482 2257; x_wconf 80' lang='lat' dir='ltr'>pactu1n;</span> <span class='ocrx_word' id='word_1_569' title='bbox 1501 2220 1531 2248; x_wconf 84' lang='lat' dir='ltr'>et</span> <span class='ocrx_word' id='word_1_570' title='bbox 1551 2218 1620 2249; x_wconf 81' lang='lat' dir='ltr'>haec</span> <span class='ocrx_word' id='word_1_571' title='bbox 1640 2221 1686 2249; x_wconf 86' lang='lat' dir='ltr'>est</span> <span class='ocrx_word' id='word_1_572' title='bbox 1701 2219 1752 2249; x_wconf 90' lang='lat' dir='ltr'>in-</span> 
     </span>
     <span class='ocr_line' id='line_1_87' title="bbox 982 2271 1247 2302; baseline 0.008 -2"><span class='ocrx_word' id='word_1_573' title='bbox 982 2271 1080 2301; x_wconf 87' lang='lat' dir='ltr'>tentio</span> <span class='ocrx_word' id='word_1_574' title='bbox 1094 2271 1247 2302; x_wconf 77' lang='lat' dir='ltr'>facientis.</span> 
     </span>
    </p>

    <p class='ocr_par' dir='ltr' id='par_1_15' title="bbox 981 2324 1750 2470">
     <span class='ocr_line' id='line_1_88' title="bbox 1021 2324 1749 2364; baseline 0.003 -11"><span class='ocrx_word' id='word_1_575' title='bbox 1021 2326 1050 2353; x_wconf 68' lang='lat'>⁶2.</span> <span class='ocrx_word' id='word_1_576' title='bbox 1069 2324 1106 2354; x_wconf 85' lang='lat' dir='ltr'>Et</span> <span class='ocrx_word' id='word_1_577' title='bbox 1121 2324 1264 2354; x_wconf 86' lang='lat' dir='ltr'>similiter</span> <span class='ocrx_word' id='word_1_578' title='bbox 1275 2324 1314 2355; x_wconf 83' lang='lat' dir='ltr'>ad</span> <span class='ocrx_word' id='word_1_579' title='bbox 1330 2334 1464 2363; x_wconf 84' lang='lat' dir='ltr'>sequens</span> <span class='ocrx_word' id='word_1_580' title='bbox 1479 2325 1749 2364; x_wconf 61' lang='lat' dir='ltr'>respondendum,</span> 
     </span>
     <span class='ocr_line' id='line_1_89' title="bbox 981 2377 1750 2416; baseline 0 -9"><span class='ocrx_word' id='word_1_581' title='bbox 981 2377 1064 2416; x_wconf 86' lang='lat' dir='ltr'>quod</span> <span class='ocrx_word' id='word_1_582' title='bbox 1086 2377 1167 2407; x_wconf 88' lang='lat' dir='ltr'>Deus</span> <span class='ocrx_word' id='word_1_583' title='bbox 1181 2378 1340 2408; x_wconf 82' lang='lat' dir='ltr'>distribuit</span> <span class='ocrx_word' id='word_1_584' title='bbox 1355 2378 1528 2408; x_wconf 86' lang='lat' dir='ltr'>secundum</span> <span class='ocrx_word' id='word_1_585' title='bbox 1544 2378 1750 2409; x_wconf 85' lang='lat' dir='ltr'>intentionem</span> 
     </span>
     <span class='ocr_line' id='line_1_90' title="bbox 985 2430 1465 2470; baseline 0.004 -11"><span class='ocrx_word' id='word_1_586' title='bbox 985 2430 1067 2460; x_wconf 90' lang='lat' dir='ltr'>illius</span> <span class='ocrx_word' id='word_1_587' title='bbox 1081 2430 1134 2469; x_wconf 85' lang='lat' dir='ltr'>qui</span> <span class='ocrx_word' id='word_1_588' title='bbox 1151 2430 1243 2460; x_wconf 80' lang='lat' dir='ltr'>offert</span> <span class='ocrx_word' id='word_1_589' title='bbox 1259 2430 1465 2470; x_wconf 79' lang='lat' dir='ltr'>suffragium.</span> 
     </span>
    </p>

    <p class='ocr_par' dir='ltr' id='par_1_16' title="bbox 981 2482 1750 2684">
     <span class='ocr_line' id='line_1_91' title="bbox 1023 2482 1750 2522; baseline -0.001 -10"><span class='ocrx_word' id='word_1_590' title='bbox 1023 2485 1050 2512; x_wconf 85' lang='lat'>3.</span> <span class='ocrx_word' id='word_1_591' title='bbox 1081 2482 1128 2513; x_wconf 90' lang='lat' dir='ltr'>Ad</span> <span class='ocrx_word' id='word_1_592' title='bbox 1150 2483 1229 2513; x_wconf 87' lang='lat' dir='ltr'>illud</span> <span class='ocrx_word' id='word_1_593' title='bbox 1250 2483 1334 2522; x_wconf 88' lang='lat' dir='ltr'>quod</span> <span class='ocrx_word' id='word_1_594' title='bbox 1360 2483 1525 2522; x_wconf 86' lang='lat' dir='ltr'>objicitur,</span> <span class='ocrx_word' id='word_1_595' title='bbox 1550 2483 1633 2522; x_wconf 84' lang='lat' dir='ltr'>quod</span> <span class='ocrx_word' id='word_1_596' title='bbox 1657 2483 1750 2513; x_wconf 79' lang='lat' dir='ltr'>citius</span> 
     </span>
     <span class='ocr_line' id='line_1_92' title="bbox 982 2536 1747 2576; baseline -0.003 -10"><span class='ocrx_word' id='word_1_597' title='bbox 982 2536 1098 2566; x_wconf 87' lang='lat' dir='ltr'>meruit</span> <span class='ocrx_word' id='word_1_598' title='bbox 1113 2536 1255 2574; x_wconf 82' lang='lat' dir='ltr'>liberari,</span> <span class='ocrx_word' id='word_1_599' title='bbox 1272 2536 1438 2567; x_wconf 88' lang='lat' dir='ltr'>dicendum</span> <span class='ocrx_word' id='word_1_600' title='bbox 1455 2536 1539 2576; x_wconf 86' lang='lat' dir='ltr'>quod</span> <span class='ocrx_word' id='word_1_601' title='bbox 1559 2544 1670 2566; x_wconf 82' lang='lat' dir='ltr'>verum</span> <span class='ocrx_word' id='word_1_602' title='bbox 1691 2536 1747 2572; x_wconf 87' lang='lat' dir='ltr'>est,</span> 
     </span>
     <span class='ocr_line' id='line_1_93' title="bbox 982 2588 1747 2629; baseline -0.003 -10"><span class='ocrx_word' id='word_1_603' title='bbox 982 2589 1103 2620; x_wconf 80' lang='lat' dir='ltr'>caeteris</span> <span class='ocrx_word' id='word_1_604' title='bbox 1118 2590 1247 2629; x_wconf 78' lang='lat' dir='ltr'>paribus</span> <span class='ocrx_word' id='word_1_605' title='bbox 1264 2600 1270 2620; x_wconf 89' lang='lat'>:</span> <span class='ocrx_word' id='word_1_606' title='bbox 1292 2592 1323 2620; x_wconf 88' lang='lat' dir='ltr'>et</span> <span class='ocrx_word' id='word_1_607' title='bbox 1337 2590 1412 2629; x_wconf 82' lang='lat' dir='ltr'>quia</span> <span class='ocrx_word' id='word_1_608' title='bbox 1427 2590 1477 2619; x_wconf 91' lang='lat' dir='ltr'>ille</span> <span class='ocrx_word' id='word_1_609' title='bbox 1497 2589 1604 2619; x_wconf 86' lang='lat' dir='ltr'>minus</span> <span class='ocrx_word' id='word_1_610' title='bbox 1619 2588 1747 2625; x_wconf 82' lang='lat' dir='ltr'>meruit,</span> 
     </span>
     <span class='ocr_line' id='line_1_94' title="bbox 981 2641 1750 2684; baseline -0.004 -9"><span class='ocrx_word' id='word_1_611' title='bbox 981 2645 1117 2684; x_wconf 81' lang='lat' dir='ltr'>majores</span> <span class='ocrx_word' id='word_1_612' title='bbox 1133 2646 1163 2675; x_wconf 88' lang='lat' dir='ltr'>et</span> <span class='ocrx_word' id='word_1_613' title='bbox 1176 2644 1282 2684; x_wconf 85' lang='lat' dir='ltr'>plures</span> <span class='ocrx_word' id='word_1_614' title='bbox 1296 2644 1406 2675; x_wconf 81' lang='lat' dir='ltr'>habuit</span> <span class='ocrx_word' id='word_1_615' title='bbox 1416 2644 1575 2683; x_wconf 74' lang='lat' dir='ltr'>adiutores</span> <span class='ocrx_word' id='word_1_616' title='bbox 1593 2653 1599 2673; x_wconf 75' lang='grc' dir='ltr'>ε</span> <span class='ocrx_word' id='word_1_617' title='bbox 1616 2641 1689 2672; x_wconf 84' lang='lat' dir='ltr'>hinc</span> <span class='ocrx_word' id='word_1_618' title='bbox 1703 2644 1750 2673; x_wconf 86' lang='lat' dir='ltr'>est</span> 
     </span>
    </p>
   </div>
   <div class='ocr_carea' id='block_1_11' title="bbox 1773 956 1881 1047">
    <p class='ocr_par' dir='ltr' id='par_1_17' title="bbox 1773 956 1881 1047">
     <span class='ocr_line' id='line_1_95' title="bbox 1775 956 1879 977; baseline 0.019 -2"><span class='ocrx_word' id='word_1_619' title='bbox 1775 956 1879 977; x_wconf 69' lang='lat' dir='ltr'>beten-mi-</span> 
     </span>
     <span class='ocr_line' id='line_1_96' title="bbox 1773 993 1881 1016; baseline 0.009 -7"><span class='ocrx_word' id='word_1_620' title='bbox 1773 993 1828 1010; x_wconf 63' lang='lat' dir='ltr'>natio</span> <span class='ocrx_word' id='word_1_621' title='bbox 1835 997 1881 1016; x_wconf 84' lang='lat' dir='ltr'>pro·</span> 
     </span>
     <span class='ocr_line' id='line_1_97' title="bbox 1798 1029 1850 1047; baseline 0.019 -6"><span class='ocrx_word' id='word_1_622' title='bbox 1798 1029 1850 1047; x_wconf 70' lang='lat' dir='ltr'>pria.</span> 
     </span>
    </p>
   </div>
  </div>
 </body>
</html>
