1991 3006
57 1746 161 1769 fundam.

686 174 784 206 DIST.
809 175 869 205 XL.
895 174 983 205 ΛΒΤ.
1010 175 1031 205 l.
1055 174 1203 212 QUAEST.
1230 176 1265 205 11.

217 242 246 272 2.
271 241 348 273 item
370 243 376 259 ¹
401 253 408 272 :
435 243 529 274 Omne
557 242 680 274 animal
705 242 819 282 diligit
841 241 945 273 simile

177 294 258 332 sibi,
281 299 310 327 et
330 296 478 328 volatilia
501 296 566 327 sibi
586 296 709 328 similia
729 297 945 327 conveniunt:

177 357 255 387 ergo
272 351 389 388 quanto
409 349 522 388 aliquae
542 358 686 388 personae
708 348 812 387 magis
828 348 945 378 similes

177 403 251 431 sunt
271 403 301 431 et
322 402 515 440 conjunctae,
538 404 625 432 tanto
643 401 749 440 magis
766 403 847 431 natae
872 403 947 431 sunt

177 453 313 483 invicem
337 454 505 484 convenire
520 457 550 484 et
565 455 705 494 copulari
721 463 728 484 :
747 454 801 484 sed
822 454 862 484 ad
876 464 943 484 ma-

177 506 362 536 trimonium
386 509 431 537 est
451 507 562 546 copula
584 510 613 536 et
637 507 818 546 conjunctio
837 516 845 537 :
868 516 945 546 ergo

176 559 437 598 consanguinitas
452 560 555 598 magis
574 560 716 599 expedit,
734 569 830 599 quam
844 560 943 599 impe-

177 611 250 641 diat.

218 667 246 694 3.
271 665 348 695 Item
374 665 507 695 firmiori
530 665 656 697 vinculo
677 667 862 704 Jnnguntiu·
891 666 945 705 qui

177 719 291 747 natura
311 720 342 748 et
367 718 530 748 voluntate
553 718 745 758 alligantur,
771 728 868 758 quam
891 719 945 758 qui

177 772 340 803 voluntate
360 775 500 811 tantum;
517 776 546 804 et
568 774 681 804 melius
700 774 837 804 invicem
852 774 946 805 coha—

177 825 294 860 bitant,
318 828 349 856 et
370 830 616 857 conversantur:
641 828 694 857 sed
717 827 760 858 sic
783 830 850 865 est,
873 837 945 858 cum

177 878 275 918 aliqui
285 880 471 919 junguntur
486 880 613 911 vinculo
632 880 768 918 carnali,
786 883 816 911 et
830 881 946 911 t'oedere

178 933 402 963 matrimoniali
419 944 426 964 ε
451 943 529 973 ergo
548 934 650 973 magis
670 934 819 965 deberent
841 935 943 965 homi-

178 996 233 1017 nes
257 988 412 1026 conjungi
436 988 635 1027 propinquis,
654 997 750 1027 quam
766 988 942 1025 extraneis,

177 1049 250 1070 cum
269 1041 414 1071 voluntas
432 1041 547 1071 habeat
570 1043 719 1071 naturam
742 1041 802 1071 sihi
821 1041 944 1071 consor-

178 1102 276 1131 mem,
301 1096 332 1124 et
354 1096 468 1124 natura
484 1094 680 1125 voluntatem
704 1095 851 1133 adiuvet:
869 1104 946 1133 ergo

178 1147 282 1185 magis
310 1150 437 1187 praestat
460 1148 719 1186 consanguinitas
744 1147 946 1178 matrimonio

176 1199 323 1230 solatium
351 1203 380 1231 ct
413 1200 655 1238 fulcimentum,
687 1210 782 1240 quam
814 1201 948 1240 impedi-

177 1255 332 1284 mentum.

218 1309 247 1336 4.
268 1306 345 1336 Item
358 1330 366 1344 ,
383 1307 408 1336 si
422 1306 542 1346 aliquid
557 1309 715 1345 repugnat
731 1306 944 1344 matrimonio,

177 1363 207 1390 et.
228 1360 379 1400 impedit,
396 1360 456 1390 hoc
480 1369 544 1390 non
567 1360 657 1398 facit,
677 1360 737 1389 nisi
758 1360 833 1399 quia
854 1360 946 1390 alicui

176 1412 260 1443 bono
281 1413 475 1443 matrimonii
496 1415 671 1452 repugnat,
689 1415 720 1443 et
738 1413 856 1452 aliquid
880 1413 946 1443 adi—

177 1466 233 1495 mit
251 1476 257 1496 :
284 1466 337 1496 sed
359 1466 385 1496 si
408 1466 639 1504 consanguinei
658 1467 858 1505 ,iungantuffi
885 1466 946 1496 sal-

175 1522 291 1549 vantur
306 1519 349 1550 ibi
365 1520 425 1550 tria
439 1521 521 1550 bona
536 1520 746 1557 matrimonii,
766 1520 853 1557 fides,
873 1529 945 1559 pro-

176 1572 236 1609 les,
253 1575 283 1603 et
297 1576 532 1603 sacramentum
548 1584 553 1602 :
575 1582 654 1612 ergo
669 1573 942 1611 consanguinitas7

176 1627 212 1655 ut
233 1626 375 1662 videtur,
392 1626 518 1656 nullum
540 1629 668 1665 praestat
684 1626 945 1666 impedimentum

176 1678 388 1709 matrimonio.

217 1732 329 1762 Contra
341 1736 351 1750 ²
367 1743 373 1762 ε
396 1733 524 1771 Propter
539 1733 594 1764 hoc
610 1733 762 1772 relinquet
777 1732 866 1764 homo
884 1742 943 1772 pa-

176 1787 255 1817 trem
279 1789 309 1817 ei
332 1788 479 1822 mairem,
504 1788 586 1815 ete:
613 1787 732 1816 constat
753 1786 836 1825 quod
862 1786 945 1816 istud

176 1848 240 1870 non
256 1839 444 1877 intelligitur
460 1839 498 1868 ‹le
519 1838 719 1869 derelictione
736 1841 891 1877 quantum
907 1838 945 1868 ad

176 1892 439 1923 cohabitationem
460 1903 466 1921 :
486 1901 565 1930 ergo
588 1891 777 1929 intelligitur
797 1891 834 1921 de
854 1891 945 1921 dere-

175 1945 300 1976 lictione
316 1948 471 1984 quantum
494 1945 533 1975 ad
548 1944 743 1974 matrimonii
759 1944 943 1974 contractio-

175 2006 248 2027 nem
263 2007 270 2027 :
283 2007 360 2037 ergo
372 2000 458 2037 pater
472 2000 500 2028 et
514 1999 614 2027 matcr
629 2006 692 2027 non
705 1999 779 2027 sunt
792 1996 945 2035 legitimae

176 2059 318 2090 personae
337 2050 376 2081 ad
398 2050 648 2081 contrahendum
668 2052 809 2089 respectu
827 2050 900 2081 filiae
915 2054 946 2081 et

175 2103 250 2134 filii:
274 2103 334 2133 hoc
355 2105 462 2134 autem
488 2112 551 2133 non
574 2104 621 2132 est
640 2102 679 2132 ol)
703 2102 799 2140 aliud,
823 2103 885 2133 nisi
905 2103 945 2133 ob

175 2157 342 2188 vinculum
358 2156 662 2195 consanguinitatis:
679 2165 768 2195 ergo⁷
784 2158 842 2186 etc.

217 2210 293 2241 Item
309 2211 319 2226 ³
336 2222 342 2240 :
365 2211 428 2250 qu
445 2210 599 2241 Dominus
615 2209 696 2240 Deus
711 2212 830 2240 vester.-
843 2210 945 2241 nimiis

175 2262 263 2294 homo
278 2262 321 2294 acl
332 2264 517 2302 prooeimam
530 2263 702 2301 sanguinis
716 2263 770 2293 sui
784 2270 847 2294 non
861 2271 945 2293 acce-

176 2314 244 2354 dat,
261 2318 297 2347 uc
318 2315 431 2347 revelet
449 2314 684 2354 turpitudinem
706 2314 775 2353 ejus
788 2325 798 2343 .·
818 2324 897 2353 ergo
920 2316 945 2345 si

178 2370 287 2399 contra
317 2368 438 2398 Domini
467 2372 660 2408 praeceptum
691 2370 736 2397 est
767 2368 946 2407 proximam

178 2421 344 2460 sanguinis
368 2421 417 2451 sui
443 2429 653 2459 cognoscere,
684 2430 756 2451 cum
781 2421 947 2451 matrimo-

178 2474 268 2504 nium
285 2475 324 2504 sit
339 2474 520 2504 ordinatum
536 2474 574 2503 aa
594 2476 700 2503 actum
721 2473 823 2512 illum,
840 2474 947 2504 nullus

179 2536 252 2557 cum
275 2527 419 2566 proxima
438 2536 495 2557 sua
516 2528 617 2566 potest
633 2526 817 2557 contrahere
835 2527 944 2557 matri-

211 2606 218 2622 ¹
240 2606 328 2635 Ecclz„
348 2608 462 2636 x111,19;
483 2611 568 2635 xxvii,
596 2609 630 2629 10.
651 2618 679 2622 -
698 2607 706 2619 '¹
728 2606 798 2635 Gerr,
818 2612 848 2637 11,
863 2607 901 2629 24.
917 2618 944 2623 -—

178 2641 187 2657 ³
198 2641 286 2671 Leon„
298 2646 370 2671 xvnr,
382 2642 405 2664 6.

1713 178 1770 205 413

1003 242 1147 271 monium
1159 251 1166 272 :
1182 251 1258 280 ergo
1268 242 1455 281 proximitas
1465 251 1520 272 san
1526 241 1635 281 guinis
1644 241 1773 281 praestat

1003 295 1206 325 matrimonio
1221 295 1492 334 impedimentum.

1043 348 1118 378 Item
1130 372 1138 385 ,
1156 347 1241 387 quod
1264 350 1311 377 est
1328 351 1437 379 contra
1451 349 1571 379 bonum
1587 348 1692 388 prolis,
1710 349 1773 378 im-

1003 401 1088 439 pedit
1113 401 1351 431 matrimonium
1376 412 1382 431 :
1410 402 1463 431 scd
1491 402 1675 433 contrahere
1699 411 1772 432 cum

1003 455 1242 493 consanguinea
1273 457 1319 484 est
1353 457 1461 485 contra
1494 456 1612 486 bonum
1648 455 1744 496 prolis
1763 466 1770 485 :

1003 517 1091 547 crgo,
1107 511 1164 539 etc.
1180 508 1325 538 Prohatio
1338 509 1481 539 minoris.
1498 509 1671 548 Gregorius
1684 509 1770 546 dicit,

1002 564 1032 592 ct
1047 562 1182 592 habetur
1198 561 1230 591 in
1244 561 1367 591 littera:
1383 573 1396 590 «
1409 562 1561 602 Quaedam
1577 563 1627 593 lex
1640 571 1774 593 romana

1002 615 1171 654 permittit,
1192 616 1228 644 ut
1251 614 1387 645 duorum
1410 615 1543 645 fratrum
1563 618 1618 646 aut
1636 616 1772 646 duarum

1003 677 1149 698 sororum
1174 668 1259 698 filius
1279 670 1310 697 et
1332 667 1396 697 filia
1421 667 1480 697 sibi
1502 668 1773 698 matrimonialiter

1003 721 1208 760 copulentur;
1229 721 1282 751 sed
1304 721 1521 765 capcl'iiiieixto
1546 721 1713 751 didicimus
1733 730 1771 751 ex

1003 774 1057 804 tali
1071 774 1183 813 copula
1197 774 1338 804 sobolem
1353 784 1417 804 non
1433 783 1523 813 posse
1538 774 1715 804 succedere.
1734 785 1747 802 1)

1044 827 1121 857 Item
1147 827 1386 863 matrimonium
1411 829 1457 857 est
1478 827 1645 858 vinculum
1673 827 1772 857 hone-

1002 880 1106 918 statis,
1124 880 1204 910 sicut
1229 889 1324 919 supra
1343 882 1504 910 ostensum
1523 882 1586 910 cst:
1611 880 1664 910 sed
1680 882 1772 910 natu-

1003 934 1076 963 ralis
1098 934 1246 963 honestas
1262 934 1380 972 refugit
1403 933 1541 963 revelare
1564 933 1774 972 ignominiam

1003 989 1032 1017 ct
1062 987 1289 1026 turpitudinem
1317 986 1511 1025 propinqui:
1545 986 1570 1016 si
1598 996 1678 1025 ergo
1706 986 1775 1016 haec

1004 1039 1166 1078 turpitudo
1178 1038 1336 1068 revelatur
1347 1039 1379 1068 in
1388 1039 1484 1076 coitu,
1500 1039 1694 1079 quicumque
1703 1048 1775 1078 cog-

1003 1093 1104 1122 noscit
1125 1092 1333 1131 propinquam
1346 1116 1352 1129 ,
1369 1092 1440 1121 facit
1453 1094 1562 1122 contra
1575 1092 1774 1122 honestatem

1004 1145 1191 1175 naturalem.
1207 1144 1238 1175 Si
1251 1154 1329 1183 ergo
1345 1145 1589 1175 matrimonium
1604 1145 1772 1176 honestum

1003 1201 1058 1235 est,
1087 1207 1158 1228 cum
1189 1199 1450 1234 cctmsanguinitas
1478 1198 1519 1228 sit
1543 1201 1651 1229 contra
1679 1199 1774 1228 hone-

1003 1253 1113 1280 statem
1152 1251 1366 1287 matrimonii,
1401 1260 1479 1290 crgo
1513 1251 1773 1290 consanguinitas

1004 1304 1133 1343 impedit
1150 1304 1401 1334 matrimonium.

1275 1422 1499 1454 CONCLUSIO.

1003 1510 1228 1543 Consnnquz'nitas
1255 1510 1370 1545 impedit
1398 1513 1599 1538 matrimonium
1625 1503 1665 1538 ‘in'
1682 1512 1772 1546 aliquo

1036 1556 1078 1581 sin*
1098 1555 1185 1589 gradu
1207 1557 1319 1588 propter
1347 1554 1477 1581 dictamen
1504 1556 1569 1589 Ieyis
1594 1557 1715 1586 ηαίιινιες
1744 1557 1773 1582 in

1037 1599 1128 1632 aliquo
1142 1606 1212 1629 vero,
1227 1598 1372 1625 dictamine
1384 1600 1448 1632 Icsyis
1463 1599 1571 1632 (ἤνεγκα
1587 1602 1611 1626 et
1625 1601 1654 1626 in
1669 1600 1771 1634 aliquo,

1034 1646 1167 1677 prcccspto
1183 1644 1364 1670 ecclesiastico.

1042 1729 1132 1768 Pusp.
1151 1729 1190 1759 ad
1209 1738 1281 1767 arg.
1308 1729 1479 1759 Dicendum
1500 1730 1583 1768 quod
1608 1730 1771 1761 vinculum

1001 1784 1286 1821 consanguinitatis
1314 1783 1445 1821 impedit
1474 1783 1714 1814 matrimonium
1741 1785 1773 1814 iu

1001 1837 1106 1876 aliquo
1131 1836 1180 1866 sui
1210 1836 1333 1874 gradu,
1357 1838 1485 1875 propter
1508 1836 1662 1866 dictamen
1690 1837 1772 1876 legis

1000 1893 1121 1920 naturai
1136 1899 1142 1927 3
1165 1890 1195 1919 iu
1211 1890 1317 1929 aliquo
1332 1899 1418 1926 vero,
1440 1893 1566 1929 propter
1586 1890 1772 1929 prohibitio-

1001 1952 1073 1972 nem
1090 1943 1170 1981 legis
1186 1943 1322 1980 divinae3
1341 1943 1373 1972 in
1394 1942 1512 1981 aliquo,
1530 1945 1658 1982 propter
1673 1946 1772 1973 statu-

1001 1998 1067 2026 tum
1090 1995 1245 2026 Ecclesize.
1274 1995 1443 2025 Vinculum
1467 1996 1768 2035 consanguinitatis,

1000 2049 1083 2087 quod
1098 2051 1143 2079 est
1159 2049 1272 2087 stipitis
1287 2049 1323 2078 ad
1346 2049 1483 2088 prolem,
1501 2049 1629 2088 impedit
1644 2051 1771 2089 propter

1000 2102 1155 2132 dictamen
1182 2103 1324 2131 naturae:
1352 2102 1437 2132 unde
1458 2102 1602 2131 naturale
1622 2104 1668 2132 est
1688 2103 1770 2142 apud

1000 2164 1110 2185 omncs
1132 2154 1215 2194 quod
1238 2154 1320 2184 filius
1339 2163 1402 2184 non
1426 2155 1641 2193 t-011Ju11g;.ttu1¹
1661 2155 1768 2192 matri,

1000 2210 1029 2238 et
1053 2209 1137 2248 qnod
1157 2208 1222 2238 filia
1245 2217 1309 2237 nou
1332 2209 1544 2246 conjungatur
1565 2208 1657 2247 patri.
1685 2208 1723 2238 Et
1745 2209 1771 2238 si

1000 2264 1164 2301 quaeratur
1186 2262 1265 2291 ratio
1277 2285 1286 2299 ,
1303 2270 1402 2301 quare
1423 2261 1482 2291 hoc
1499 2264 1563 2298 est,
1582 2261 1768 2299 dicendum,

1001 2315 1083 2354 quod
1100 2315 1158 2344 lioc
1176 2317 1221 2344 cst
1240 2316 1366 2354 propter
1383 2314 1611 2352 reverentiam,
1628 2317 1658 2345 ct
1673 2315 1771 2345 hono-

1001 2377 1086 2405 rem,
1108 2368 1163 2407 qui
1185 2368 1276 2397 debet
1295 2368 1439 2398 exhiberi
1463 2368 1542 2408 patri
1560 2370 1590 2399 et
1613 2369 1724 2406 matri,
1741 2372 1771 2400 et

1002 2421 1071 2451 idco
1095 2430 1160 2450 non
1184 2421 1297 2451 debent
1325 2421 1541 2459 c‹.m1nisceri;
1570 2422 1616 2453 vel
1645 2424 1771 2461 propter

1002 2474 1215 2512 genta-:monis
1229 2474 1458 2504 successionem
1470 2498 1479 2513 ,
1499 2484 1573 2514 quae
1589 2475 1679 2505 debet
1696 2484 1770 2514 pro-

1001 2526 1128 2564 cedere,
1154 2536 1219 2556 non
1242 2527 1447 2557 retrocedere.
1480 2527 1565 2558 Unde
1591 2537 1655 2557 non
1678 2527 1770 2557 debet

1002 2579 1104 2618 proles
1133 2581 1240 2619 genita
1268 2581 1421 2620 conjungi
1450 2590 1508 2611 suo
1533 2581 1703 2620 principio,
1734 2582 1769 2611 ut

1000 2632 1127 2671 gignat.
1159 2634 1195 2664 Et
1213 2634 1286 2663 hinc
1315 2637 1379 2672 est,
1405 2634 1489 2673 quod
1515 2636 1629 2664 natura
1656 2634 1767 2673 dictat,

1798 2009 1882 2035 Explic.

1786 2040 1860 2067 partis,
1873 2042 1891 2061 1.
