1991 3006
537 184 632 215 DIST.
653 183 756 215 xvnl.
782 181 896 214 PART.
923 182 946 212 1.
971 180 1061 212 ART.
1082 181 1134 212 ΙΠ.
1156 181 1303 219 QUAEST.
1327 182 1365 213 ΙΙ.
1710 185 1746 212 17

152 262 202 284 11ae
220 264 226 284 :
242 261 321 292 ergo
337 251 464 283 videtur
482 251 566 290 quod
586 260 652 281 una
672 252 797 281 tantum
811 249 922 280 debeat

153 315 220 336 esse
233 306 329 336 clavis
344 304 471 335 scientia
486 306 517 333 et
532 303 680 342 potentia.

193 362 223 390 3.
240 359 318 390 Item
342 360 396 388 aut
418 357 556 397 potentia
581 356 704 396 ligandi
728 358 759 386 et
782 355 921 386 solvendi

154 410 255 449 aperit
267 418 324 449 per
338 418 370 439 se
395 408 510 445 solam,
528 410 584 437 aut
598 408 766 446 conjuncta
785 407 823 445 (a)
844 415 921 436 auc-

154 462 271 493 toritati
293 461 500 492 discernendi.
525 460 652 491 Constat
674 459 757 499 quod
782 467 846 489 non
868 467 924 498 per

154 524 186 544 se
201 514 310 551 solam,
327 515 407 544 sicut
415 513 503 553 prius
515 513 619 543 visum
630 514 675 542 est
689 523 695 542 :
708 514 738 542 et
750 512 811 542 hoc
826 513 921 550 patet,

153 568 229 607 quia
244 567 322 598 nulli
333 567 483 607 competit
496 567 533 597 de
548 566 653 605 aliquo
671 565 874 601 sententiare,
886 564 923 594 de

153 629 217 659 quo
230 629 293 650 non
312 620 460 659 competit
475 619 651 649 discernere
668 629 674 648 :
694 619 720 648 si
740 627 819 657 ergo
835 620 923 647 actus

154 673 313 712 aperiendi
330 681 393 702 non
414 672 561 711 competit
575 672 602 702 ei
617 671 677 701 0151
695 680 767 701 cum
783 670 922 707 scientia,

155 727 185 754 et
213 725 310 755 clavis
336 725 375 755 ab
401 727 472 755 actu
497 724 656 763 aperiendi
683 724 921 760 denominatur,

155 786 235 817 ergo
249 778 353 808 ambae
367 780 440 808 sunt
457 786 521 807 1103
535 778 642 807 clavis.

195 833 224 861 4.
242 831 318 861 Item
331 855 339 869 ‚
354 831 379 861 si
394 831 497 861 claves
511 831 578 861 istae
598 830 852 869 distinguuntur,
869 832 924 860 aut

156 892 251 922 penes
261 883 293 914 id
305 894 324 914 a
338 893 402 923 quo
415 886 500 921 sunt,
511 886 566 913 aut
580 883 612 913 in
622 892 696 922 (1110,
709 885 764 913 aut
778 883 811 912 10
825 882 922 922 quod.

156 936 188 966 Si
203 945 298 975 penes
312 936 343 966 id
358 945 377 966 3
391 945 465 976 (100,
480 938 515 966 01
529 936 657 966 50100113
672 945 691 965 3
705 935 783 966 Filio
794 959 801 973 ,
817 938 847 966 01
865 944 920 974 po-

155 990 252 1019 tentia
269 998 287 1019 a
311 989 417 1027 Patre3
443 991 553 1020 contra
570 989 630 1019 hoc
651 990 699 1018 est
719 997 873 1018 numerus
894 990 924 1018 et

154 1041 252 1071 ordo:
269 1051 437 1079 numerus⁷
460 1042 535 1081 quia
554 1051 627 1072 cum
648 1044 710 1071 tres
731 1042 793 1071 sint
815 1051 921 1081 perso-

154 1103 224 1131 1133,
250 1097 314 1125 tres
335 1095 484 1125 deberent
508 1104 575 1125 esse
595 1095 713 1133 claves3
731 1096 823 1134 ordo,
849 1096 924 1135 quia

155 1157 227 1177 cum
243 1148 334 1178 Pater
357 1148 531 1178 secundum
555 1148 716 1187 originem
738 1143 922 1188 praeintelli—

154 1201 257 1239 gitur‚
275 1204 410 1241 potestas
434 1202 576 1232 solvendi
600 1202 728 1241 praeiret
747 1202 921 1239 scientiam,

154 1254 239 1293 quod
253 1257 298 1285 est
319 1255 556 1285 inconveniens
582 1255 615 1285 Si
638 1264 733 1294 penes
755 1255 785 1285 id
804 1256 837 1284 in
860 1265 923 1294 quo

154 1309 238 1341 sunt,
255 1316 327 1337 cum
344 1317 421 1346 ergo
435 1307 551 1346 triplex
567 1307 606 1336 sit
621 1307 654 1336 in
668 1307 761 1337 nohis
772 1307 922 1346 potentia,

153 1359 327 1389 secundum
343 1369 439 1399 quam
455 1359 597 1390 consistit
612 1360 730 1397 imago,
745 1359 860 1398 triplex
874 1360 924 1390 (10-

154 1410 243 1441 beret
264 1421 331 1442 esse
355 1412 451 1442 clavis
468 1422 474 1441 :
491 1421 556 1441 una
577 1412 609 1442 in
629 1412 799 1449 memoria,
816 1413 876 1442 alia
892 1413 923 1442 in

154 1464 376 1503 intelligentia,
394 1466 485 1495 tertia
500 1465 533 1495 in
545 1466 720 1496 voluntate.
738 1465 793 1496 Vel
813 1466 837 1495 si
859 1475 923 1496 non

155 1517 248 1546 estin
274 1517 341 1547 istis
355 1518 488 1555 viribus,
504 1528 577 1549 cum
601 1521 664 1549 tres
685 1519 746 1548 sint
768 1519 853 1549 vires
866 1543 873 1557 ,
892 1519 923 1549 10

155 1570 272 1609 quibus
284 1573 358 1601 suut
369 1573 432 1602 tres
444 1572 587 1609 virtutes3
597 1571 747 1602 deberent
758 1574 834 1602 tunc
844 1581 923 1610 ergo

155 1632 222 1654 esse
237 1626 300 1654 tres
310 1624 424 1661 claves,
437 1635 501 1655 uua
516 1625 550 1655 in
564 1625 722 1662 rationali,
732 1626 792 1655 alia
807 1626 840 1655 in
853 1635 923 1656 con-

155 1677 349 1716 cupiscibili,
371 1680 400 1708 et
415 1679 507 1709 101113
521 1679 554 1708 10
578 1678 737 1709 irascibili.
762 1678 793 1709 Si
816 1681 922 1710 autem

155 1730 398 1769 distinguuntur
413 1740 509 1770 penes
525 1731 602 1762 illud
618 1732 656 1761 ad
673 1732 767 1771 quod⁷
780 1732 832 1762 sed
847 1732 923 1762 illud

155 1785 201 1813 est
209 1793 322 1821 unum,
333 1784 450 1814 scilicet
458 1784 579 1824 aperire
590 1793 746 1823 regnum:
761 1794 851 1823 ergo,
863 1787 921 1815 etc.

155 1836 188 1866 Si
202 1838 238 1866 tu
252 1836 338 1867 dicas
359 1837 443 1876 quod
463 1840 536 1868 suut
555 1837 594 1868 ad
616 1837 820 1875 solvendum,
838 1840 868 1867 et
888 1838 923 1867 li-

155 1889 312 1927 gandum,
329 1892 359 1920 et
371 1890 409 1920 ad
424 1890 677 1927 discernendum,
695 1890 779 1920 01113
793 1890 832 1920 ad
847 1890 921 1927 duo3

155 1944 277 1972 contra:
290 1942 337 1972 Ad
348 1942 498 1973 virtutem
509 1942 682 1981 requiritur
694 1942 782 1980 scire7
792 1945 822 1973 01
831 1943 922 1980 velle,

155 1997 186 2025 et
199 1997 439 2034 perseveranter
455 1995 579 2035 operari
595 2006 602 2026 ε
620 1995 674 2026 sed
689 1996 768 2026 scire
792 1998 821 2026 et
843 1996 924 2027 velle

155 2048 306 2079 virtutem
332 2057 397 2079 non
422 2048 695 2088 plurificant‚im0
711 2050 785 2080 sunt
804 2049 836 2080 in
860 2058 924 2081 una

155 2100 273 2131 virtute
291 2110 299 2130 ι
315 2109 396 2139 ergo
412 2100 480 2140 pari
495 2101 616 2131 ratione
630 2110 687 2131 nec
703 2101 879 2133 discernere
894 2105 923 2133 et

155 2153 276 2183 solvere
295 2153 477 2193 plurificant
491 2154 605 2191 claves,
623 2154 676 2185 sed
692 2156 767 2184 sunt
780 2164 845 2185 una
859 2155 921 2185 cla-

154 2215 212 2236 Vls.

427 2275 650 2307 CONCLUSlO.

157 2354 246 2381 Clavis
266 2355 445 2386 discretionis,
464 2357 489 2382 et
504 2356 588 2383 clavis
608 2364 665 2390 quae
684 2359 719 2383 est
738 2359 858 2391 potentia.
880 2358 924 2383 ab·

190 2399 319 2430 solvendi,
332 2401 392 2426 sunt
403 2399 460 2426 duae
471 2400 558 2427 claves
568 2399 716 2431 distinctae,
727 2408 786 2427 cum
800 2401 924 2427 discretio

191 2445 215 2469 et
230 2443 359 2470 absolutio
373 2444 429 2470 sint
444 2443 493 2470 cluo
508 2446 591 2470 actus.

197 2521 287 2562 Resp.
304 2522 343 2553 ad
354 2532 427 2562 arg.
444 2523 488 2554 Ad
505 2523 729 2562 praedictorum
745 2523 924 2563 intelligen-

157 2573 233 2605 tiam
249 2577 296 2606 est
310 2575 495 2613 notandum,
514 2576 599 2616 quod
614 2576 772 2607 distinctio
787 2577 926 2608 clavium

189 2636 223 2666 sta)
240 2637 300 2661 Caet.
316 2638 375 2661 edit.
390 2637 511 2668 injuncta.

279 2690 352 2713 mn.
369 2690 413 2713 νι.

977 248 1200 288 praedictarum
1216 248 1427 280 diversimode
1445 248 1582 279 sumitur
1603 257 1622 278 3
1641 247 1746 279 diver—

978 302 1032 331 sis.
1050 302 1183 338 Quidam
1200 302 1284 331 enim
1300 302 1531 332 distinctionem
1546 301 1660 332 harum
1683 301 1745 332 cla-
1761 314 1866 342 Opinioi.

978 355 1068 385 vium
1093 356 1224 384 sumunt
1242 363 1337 393 penes
1358 355 1400 391 id,
1417 364 1435 385 3
1457 363 1520 394 quo
1540 356 1633 392 sunt,
1655 356 1685 385 et
1708 355 1746 385 ad

978 407 1062 446 quod
1082 406 1216 436 finaliter
1231 407 1397 437 reducunt.
1421 407 1534 437 Dicunt
1554 407 1640 437 enim
1662 408 1746 447 quod

978 460 1059 489 sicut
1069 460 1100 489 in
1116 459 1238 497 angelis
1249 461 1296 489 est
1309 459 1487 490 hierarchia
1500 459 1692 490 descendens
1706 460 1745 490 ab

979 512 1158 543 hierarchia
1173 512 1402 551 supercoelesti,
1424 514 1454 542 et
1474 513 1512 543 ad
1535 512 1622 543 illam
1637 522 1746 543 35000-

978 565 1055 595 dens
1069 589 1078 602 ,
1095 567 1124 595 et
1139 565 1264 595 rediens
1274 589 1281 602 ,
1298 565 1342 594 510
1357 567 1403 594 est.
1418 565 1450 594 in
1464 566 1618 596 militante
1639 565 1744 596 Eccle-

979 618 1036 648 sia.
1056 618 1088 647 ln
1105 617 1249 656 angelica
1269 620 1376 648 autem
1398 617 1586 655 hierarchia,
1607 619 1688 649 sicut
1700 618 1746 648 di-

979 671 1019 701 cit
1037 670 1212 710 Dionysius,
1231 673 1277 701 est
1292 670 1380 708 ordo,
1397 670 1544 708 scientia,
1560 673 1591 701 et
1608 672 1698 709 actio,
1716 671 1747 701 id

978 726 1034 761 est,
1053 726 1189 762 potestas
1201 723 1346 754 ordinata
1360 723 1489 754 scientia
1504 725 1534 753 et
1555 723 1687 761 actione,
1705 724 1748 754 ita

978 777 1063 816 quod
1079 779 1214 816 potestas
1228 777 1414 817 respondeat
1424 776 1519 815 Patri,
1535 779 1565 807 et
1577 777 1645 808 haec
1655 787 1748 818 appa-

978 832 1026 860 ret
1040 830 1073 859 in
1086 829 1237 867 Thronis3
1251 830 1379 860 scientia
1389 829 1478 868 Filio,
1495 832 1525 860 et
1539 830 1608 860 haec
1618 833 1747 870 apparet

979 884 1012 913 in
1028 883 1206 921 Cherubim
1224 886 1255 913 et
1279 883 1377 921 actio,
1401 883 1467 914 sive
1486 892 1566 922 opus
1578 907 1586 921 ,
1615 882 1747 922 Spiritui

979 939 1100 973 sancto,
1123 939 1153 967 et
1181 937 1249 967 haec
1273 938 1404 976 apparet
1429 936 1462 966 in
1486 936 1664 976 Seraphim.
1690 936 1749 967 Per

979 989 1065 1020 huuc
1085 990 1215 1020 modum
1237 992 1283 1020 est
1303 989 1482 1028 intelligere
1509 989 1541 1019 in
1572 989 1750 1020 hierarchia

980 1042 1186 1072 ecclesiastica
1201 1066 1208 1079 ,
1227 1051 1300 1082 quae
1326 1042 1465 1072 maxime
1491 1042 1630 1072 consistit
1654 1051 1750 1081 penes

979 1098 1214 1125 sacramentum
1229 1095 1366 1133 ordinis,
1383 1095 1415 1124 111
1440 1104 1503 1134 quo
1519 1095 1678 1125 confertur
1690 1104 1749 1135 po-

979 1150 1072 1178 testas
1088 1148 1233 1179 ordinata
1252 1148 1382 1178 scientia
1402 1150 1433 1178 et
1458 1148 1580 1178 actione
1596 1158 1601 1178 :
1620 1150 1651 1178 et
1668 1148 1750 1179 hanc

979 1201 1089 1232 dicunt
1102 1204 1287 1241 potestatem
1307 1201 1464 1239 clavium,
1481 1210 1553 1240 quae
1567 1201 1749 1241 complecti-

980 1256 1031 1284 tur
1045 1257 1151 1284 actum
1164 1254 1372 1292 discernendi,
1384 1256 1415 1284 01
1429 1254 1572 1285 solvendi
1587 1265 1593 1284 :
1610 1254 1653 1284 113
1664 1254 1748 1294 quod

979 1308 1115 1345 potestas
1133 1307 1320 1346 respondeat
1336 1305 1419 1337 Patri
1431 1330 1440 1344 ,
1459 1309 1489 1337 et
1508 1307 1636 1337 scientia
1657 1306 1748 1343 Filio,

980 1361 1010 1388 et
1034 1368 1114 1398 opus
1138 1359 1268 1398 Spiritui
1287 1361 1406 1390 sancto.
1430 1360 1468 1390 Et
1493 1360 1667 1390 secundum
1693 1360 1751 1391 hos

980 1414 1054 1441 sunt
1070 1412 1102 1441 in
1124 1412 1284 1443 sacerdote
1299 1415 1361 1443 tres
1375 1415 1563 1452 potestates:
1582 1422 1647 1444 una
1665 1413 1750 1452 prin-

980 1463 1098 1503 cipalis,
1115 1467 1146 1494 et
1160 1465 1274 1504 prima,
1291 1474 1364 1504 quse
1379 1468 1426 1496 est
1443 1466 1509 1505 ipse
1524 1466 1610 1503 ordo,
1627 1465 1676 1496 vel
1692 1475 1748 1505 po·

981 1517 1076 1546 testas
1089 1517 1288 1554 conficiendi3
1307 1517 1443 1548 secunda
1464 1520 1509 1548 est
1533 1520 1668 1558 potestas
1684 1518 1750 1549 dis-

980 1569 1138 1606 cernendi,
1159 1571 1189 1599 et
1203 1569 1294 1599 tertia
1308 1570 1490 1601 absolvendi
1510 1581 1516 1600 :
1534 1573 1569 1601 ut
1595 1571 1638 1601 sic
1653 1580 1749 1611 appa-

980 1624 1048 1651 reat
1062 1622 1288 1660 pert'ectissima
1303 1623 1503 1662 pulchritudo
1525 1624 1556 1654 in
1576 1624 1687 1654 ordine
1701 1633 1752 1654 ec-

981 1674 1151 1705 clesiastico
1161 1675 1336 1706 secundum
1344 1676 1656 1715 repraesentationem
1667 1677 1751 1708 illius

980 1728 1152 1766 superioris
1165 1728 1398 1767 perfectissima}
1414 1729 1584 1761 Trinitatis.
1602 1730 1634 1761 Si
1644 1732 1750 1761 autem

981 1783 1015 1810 tu
1030 1789 1156 1819 quaeras
1171 1781 1210 1811 ab
1225 1781 1275 1812 his
1294 1791 1391 1821 quare
1408 1784 1546 1822 potestas
1567 1784 1751 1814 conficiendi

981 1841 1044 1863 non
1063 1836 1109 1864 est
1132 1834 1250 1871 clavis,
1266 1835 1458 1874 respondent
1480 1836 1555 1875 quia
1575 1845 1638 1867 non
1652 1836 1751 1867 estad

980 1886 1127 1923 alterum,
1144 1886 1384 1926 sicutillaeduae,
1392 1888 1474 1919 sicut
1481 1889 1640 1920 videbitur
1650 1889 1748 1920 infra:

981 1940 1011 1968 01
1025 1939 1093 1969 haec
1105 1940 1233 1978 quidem
1244 1940 1356 1979 positio
1365 1941 1438 1971 satis
1448 1942 1618 1981 probabilis
1626 1942 1751 1973 videtur

980 2001 1057 2022 0550.
1075 1992 1135 2023 Alii
1153 1995 1285 2023 sumunt
1300 1993 1455 2024 rationem
1470 1994 1685 2034 distinguendi
1699 2005 1750 2035 pe·
1765 2007 1828 2035 opin.
1850 2009 1869 2028 2.

980 2055 1036 2076 nes
1055 2046 1086 2076 id
1110 2046 1142 2076 in
1163 2056 1226 2086 quo
1253 2049 1343 2084 sunt,
1371 2049 1401 2077 et
1423 2049 1531 2078 contra
1553 2048 1639 2088 quod
1663 2051 1747 2080 sunt.

981 2098 1092 2128 Dicunt
1107 2098 1192 2129 euim
1207 2100 1292 2139 quod
1305 2100 1356 2130 hae
1369 2100 1441 2131 duae
1455 2100 1559 2131 claves
1575 2101 1749 2141 respiciunt

981 2150 1173 2181 intellectum
1192 2153 1222 2182 et
1245 2152 1405 2190 affectum,
1422 2154 1615 2184 removendo
1633 2154 1750 2194 duplex

982 2203 1103 2234 malum
1116 2204 1207 2234 nobis
1222 2204 1391 2243 inflictum,
1408 2206 1526 2237 scilicet
1537 2216 1679 2238 errorem
1695 2217 1751 2247 per

982 2256 1162 2294 5010011301,
1191 2259 1222 2287 01
1245 2258 1463 2289 difficultatem
1491 2268 1547 2299 per
1566 2260 1749 2292 absolvendi

982 2310 1165 2348 potentiam.
1185 2310 1245 2341 Sed
1261 2311 1318 2342 iste
1335 2312 1448 2342 modus
1461 2312 1568 2343 minus
1580 2313 1751 2354 probabilis

983 2365 1028 2392 est
1041 2372 1139 2402 quam
1156 2364 1280 2402 primus
1297 2375 1303 2393 :
1320 2366 1389 2394 tum
1404 2365 1479 2404 quia
1493 2366 1667 2397 secundum
1687 2376 1752 2397 rec-

983 2415 1047 2443 tam
1062 2414 1147 2444 viam
1163 2413 1398 2445 distinctionem
1417 2415 1555 2446 clavium
1570 2425 1635 2447 non
1650 2417 1751 2456 inqui-

984 2467 1043 2503 rit;
1061 2470 1130 2497 tum
1153 2467 1239 2506 quia,
1258 2468 1315 2498 etsi
1330 2469 1458 2499 scientia
1473 2469 1558 2499 sitin
1580 2469 1750 2507 intellectu,

984 2523 1089 2550 tamen
1105 2520 1275 2551 auctoritas
1295 2521 1491 2553 discernendi
1506 2522 1540 2552 in
1561 2522 1670 2553 eadem
1694 2531 1752 2561 po-

984 2575 1081 2606 tentia
1096 2579 1152 2611 est,
1166 2578 1201 2605 ut
1211 2576 1337 2607 videtur
1351 2579 1467 2617 aperte⁷
1482 2587 1555 2608 cum
1569 2577 1752 2608 auctoritate

985 2628 1138 2666 solvendi,
1156 2629 1223 2659 sive
1237 2630 1456 2661 sententiandi.
1471 2630 1539 2662 Non
1551 2632 1657 2661 autem
1673 2632 1753 2660 recte

1618 2686 1636 2713 2

1766 2325 1861 2352 Improb.
