1991 3006
867 209 1052 240 ntSTlNCT.
1078 209 1153 240 XLI.
1748 212 1805 240 419

223 276 451 320 sanguinitatis
470 288 526 321 per
549 276 669 319 gradus
684 275 886 319 cognationis
902 276 1023 320 placuit
1044 287 1148 320 usque
1173 275 1213 308 ad
1238 277 1407 319 septimam
1434 275 1676 319 generationem
1699 275 1808 309 obser-

221 345 309 366 vare.
327 334 410 366 Nam
427 338 457 366 et
473 334 642 367 haereditas
657 345 767 366 rerum
786 345 843 377 per
864 333 984 376 legales
999 334 1294 366 instrumentorum
1311 333 1526 366 diffinitiones
1540 334 1663 366 sancita
1676 359 1684 375 ‚
1701 344 1806 377 usque

220 391 260 424 ad
275 392 450 436 septimum
467 391 605 434 gradum
623 391 789 424 haeredum
806 391 969 435 protendit
989 391 1234 424 successionem.
1248 390 1321 422 Non
1337 391 1423 423 enim
1447 391 1666 432 succederent,
1684 391 1747 424 nisi
1761 391 1807 424 eis

220 449 258 481 de
274 449 453 492 propagine
466 449 669 491 cognationis
683 448 867 481 deberetur.
887 461 902 477 »
921 448 978 480 His
993 448 1239 481 auctoritatibus
1256 448 1443 480 insinuatur
1458 452 1489 480 et
1504 459 1576 492 quae
1593 449 1634 481 sit
1648 448 1803 490 affinitas,

217 509 248 538 et
263 517 367 550 usque
382 506 421 538 ad
437 517 535 549 quem
551 506 690 549 gradum
706 506 747 538 sit
761 505 962 538 observanda
975 531 982 545 ‚
995 506 1118 538 scilicet
1131 517 1234 549 usque
1249 505 1289 537 ad
1305 506 1491 549 septimum.

261 562 323 595 Sed
339 563 394 596 alii
409 563 564 596 videntur
578 563 751 595 concedere
766 563 800 595 in
811 563 927 607 quinta
938 564 1147 606 generatione
1162 563 1247 596 inter
1259 562 1375 595 affines
1390 564 1537 596 contrahi
1552 565 1756 609 conjugium,
1774 569 1804 598 et

215 620 250 653 in
267 624 382 664 quarta
402 620 511 662 etiam,
529 620 556 652 si
571 624 776 652 contractum
791 620 890 652 fuerit
904 647 911 661 ,
928 632 993 653 non
1018 621 1171 665 separari.
1194 621 1250 653 Ait
1273 621 1361 654 enim
1386 621 1551 654 Fabianus
1570 622 1658 666 Papa
1672 624 1680 639 ¹
1699 635 1706 655 ε
1728 622 1804 655 «De

217 677 431 722 propinquis,
449 678 507 722 qui
527 677 567 710 ad
589 677 781 710 affinitatem
802 689 859 721 per
875 678 983 711 virum
999 683 1030 710 et
1054 690 1191 711 uxorem
1207 678 1362 719 veniunt,
1378 678 1531 711 defuncta
1546 691 1647 712 uxore
1663 680 1715 712 vel
1733 680 1804 713 viro

215 734 249 767 in
276 735 392 779 quinta
412 735 641 778 generatione,
664 735 868 778 jungantur3
892 735 926 767 in
951 740 1067 780 quarta
1090 737 1116 768 si
1138 736 1260 769 inventi
1285 736 1430 777 fuerint,
1456 747 1522 769 non
1547 742 1748 781 separentur.
1766 738 1804 770 In

214 792 309 824 tertia
325 804 401 825 vero
416 792 658 837 propinquitate
679 804 747 825 non
769 793 843 825 licet
865 804 999 827 uxorem
1024 794 1159 827 alterius
1183 794 1326 838 accipere
1348 798 1419 838 post
1436 794 1562 827 obitum
1580 795 1662 839 ejus.
1678 795 1805 839 AEqua-

213 849 288 882 liter
305 850 528 894 virjungatur
550 850 585 882 in
601 850 811 883 matrimonio
827 851 872 883 eis
886 877 893 891 ‚
911 862 983 895 qua}
1006 852 1067 883 sihi
1089 852 1340 895 consanguineas
1355 856 1451 892 sunt,
1471 856 1503 885 et
1517 852 1628 885 uxoris
1642 864 1709 885 suae
1729 864 1805 886 con-

217 908 406 950 sanguineis
421 934 429 949 ,
446 911 518 952 post
533 912 671 940 mortem
687 908 810 940 uxoris.
831 921 847 939 ›>
866 909 946 941 Ecce
961 909 1013 941 hic
1031 909 1219 942 conceditur
1234 910 1269 941 in
1284 910 1400 953 quinta
1414 910 1465 943 vel
1481 914 1598 955 quarta
1612 910 1804 955 propinqui-

215 969 281 1006 tate*
299 965 452 998 affinium
475 965 546 997 fieri
569 965 773 1008 conjugium.
801 966 911 998 Julius
933 967 1030 999 etiam
1053 967 1141 1011 Papa
1165 967 1210 999 ait
1225 967 1234 982 '³
1262 980 1268 999 :
1298 981 1313 998 «
1339 967 1505 1001 Statutum
1530 973 1577 1000 est
1601 972 1638 1001 ut
1658 968 1803 1001 relictam

212 1022 314 1066 patris
337 1022 449 1055 uxoris
470 1033 535 1055 sua}
550 1048 558 1063 ‚
587 1022 733 1054 relictam
762 1023 871 1055 fratris
896 1024 1008 1056 uxoris
1030 1035 1117 1065 suae,
1145 1028 1175 1056 et
1201 1024 1347 1057 relictam
1373 1025 1434 1058 filii
1458 1026 1570 1058 uxoris
1595 1037 1682 1067 suae,
1707 1037 1803 1058 nemo

212 1079 274 1112 sibi
297 1080 332 1112 in
354 1080 603 1112 matrimonium
627 1084 756 1121 sumat3
773 1081 918 1113 relictam
944 1092 1080 1113 uxorem
1102 1082 1424 1123 consanguineorum
1441 1083 1553 1116 uxoris
1567 1094 1634 1116 suae
1649 1083 1802 1128 usquein

213 1138 340 1170 tertiam
355 1138 545 1182 progeniem
560 1149 655 1170 nemo
672 1138 705 1170 in
723 1149 858 1170 uxorem
875 1143 994 1171 sumat.
1016 1139 1049 1171 [n
1066 1143 1184 1183 quarta
1199 1150 1276 1173 vero
1291 1144 1322 1172 et
1337 1141 1453 1184 quinta
1470 1141 1497 1173 si
1512 1141 1638 1174 inventi
1654 1141 1778 1174 fuerint
1792 1167 1800 1183 ,

210 1206 276 1228 non
291 1200 494 1239 separentur.
513 1208 530 1225 n
546 1195 626 1228 Ecce
642 1207 741 1240 quam
758 1196 846 1228 varie
865 1196 903 1228 de
919 1197 1088 1229 affinitatis
1103 1197 1328 1230 observatione
1350 1198 1535 1242 loquuntur
1550 1202 1699 1231 auctores
1717 1211 1723 1230 :
1741 1198 1798 1231 alii

210 1253 298 1285 enim
322 1265 426 1297 usque
447 1253 487 1286 ad
511 1253 686 1297 septimum
711 1253 850 1296 gradum
875 1265 945 1286 ean]
970 1254 1135 1286 observari
1159 1255 1329 1296 sanciunt;
1359 1255 1415 1287 alii
1440 1267 1517 1289 vero
1544 1257 1578 1288 in
1609 1256 1725 1301 quinto
1749 1257 1801 1290 vel

212 1314 329 1353 quarto
345 1310 554 1343 matrimonia
569 1314 733 1343 contracta
747 1322 813 1343 non
827 1311 990 1344 dividunt.
1009 1311 1073 1344 Sed
1088 1311 1137 1344 illi
1153 1312 1297 1344 veritatis
1320 1312 1461 1355 rigorem
1477 1340 1484 1355 ‚
1501 1314 1554 1346 isti
1570 1313 1800 1347 misericordiae

210 1367 484 1411 dispensationem
510 1368 664 1401 videntur
690 1379 882 1413 proponere.
909 1369 1019 1401 Potest
1042 1369 1130 1401 enin]
1154 1369 1295 1402 Ecclesia
1319 1370 1504 1414 dispensare
1528 1371 1562 1403 in
1586 1372 1705 1416 copula
1728 1372 1801 1404 affi-

210 1426 303 1457 nium
318 1437 422 1470 usque
437 1426 476 1458 ad
494 1426 625 1458 tertium
642 1426 781 1469 gradum
797 1452 805 1467 ,
828 1426 910 1458 sicut
925 1426 1102 1469 Gregorius
1122 1427 1321 1471 dispensavit
1344 1428 1377 1460 in
1403 1432 1520 1472 quarto
1541 1429 1646 1471 gradu
1663 1440 1799 1462 consan-

209 1482 391 1525 guinitatis
409 1483 495 1516 Illud
511 1488 620 1516 autem
637 1495 703 1516 non
719 1488 765 1516 est
781 1484 1045 1528 praetereundum
1062 1510 1070 1526 ‚
1087 1485 1174 1528 quod
1190 1485 1368 1528 Gregorius
1377 1486 1519 1519 Venerio
1535 1487 1683 1531 episcopo
1699 1487 1800 1532 scrip-

209 1541 250 1573 sit
264 1540 274 1556 ³
292 1553 298 1572 :
320 1554 335 1571 «
351 1540 468 1573 Sedem
483 1541 704 1585 Apostolicam
733 1542 903 1574 consulere
926 1541 1119 1581 decrevisti,
1145 1542 1171 1573 si
1196 1542 1316 1574 mulier
1338 1543 1455 1586 copula
1480 1544 1621 1588 nuptiali
1641 1548 1796 1578 extraneo

207 1598 279 1631 viro
294 1599 486 1643 conjuncta,
503 1600 690 1642 cognationi
713 1599 783 1643 ejus
807 1600 989 1644 pertineat,
1006 1599 1032 1632 si
1048 1610 1085 1632 eo
1109 1599 1261 1632 defuncto
1285 1601 1434 1643 cognatio
1455 1605 1604 1642 maneat,
1623 1602 1675 1635 vel
1695 1602 1721 1634 si
1736 1603 1797 1635 sub

207 1656 271 1689 alio
286 1657 358 1689 viro
374 1657 576 1700 cognationis
590 1657 749 1690 vocabula
764 1657 985 1690 dissolvantur
1000 1683 1007 1697 ,
1025 1657 1076 1689 vel
1101 1657 1127 1689 si
1149 1661 1303 1701 snsceptae
1318 1658 1444 1690 soboles
1458 1659 1581 1702 possint
1594 1659 1740 1702 legitime
1755 1660 1796 1693 ad

207 1714 325 1758 prioris
340 1714 403 1747 viri
418 1715 620 1757 cognationis
636 1715 773 1748 transire
796 1715 960 1759 copulam.
979 1715 1014 1747 Si
1039 1727 1106 1747 una
1128 1727 1201 1747 caro
1224 1715 1329 1757 fiunt,
1352 1716 1517 1759 quomodo
1539 1716 1660 1761 aliquis
1682 1729 1795 1750 eorum

206 1775 311 1815 potest
327 1772 531 1816 propinquus
545 1773 603 1805 uni
618 1773 796 1816 pertinere,
813 1773 875 1805 nisi
898 1773 1058 1816 pertineat
1080 1773 1196 1805 alteri?
1214 1773 1282 1805 Hoc
1300 1773 1435 1806 minime
1457 1785 1548 1818 posse
1570 1774 1641 1807 fieri
1663 1775 1795 1808 creden-

205 1829 284 1862 dum
301 1834 360 1863 est.
378 1830 480 1863 Porro
496 1842 564 1863 uno
578 1830 732 1863 defuncto
747 1830 782 1863 in
796 1830 968 1874 superstite
984 1830 1129 1862 affinitas
1143 1841 1208 1862 non
1224 1830 1372 1872 deletui-3
1390 1842 1448 1863 nec
1471 1831 1535 1864 alia
1550 1832 1667 1876 copula
1681 1833 1794 1877 conju-

205 1887 287 1930 galis
308 1887 501 1920 affinitatem
525 1888 649 1932 copula}
673 1888 790 1932 prioris
814 1888 938 1920 solvere
960 1887 1066 1928 valet3
1089 1887 1143 1920 sed
1168 1899 1226 1920 nec
1249 1888 1384 1921 alterius
1409 1888 1646 1932 conjunctionis
1669 1890 1794 1923 soboles

205 1944 310 1988 placet
330 1944 369 1977 ad
385 1944 555 1977 affinitatis
569 1945 687 1989 prioris
702 1945 764 1978 viri
786 1946 985 1978 consortium
1003 1944 1152 1978 transire.
1173 1945 1208 1978 Si
1223 1946 1298 1990 quis
1312 1957 1389 1989 ergo
1405 1946 1558 1990 sacrilege
1574 1951 1605 1980 et
1620 1949 1791 1982 temerario

205 2012 289 2034 ausu
305 2002 340 2034 in
355 2002 507 2035 defuncto
522 2003 641 2047 quaerit
662 2002 940 2047 propinquitatem
956 2003 1148 2046 extinguere
1162 2029 1170 2044 ‚
1188 2004 1239 2036 vel
1254 2003 1315 2036 sul)
1329 2004 1430 2036 altero
1446 2004 1617 2038 affinitatis
1631 2006 1791 2039 vocabulo

204 2058 374 2103 dissipare,
392 2060 444 2092 vel
459 2060 485 2092 si
503 2064 683 2104 susceptam
699 2060 843 2093 sobolem
859 2061 992 2093 alterius
1009 2061 1135 2104 copulae
1146 2061 1384 2105 propinquitati
1398 2061 1515 2105 prioris
1530 2062 1631 2096 credit
1645 2063 1790 2106 legitime

203 2117 330 2158 sociari,
348 2117 400 2149 hic
420 2121 517 2160 negat
531 2117 589 2149 Dei
604 2118 742 2150 verbum
758 2118 905 2151 validum
921 2130 988 2151 esse
1008 2118 1112 2162 (quod
1128 2118 1211 2151 dixit
1228 2119 1237 2135 ⁶
1254 2130 1260 2149 t
1280 2120 1393 2151 Erunt
1407 2118 1470 2152 duo
1486 2120 1522 2152 in
1539 2132 1637 2154 carne
1651 2122 1754 2166 una).
1773 2136 1789 2154 »

204 2173 283 2206 Ecce
298 2173 350 2207 hic
365 2174 515 2219 prohibet
531 2201 539 2216 ,
556 2175 582 2207 si
600 2179 729 2208 mortuo
746 2175 851 2220 primo
867 2176 938 2208 viro
954 2187 1038 2208 uxor
1053 2176 1123 2219 ejus
1137 2176 1192 2208 alii
1209 2176 1357 2220 nupserit
1371 2203 1378 2218 ‚
1397 2177 1482 2210 filios
1500 2178 1539 2210 de
1562 2179 1705 2212 secundo
1720 2180 1792 2213 viro

205 2231 331 2274 genitos
347 2232 463 2264 ducere
478 2243 597 2265 uxores
617 2232 656 2264 sle
671 2233 862 2275 cognatione
878 2233 995 2277 prioris
1015 2233 1075 2265 viri
1091 2246 1099 2275 3
1118 2233 1196 2278 quia
1211 2234 1285 2276 filii,
1303 2234 1464 2268 mediante
1485 2240 1600 2278 matre,
1618 2237 1658 2270 ad
1674 2249 1792 2281 cogna-

204 2287 326 2321 tionem
343 2289 460 2333 prioris
474 2289 538 2321 viri
553 2289 729 2333 pertinent,
745 2302 819 2322 cnm
835 2302 901 2334 quo
918 2294 1020 2323 mater
1035 2302 1148 2323 eorum
1164 2303 1230 2324 una
1243 2303 1316 2325 caro
1332 2292 1492 2325 extiterat.
1510 2293 1579 2326 Hoc
1593 2294 1678 2327 idem
1691 2296 1788 2328 etiam

204 2345 413 2379 Innocentius
428 2347 516 2391 Papa
532 2348 576 2379 ait
590 2347 599 2361 *³
618 2361 624 2378 z
644 2362 659 2379 «
679 2348 714 2381 Si
730 2360 797 2393 qna
817 2349 938 2381 mulier
959 2349 999 2381 ad
1014 2349 1173 2381 secundas
1191 2350 1323 2393 nuptias
1338 2350 1520 2393 transierit,
1536 2356 1567 2384 et
1582 2363 1622 2384 ex
1636 2353 1681 2385 eis
1698 2354 1792 2386 sobo·

204 2402 268 2436 lem
293 2405 466 2447 genuerit,
484 2404 674 2438 nullatenus
698 2410 800 2450 potest
824 2406 863 2438 ad
888 2407 1088 2439 consortium
1111 2407 1316 2449 cognationis
1337 2408 1457 2452 prioris
1472 2408 1535 2441 viri
1555 2410 1750 2454 pertingere.
1772 2425 1787 2442 »

204 2459 273 2492 Hoc
287 2465 395 2494 autem
410 2462 651 2495 observandum
674 2467 720 2495 est
745 2475 848 2508 usque
874 2464 914 2496 ad
940 2465 1116 2508 septimum
1139 2465 1267 2507 generis
1282 2465 1442 2508 gradum;
1460 2467 1515 2500 sed
1531 2468 1672 2501 maxime
1687 2480 1790 2512 usque

205 2517 245 2550 ad
261 2518 393 2551 tertium
408 2524 440 2551 et
453 2525 609 2564 quartum
624 2546 632 2561 ‚
650 2521 733 2553 sicut
746 2533 845 2566 supra
860 2522 1002 2565 positum
1019 2526 1076 2554 est.

1839 576 1907 597 Variae

1823 608 1916 628 traditio-

1818 644 1856 658 nes
1862 638 1888 659 de
1895 638 1923 658 af-

1824 668 1912 689 finitate.

249 2575 289 2607 Et
304 2579 349 2608 est
364 2577 531 2610 sciendum
545 2605 553 2620 ‚
571 2578 660 2622 quod
675 2579 817 2611 Ecclesia
838 2579 923 2612 infra
944 2580 1115 2624 praedictos
1139 2581 1260 2624 gradus
1282 2582 1574 2626 consanguinitatis
1597 2583 1788 2627 conjunctos
1804 2602 1836 2620 A„
1859 2606 1910 2621 con.

239 2648 242 2660 ¹
258 2646 330 2677 thid„
346 2654 368 2670 c.
386 2647 420 2671 De
432 2650 620 2680 prop1'nq1cis.—-
636 2650 644 2663 ²
661 2649 732 2679 1hid.,
745 2657 766 2674 c.
782 2651 815 2674 Et
833 2650 875 2674 hoc
890 2658 993 2682 qnoque.
1004 2653 1051 2669 —-³
1066 2653 1177 2676 Habetur
1190 2660 1258 2677 caus.
1276 2659 1354 2684 xxxv,
1372 2661 1396 2684 q.
1416 2660 1440 2683 x,
1457 2660 1479 2676 c.
1498 2654 1679 2677 Frater-nitatis
1692 2657 1787 2679 vestroe.

206 2695 235 2700 --
249 2682 258 2698 δ
271 2682 342 2713 Gen-7
355 2688 384 2712 11,
396 2684 434 2708 24.
445 2696 475 2702 —-
489 2685 499 2700 ⁶
510 2685 622 2709 Habetur
638 2692 705 2709 caus.
722 2691 798 2717 XXXV,
815 2693 839 2717 q.
857 2692 884 2716 x,
896 2693 919 2710 c.
936 2687 965 2709 Si
977 2694 1024 2718 qua
1039 2687 1139 2711 mulier.
1156 2689 1182 2712 ln
1195 2689 1297 2712 Dect-eto
1314 2689 1386 2712 aliter
1398 2689 1541 2712 reseruntur
1551 2689 1629 2714 verba
1639 2690 1785 2714 lnnocentii,
