1991 3006
121 183 180 212 422
679 179 988 211 SENTENTIARUM
1011 181 1083 212 LlB.
1109 181 1157 213 IV.

122 249 228 287 utpote
249 247 324 287 qnia
346 246 545 286 persequitur
564 255 697 278 uxorem
718 248 789 278 odio
805 248 893 287 capi-

121 300 175 331 tali
192 300 382 339 (Extravag.
399 299 438 330 de
450 300 650 331 restitutione
665 301 889 340 spoliatorum,

119 363 144 384 c.
158 355 306 390 Litteras,
318 353 352 383 in
362 353 433 391 sine)
442 352 589 389 Quintus
599 362 690 385 casus
700 356 757 391 est,
765 354 891 393 quando

118 407 184 445 ille,
203 407 258 447 qui
278 406 360 445 agit,
379 406 516 436 alterum
530 407 676 446 spoliavit
690 408 758 437 sine
777 417 887 445 «niusa,

117 460 232 490 dicitur
248 458 333 499 quod
344 468 408 489 uon
423 458 515 489 debet
527 460 662 498 restitui,
679 470 764 490 cans.
782 470 886 498 xxm,

117 514 229 552 quaest.
247 516 276 550 1,
297 522 324 543 c.
342 512 384 542 De
403 512 570 544 Benedicta
588 514 640 553 (α’).
662 513 741 544 illud
757 523 820 544 non
843 517 889 545 est

116 575 346 606 usquequaque
354 574 466 596 verum
482 577 488 596 z
501 566 555 597 sed
563 567 689 606 quando
696 577 760 597 una
772 567 806 606 (b)
820 568 887 598 vult

116 620 232 657 redire,
249 622 279 650 et
293 620 372 650 alter
389 629 452 650 non
471 620 555 658 vult,
572 620 598 650 si
613 630 677 651 non
693 620 786 651 habet
803 622 885 661 quod

115 673 241 712 objiciat
259 672 438 711 manifeste,
460 682 500 703 ex
518 675 591 703 tunc
614 674 722 713 incipit
737 674 882 713 spoliare.

434 790 501 811 DUB.
527 789 559 810 11.

112 857 176 881 Cum
199 857 267 887 duo,
295 856 333 880 vel
357 858 425 886 tres,
447 862 478 878 cx
498 854 724 885 propinquioribus
748 858 815 888 ejus,
842 859 884 889 qui

143 894 283 923 accusatur,
305 892 371 915 hanc
395 890 609 922 propinquitatem
628 890 774 921 juramento
797 893 881 917 firma—

142 927 234 952 verint.

150 995 279 1026 Videtur
302 997 384 1027 male
405 997 523 1035 dicere,
547 998 623 1037 quia
641 1007 784 1037 personae
808 1008 880 1037 pro-

110 1049 236 1088 pinquae
251 1051 326 1080 sunt
340 1052 493 1090 suspectae
509 1062 515 1081 z
529 1060 609 1090 ergo
624 1060 686 1081 non
701 1051 814 1081 debent
832 1061 879 1082 re-

108 1102 167 1141 cipi
190 1102 229 1132 ad
251 1103 494 1134 testificandum.
517 1104 612 1134 Juxta
634 1104 692 1134 hoc
713 1104 878 1144 quaeritnr,

107 1154 163 1194 qui
178 1157 311 1194 possunt
327 1157 565 1187 matrimonium
584 1166 742 1187 accusare.

147 1208 237 1248 Resp.
264 1208 435 1240 Dicendum
462 1211 548 1250 quod
572 1211 728 1241 accusatio
754 1214 880 1251 propter

105 1271 201 1302 qnam
217 1262 308 1293 dehet
324 1263 392 1293 fieri
411 1263 599 1302 divortium,
621 1267 675 1295 aut
691 1266 736 1295 est
752 1265 789 1295 de
806 1275 879 1304 pec-

105 1317 189 1353 cato,
211 1318 266 1346 aut
284 1316 321 1346 de
336 1318 620 1356 consanguinitatis
634 1318 774 1349 vinculo.
792 1317 822 1348 Si
841 1318 878 1349 de

104 1371 230 1408 peccato
241 1369 469 1407 fornicatiouis,
486 1373 562 1401 tunc
572 1371 628 1402 soli
643 1373 797 1411 conjuges
810 1381 878 1411 pos-

103 1424 177 1452 sunt
193 1431 226 1452 se
245 1424 358 1453 mutuo
376 1432 540 1461 accusare;
563 1423 615 1453 alii
637 1433 712 1454 vero
734 1433 797 1454 non
818 1425 876 1455 ad-

104 1474 284 1513 mittuntur,
302 1476 377 1515 quia
391 1478 466 1506 tunc
480 1477 515 1506 fit
529 1476 648 1515 injuria
661 1477 741 1514 viro,
758 1479 787 1508 et
802 1487 874 1517 pos-

102 1529 176 1558 sunt
196 1528 291 1559 simul
313 1530 396 1559 stare
415 1529 481 1560 sine
502 1532 639 1569 peccato.
659 1530 691 1559 Si
713 1533 821 1560 autem
842 1532 875 1561 fit

102 1581 257 1612 accusatio
273 1582 310 1612 de
326 1582 612 1621 consanguinitatis
633 1583 778 1620 vinculo,
800 1586 874 1614 tnnc

102 1634 207 1674 primo
235 1635 357 1665 admitti
384 1635 498 1666 debent
520 1636 768 1675 consanguinei,
795 1637 874 1668 sicut

101 1688 300 1727 superstites,
326 1688 464 1719 maxime
489 1698 563 1719 cum
586 1691 632 1719 est
656 1690 812 1720 accusatio
836 1691 873 1721 de

100 1741 303 1772 matrimonio
324 1741 537 1779 dissolvendo,
564 1742 640 1780 quia
660 1751 723 1772 non
748 1752 872 1782 praesu-

100 1793 198 1824 mitur
217 1794 303 1834 quod
323 1794 383 1834 ipsi
398 1793 507 1824 velint.
529 1794 566 1824 Et
589 1797 742 1833 praeterea
760 1796 873 1826 melius

99 1847 202 1877 sciunt
217 1847 451 1887 genealogiam,
469 1856 566 1887 quarn
579 1848 633 1878 alii
647 1859 653 1878 :
668 1851 698 1878 et
714 1849 784 1879 ideo
799 1859 869 1889 spe-

98 1899 220 1931 cialiter
243 1901 276 1930 in
299 1900 358 1930 hac
386 1909 482 1930 causa
505 1900 710 1931 admittentur
735 1911 870 1933 consan-

99 1953 221 1991 guinei.
241 1953 360 1984 Tamen
375 1953 400 1983 si
415 1953 454 1984 sit
467 1954 602 1994 quaestio
617 1954 654 1984 de
667 1955 870 1986 matrimonio

97 2006 324 2044 contrahendo,
339 2007 407 2038 sive
423 2010 596 2044 contracto,
614 2010 649 2037 ut
666 2008 802 2047 suspecti
818 2017 867 2038 re-

98 2059 232 2098 pellendi
251 2062 341 2098 sunt,
363 2060 418 2090 ubi
436 2060 502 2097 ille,
523 2062 616 2100 quus
636 2060 722 2091 tilius
739 2061 787 2091 vel
805 2062 869 2092 filia

96 2113 264 2152 conjuncta
281 2113 410 2150 dicitnr,
427 2113 571 2152 superior
590 2115 636 2143 est
651 2113 786 2152 divitiis,
811 2124 866 2154 po-

96 2165 193 2196 tentia
210 2168 241 2196 et
259 2166 389 2196 honore.
406 2165 493 2202 Quod
514 2166 540 2195 si
559 2167 789 2205 consanguinei
802 2177 867 2199 non

96 2217 214 2256 adsint,
240 2219 295 2258 qui
318 2218 535 2256 testificentur,
560 2220 637 2249 tunc
660 2223 790 2259 possunt
811 2221 865 2251 ad-

95 2272 179 2302 mitti
197 2273 339 2302 extranei
353 2273 475 2312 antiqui
490 2275 520 2303 et
538 2273 665 2303 maturi.
686 2273 776 2310 Quod
791 2275 816 2305 si
832 2275 865 2305 hi

95 2323 195 2355 velint
212 2325 385 2362 testificari,
410 2327 485 2355 tunc
506 2334 616 2356 omnes
631 2327 771 2357 extranei
792 2337 862 2367 pos-

94 2380 169 2408 sunt
182 2387 346 2416 accusare,
362 2378 421 2408 nisi
440 2378 524 2408 aliud
540 2379 685 2416 obsistat,
709 2382 821 2419 utputa
838 2381 864 2410 si

95 2431 175 2462 sacta
189 2431 284 2462 fuerit
297 2431 504 2467 denuntiatio,
522 2432 607 2470 quod
622 2432 863 2464 matrimonium

93 2486 217 2515 accuset
229 2485 284 2524 qui
299 2484 388 2515 novit
404 2495 410 2514 z
428 2484 454 2514 si
469 2484 520 2514 ille
535 2493 674 2524 praesens
688 2486 811 2523 aderat,
834 2490 863 2516 et

93 2540 186 2576 tacet,
210 2540 341 2569 extunc
355 2546 502 2568 accusare
516 2546 579 2567 non
600 2539 718 2577 potest3
740 2539 765 2568 si
788 2549 862 2570 vero

93 2590 151 2621 fuit
165 2591 287 2628 absens,
301 2591 352 2621 vel
366 2590 568 2631 postmodum
583 2590 658 2621 dicit
668 2592 861 2622 matrimonii

92 2643 372 2683 impedimentum,
395 2644 421 2673 si
442 2643 501 2674 hoc
519 2644 730 2683 jurejurando
754 2645 859 2676 firma-

950 249 1042 286 verit,
1057 251 1103 279 est
1114 249 1326 280 admittendus
1341 249 1524 289 (Extravag.
1536 250 1575 282 de
1585 250 1646 287 his,
1659 251 1717 289 qui

948 303 1189 334 matrimonium
1204 311 1353 335 (recusare
1376 306 1520 342 possunt,
1536 312 1563 333 c.
1582 303 1658 334 Cum
1680 303 1715 334 in

947 357 1013 392 lua,
1030 358 1059 385 et
1075 356 1180 393 infra).
1196 356 1318 396 Aliquis
1335 358 1441 386 tamen
1456 357 1523 386 sine
1539 356 1715 387 differentia

946 408 1043 445 omni,
1065 408 1205 447 quivult
1229 418 1392 447 accusare,
1415 409 1614 440 admittitur:
1641 409 1715 449 quia

945 460 1005 490 hoc
1020 461 1192 491 honestatis
1206 465 1270 499 est,
1286 462 1401 493 scilicet
1423 472 1551 494 servare
1572 463 1714 494 ordinem

944 513 1033 552 prius
1047 514 1178 545 dictum.

1262 578 1329 599 nnis.
1353 578 1396 598 111.

943 642 988 666 Hic
1011 643 1147 667 dicendum
1169 646 1221 673 est,
1244 644 1312 674 quod
1329 644 1395 668 aliud
1419 648 1456 669 est
1479 645 1629 676 fornicatio,
1647 645 1714 670 aliud

972 679 1104 708 stuprum,
1128 679 1195 702 aliud
1217 679 1383 708 adulterium,
1406 680 1473 704 aliud
1497 681 1623 711 incestus,
1646 681 1712 705 aliud

971 716 1065 744 raptus.

981 780 1141 817 Quaeritur
1156 785 1267 812 utrum
1286 782 1346 813 ista
1363 782 1424 812 sint
1445 783 1570 813 diversa
1588 786 1713 824 peccata

939 834 1113 865 secundum
1136 835 1291 874 speciem,
1316 838 1348 866 ct
1370 837 1527 876 quantum
1548 836 1588 866 ad
1609 845 1713 876 genus

940 888 1070 927 peccati3
1099 890 1129 918 et
1152 889 1235 928 quod
1260 898 1344 926 non,
1372 889 1515 927 videtur,
1541 889 1616 929 quia
1637 892 1713 921 sunt

939 942 1047 971 contra
1064 941 1146 971 idem
1160 944 1373 981 praeceptum,
1395 942 1526 981 scilicet,
1553 942 1624 974 Non
1637 951 1709 975 moe-

938 995 1094 1032 chabeNs,
1111 997 1141 1025 et
1155 995 1236 1025 circa
1250 998 1357 1026 actum
1372 996 1468 1026 unius
1482 996 1625 1035 virtutis,
1645 996 1712 1028 sola

938 1048 1173 1079 circumstantia
1188 1049 1367 1087 differente,
1385 1050 1415 1079 in
1432 1059 1495 1090 qua
1509 1059 1575 1080 non
1590 1052 1636 1080 est
1650 1051 1710 1081 nisi

936 1103 1135 1133 accidentalis
1161 1103 1349 1134 differentia.
1378 1103 1411 1133 In
1435 1103 1616 1142 oppositum
1644 1105 1708 1142 est,

936 1155 1019 1194 qnod
1040 1156 1074 1195 (c)
1094 1156 1234 1195 primum
1258 1159 1420 1195 peccatum
1442 1156 1537 1186 habet
1555 1156 1710 1187 rationem

935 1218 1027 1239 suam
1046 1219 1064 1239 a
1082 1209 1203 1240 defectu
1223 1210 1487 1247 circumstantiae,
1511 1209 1565 1240 sed
1585 1210 1710 1241 adulte-

935 1262 1020 1292 rium
1035 1262 1159 1300 dicitur,
1183 1264 1259 1302 quia
1281 1263 1396 1303 aliquis
1417 1263 1577 1303 cognoscit
1597 1265 1707 1304 conju-

934 1317 1063 1354 gatum3
1089 1316 1142 1346 sed
1162 1317 1340 1354 fornicatio,
1357 1317 1434 1356 quia
1453 1316 1588 1347 solutam
1604 1327 1610 1346 ε
1629 1325 1708 1356 ergo

933 1371 1007 1398 sunt
1022 1369 1147 1399 diversa
1163 1372 1363 1409 peccatorum
1379 1379 1509 1410 genera.

975 1421 1065 1461 Resp.
1096 1421 1268 1453 Dicendum
1297 1423 1381 1462 quod
1409 1423 1467 1453 ista
1493 1432 1558 1453 non
1582 1425 1707 1454 tantum

932 1474 1083 1505 differunt
1098 1475 1329 1506 accidentaliter
1341 1476 1396 1515 (d),
1413 1476 1477 1506 imo
1493 1479 1567 1507 sunt
1581 1476 1705 1507 diversa

931 1536 1049 1565 genera
1061 1532 1226 1568 peccatoru
1232 1539 1261 1559 m
1275 1541 1280 1559 :
1294 1532 1323 1559 et
1334 1529 1407 1559 talia
1417 1531 1538 1569 oportet
1548 1530 1702 1567 confiteri,

931 1582 1081 1620 quoniam
1102 1582 1159 1612 etsi
1181 1582 1350 1613 videantur
1371 1582 1474 1612 solum
1495 1582 1623 1613 differre
1643 1582 1704 1613 cir-

930 1633 1134 1671 cumstantia,
1158 1643 1232 1673 quas
1248 1634 1409 1673 jiidicatur
1423 1643 1490 1664 esse
1506 1634 1705 1665 accidentalis

930 1685 1115 1724 proprietas,
1128 1689 1235 1716 tamen
1249 1686 1317 1726 ipsa
1331 1687 1565 1716 circumstantia
1579 1695 1705 1726 compa-

930 1740 996 1767 rata
1019 1738 1057 1767 ad
1083 1741 1244 1778 peccatum
1270 1741 1315 1769 est
1340 1738 1528 1777 essentialis,
1556 1739 1704 1779 quamvis

929 1793 1109 1830 comparata
1123 1791 1159 1821 ad
1174 1794 1280 1822 actum
1296 1791 1335 1822 sit
1350 1791 1548 1822 accidentalis
1566 1803 1572 1822 :
1590 1794 1620 1823 et
1633 1793 1703 1824 ideo

928 1852 991 1874 non
1005 1845 1106 1875 variat
1120 1854 1224 1884 genus
1236 1848 1335 1882 actus,
1352 1846 1405 1876 sed
1420 1848 1595 1886 peccatum.
1612 1846 1702 1883 Quod

927 1906 1004 1936 ergo
1028 1898 1187 1937 objicitur,
1213 1899 1295 1938 quod
1320 1901 1395 1929 sunt
1424 1899 1456 1938 (e)
1489 1900 1598 1930 contra
1619 1899 1702 1930 idem

927 1953 1133 1990 praeceptum,
1152 1954 1181 1982 et
1198 1952 1279 1983 circa
1294 1952 1443 1983 eumdem
1457 1954 1575 1991 actum,
1592 1952 1701 1984 dicen-

925 2004 1002 2033 dum
1018 2006 1064 2034 est
1078 2005 1162 2044 qnod
1176 2005 1236 2036 hoc
1252 2015 1316 2036 non
1328 2005 1471 2045 impedit,
1487 2005 1566 2045 quin
1579 2006 1701 2046 possint

925 2065 991 2086 esse
1006 2057 1129 2087 diversa
1144 2060 1281 2097 peccata,
1296 2067 1353 2098 pro
1364 2067 1401 2088 eo
1416 2059 1501 2098 quod
1515 2059 1598 2089 circa
1608 2068 1700 2090 eum-

924 2110 996 2140 dem
1007 2112 1123 2147 actum,
1136 2112 1167 2141 et
1178 2113 1288 2141 contra
1300 2111 1382 2142 idem
1395 2111 1527 2149 bonum,
1543 2111 1699 2151 contingit

924 2164 1138 2204 multiplieiter
1151 2165 1298 2204 obligari.

1238 2258 1305 2279 nun.
1330 2258 1374 2279 iv.

969 2316 1089 2346 Stuprum
1104 2316 1206 2347 proprie
1220 2318 1257 2340 est
1268 2316 1395 2347 virginum
1408 2316 1493 2341 illicita
1508 2317 1647 2342 defloratio.

962 2379 1120 2416 Quaeritur
1134 2379 1217 2418 quod
1229 2379 1267 2409 sit
1283 2380 1387 2419 majus
1396 2382 1568 2420 peccatum,
1585 2382 1695 2412 uirum

920 2433 1079 2472 stuprum,
1095 2434 1149 2462 aut
1165 2432 1373 2470 adulterium3
1392 2436 1422 2463 et
1436 2433 1519 2472 quod
1537 2435 1640 2474 maJ'us
1654 2434 1694 2466 sit

919 2485 1124 2524 adulterium,
1146 2488 1231 2525 patet
1251 2496 1291 2517 ex
1303 2487 1413 2518 ordine
1432 2487 1593 2527 Magistri,
1617 2489 1692 2528 quia

919 2539 1081 2579 praemittit
1109 2540 1244 2579 maiora,
1276 2542 1307 2571 et
1335 2540 1494 2579 gradatim
1519 2541 1689 2574 descendit.

951 2620 982 2649 (a)
999 2620 1058 2643 Caet.
1074 2619 1134 2642 edit.
1148 2619 1206 2643 wid.
1224 2627 1238 2643 a
1258 2627 1326 2643 casu.
1344 2633 1374 2639 —
1393 2620 1427 2651 (b)
1444 2627 1510 2645 nunc
1534 2623 1645 2653 quando.
1659 2636 1688 2642 —

920 2656 945 2684 (c)
959 2655 1028 2678 deest
1038 2654 1115 2684 quod.
1131 2668 1160 2672 -
1175 2654 1207 2684 (tl)
1221 2655 1359 2680 accidente.
1370 2669 1400 2673 —
1411 2657 1440 2687 (e)
1456 2658 1523 2688 quod
1539 2664 1591 2682 uon
1605 2660 1652 2684 est.
