<?xml version="1.0" encoding="UTF-8"?>
<!DOCTYPE html PUBLIC "-//W3C//DTD XHTML 1.0 Transitional//EN"
    "http://www.w3.org/TR/xhtml1/DTD/xhtml1-transitional.dtd">
<html xmlns="http://www.w3.org/1999/xhtml" xml:lang="en" lang="en">
 <head>
  <title>
</title>
<meta http-equiv="Content-Type" content="text/html;charset=utf-8" />
  <meta name='ocr-system' content='tesseract 3.04.00' />
  <meta name='ocr-capabilities' content='ocr_page ocr_carea ocr_par ocr_line ocrx_word'/>
</head>
<body>
  <div class='ocr_page' id='page_1' title='image "./operaomniasixtiv06bonauoft/operaomniasixtiv06bonauoft_0502.png"; bbox 0 0 1991 3006; ppageno 0'>
   <div class='ocr_carea' id='block_1_1' title="bbox 90 1163 195 1184">
    <p class='ocr_par' dir='ltr' id='par_1_1' title="bbox 90 1163 195 1184">
     <span class='ocr_line' id='line_1_1' title="bbox 90 1163 195 1184; baseline 0.01 -1"><span class='ocrx_word' id='word_1_1' title='bbox 90 1163 195 1184; x_wconf 78' lang='lat' dir='ltr'>Fundam.</span> 
     </span>
    </p>
   </div>
   <div class='ocr_carea' id='block_1_2' title="bbox 210 175 267 204">
    <p class='ocr_par' dir='ltr' id='par_1_2' title="bbox 210 175 267 204">
     <span class='ocr_line' id='line_1_2' title="bbox 210 175 267 204; baseline 0 0"><span class='ocrx_word' id='word_1_2' title='bbox 210 175 267 204; x_wconf 69' lang='lat'><strong>476</strong></span> 
     </span>
    </p>
   </div>
   <div class='ocr_carea' id='block_1_3' title="bbox 207 231 996 2622">
    <p class='ocr_par' dir='ltr' id='par_1_3' title="bbox 207 231 978 438">
     <span class='ocr_line' id='line_1_3' title="bbox 207 231 978 279; baseline -0.013 -8"><span class='ocrx_word' id='word_1_3' title='bbox 207 248 395 279; x_wconf 80' lang='lat' dir='ltr'><strong>resurgere:</strong></span> <span class='ocrx_word' id='word_1_4' title='bbox 420 247 499 277; x_wconf 88' lang='lat' dir='ltr'><strong>ergo</strong></span> <span class='ocrx_word' id='word_1_5' title='bbox 517 239 601 267; x_wconf 89' lang='lat' dir='ltr'><strong>totus</strong></span> <span class='ocrx_word' id='word_1_6' title='bbox 621 235 767 274; x_wconf 73' lang='lat' dir='ltr'><strong>sanguis,</strong></span> <span class='ocrx_word' id='word_1_7' title='bbox 791 233 846 273; x_wconf 91' lang='lat' dir='ltr'><strong>qui</strong></span> <span class='ocrx_word' id='word_1_8' title='bbox 862 232 927 262; x_wconf 77' lang='lat' dir='ltr'><strong>exit</strong></span> <span class='ocrx_word' id='word_1_9' title='bbox 941 231 978 261; x_wconf 90' lang='lat' dir='ltr'><strong>de</strong></span> 
     </span>
     <span class='ocr_line' id='line_1_4' title="bbox 207 284 976 331; baseline -0.013 -7"><span class='ocrx_word' id='word_1_10' title='bbox 207 293 336 324; x_wconf 86' lang='lat' dir='ltr'><strong>homine</strong></span> <span class='ocrx_word' id='word_1_11' title='bbox 353 300 408 331; x_wconf 88' lang='lat' dir='ltr'><strong>per</strong></span> <span class='ocrx_word' id='word_1_12' title='bbox 428 289 691 330; x_wconf 78' lang='lat' dir='ltr'>phlebotomiam,</span> <span class='ocrx_word' id='word_1_13' title='bbox 709 288 757 319; x_wconf 88' lang='lat' dir='ltr'><strong>vel</strong></span> <span class='ocrx_word' id='word_1_14' title='bbox 782 287 843 317; x_wconf 84' lang='lat' dir='ltr'><strong>alio</strong></span> <span class='ocrx_word' id='word_1_15' title='bbox 867 284 976 321; x_wconf 85' lang='lat' dir='ltr'><strong>modo,</strong></span> 
     </span>
     <span class='ocr_line' id='line_1_5' title="bbox 207 338 977 383; baseline -0.014 -6"><span class='ocrx_word' id='word_1_16' title='bbox 207 347 372 383; x_wconf 73' lang='lat' dir='ltr'>resurget:</span> <span class='ocrx_word' id='word_1_17' title='bbox 398 344 449 374; x_wconf 87' lang='lat' dir='ltr'><strong>sed</strong></span> <span class='ocrx_word' id='word_1_18' title='bbox 475 343 535 373; x_wconf 88' lang='lat' dir='ltr'><strong>hoc</strong></span> <span class='ocrx_word' id='word_1_19' title='bbox 557 344 723 381; x_wconf 75' lang='lat' dir='ltr'>generaret</span> <span class='ocrx_word' id='word_1_20' title='bbox 749 338 977 371; x_wconf 87' lang='lat' dir='ltr'><strong>indecentiam:</strong></span> 
     </span>
     <span class='ocr_line' id='line_1_6' title="bbox 207 400 380 438; baseline -0.017 -8"><span class='ocrx_word' id='word_1_21' title='bbox 207 408 305 438; x_wconf 85' lang='lat' dir='ltr'><strong>ergo,</strong></span> <span class='ocrx_word' id='word_1_22' title='bbox 322 400 380 428; x_wconf 85' lang='lat' dir='ltr'><strong>ete.</strong></span> 
     </span>
    </p>

    <p class='ocr_par' dir='ltr' id='par_1_4' title="bbox 208 446 980 593">
     <span class='ocr_line' id='line_1_7' title="bbox 247 446 980 490; baseline -0.012 -8"><span class='ocrx_word' id='word_1_23' title='bbox 247 454 275 482; x_wconf 86' lang='lat'><strong>3.</strong></span> <span class='ocrx_word' id='word_1_24' title='bbox 296 451 384 488; x_wconf 88' lang='lat' dir='ltr'><strong>Item,</strong></span> <span class='ocrx_word' id='word_1_25' title='bbox 401 450 484 490; x_wconf 85' lang='lat' dir='ltr'><strong>quod</strong></span> <span class='ocrx_word' id='word_1_26' title='bbox 504 458 567 479; x_wconf 92' lang='lat' dir='ltr'><strong>non</strong></span> <span class='ocrx_word' id='word_1_27' title='bbox 585 448 675 485; x_wconf 86' lang='lat' dir='ltr'><strong>vivit,</strong></span> <span class='ocrx_word' id='word_1_28' title='bbox 692 456 754 477; x_wconf 89' lang='lat' dir='ltr'><strong>non</strong></span> <span class='ocrx_word' id='word_1_29' title='bbox 771 446 861 476; x_wconf 89' lang='lat' dir='ltr'><strong>debet</strong></span> <span class='ocrx_word' id='word_1_30' title='bbox 877 451 980 474; x_wconf 89' lang='lat' dir='ltr'><strong>resur-</strong></span> 
     </span>
     <span class='ocr_line' id='line_1_8' title="bbox 208 497 980 545; baseline -0.014 -8"><span class='ocrx_word' id='word_1_31' title='bbox 208 514 295 545; x_wconf 88' lang='lat' dir='ltr'><strong>gere,</strong></span> <span class='ocrx_word' id='word_1_32' title='bbox 313 505 388 544; x_wconf 86' lang='lat' dir='ltr'><strong>quia</strong></span> <span class='ocrx_word' id='word_1_33' title='bbox 400 502 588 534; x_wconf 88' lang='lat' dir='ltr'><strong>resurrectio</strong></span> <span class='ocrx_word' id='word_1_34' title='bbox 603 504 651 532; x_wconf 89' lang='lat' dir='ltr'><strong>est</strong></span> <span class='ocrx_word' id='word_1_35' title='bbox 665 501 703 531; x_wconf 88' lang='lat' dir='ltr'><strong>ad</strong></span> <span class='ocrx_word' id='word_1_36' title='bbox 719 500 817 530; x_wconf 85' lang='lat' dir='ltr'><strong>vitam</strong></span> <span class='ocrx_word' id='word_1_37' title='bbox 831 508 837 529; x_wconf 92' lang='lat'><strong>:</strong></span> <span class='ocrx_word' id='word_1_38' title='bbox 855 497 907 528; x_wconf 87' lang='lat' dir='ltr'><strong>sed</strong></span> <span class='ocrx_word' id='word_1_39' title='bbox 925 497 980 527; x_wconf 91' lang='lat' dir='ltr'><strong>hu-</strong></span> 
     </span>
     <span class='ocr_line' id='line_1_9' title="bbox 208 556 725 593; baseline -0.014 -3"><span class='ocrx_word' id='word_1_40' title='bbox 208 568 312 589; x_wconf 86' lang='lat' dir='ltr'><strong>mores</strong></span> <span class='ocrx_word' id='word_1_41' title='bbox 326 567 391 588; x_wconf 91' lang='lat' dir='ltr'><strong>non</strong></span> <span class='ocrx_word' id='word_1_42' title='bbox 405 557 519 587; x_wconf 89' lang='lat' dir='ltr'><strong>vivunt</strong></span> <span class='ocrx_word' id='word_1_43' title='bbox 535 567 540 585; x_wconf 95' lang='lat'><strong>:</strong></span> <span class='ocrx_word' id='word_1_44' title='bbox 558 563 650 593; x_wconf 86' lang='lat' dir='ltr'><strong>ergo,</strong></span> <span class='ocrx_word' id='word_1_45' title='bbox 666 556 725 583; x_wconf 84' lang='lat' dir='ltr'><strong>etc.</strong></span> 
     </span>
    </p>

    <p class='ocr_par' dir='ltr' id='par_1_5' title="bbox 207 606 980 865">
     <span class='ocr_line' id='line_1_10' title="bbox 247 606 978 646; baseline -0.014 -3"><span class='ocrx_word' id='word_1_46' title='bbox 247 615 277 643; x_wconf 71' lang='lat'><strong>4.</strong></span> <span class='ocrx_word' id='word_1_47' title='bbox 295 612 372 642; x_wconf 84' lang='lat' dir='ltr'><strong>Item</strong></span> <span class='ocrx_word' id='word_1_48' title='bbox 387 610 467 641; x_wconf 89' lang='lat' dir='ltr'><strong>nihil</strong></span> <span class='ocrx_word' id='word_1_49' title='bbox 484 609 575 639; x_wconf 90' lang='lat' dir='ltr'><strong>debet</strong></span> <span class='ocrx_word' id='word_1_50' title='bbox 596 616 765 646; x_wconf 81' lang='lat' dir='ltr'><strong>resurgere</strong></span> <span class='ocrx_word' id='word_1_51' title='bbox 786 606 819 635; x_wconf 90' lang='lat' dir='ltr'><strong>in</strong></span> <span class='ocrx_word' id='word_1_52' title='bbox 833 612 978 643; x_wconf 82' lang='lat' dir='ltr'><strong>corpore,</strong></span> 
     </span>
     <span class='ocr_line' id='line_1_11' title="bbox 208 657 979 705; baseline -0.014 -8"><span class='ocrx_word' id='word_1_53' title='bbox 208 665 292 705; x_wconf 87' lang='lat' dir='ltr'><strong>quod</strong></span> <span class='ocrx_word' id='word_1_54' title='bbox 314 674 379 695; x_wconf 90' lang='lat' dir='ltr'><strong>non</strong></span> <span class='ocrx_word' id='word_1_55' title='bbox 400 663 513 694; x_wconf 85' lang='lat' dir='ltr'><strong>habeat</strong></span> <span class='ocrx_word' id='word_1_56' title='bbox 538 661 677 701; x_wconf 80' lang='lat' dir='ltr'><strong>aliquem</strong></span> <span class='ocrx_word' id='word_1_57' title='bbox 697 668 792 690; x_wconf 90' lang='lat' dir='ltr'><strong>usum</strong></span> <span class='ocrx_word' id='word_1_58' title='bbox 811 669 817 689; x_wconf 74' lang='grc' dir='ltr'>ι</span> <span class='ocrx_word' id='word_1_59' title='bbox 840 657 891 687; x_wconf 89' lang='lat' dir='ltr'><strong>sed</strong></span> <span class='ocrx_word' id='word_1_60' title='bbox 920 657 979 687; x_wconf 92' lang='lat' dir='ltr'><strong>hu-</strong></span> 
     </span>
     <span class='ocr_line' id='line_1_12' title="bbox 207 709 979 750; baseline -0.013 -1"><span class='ocrx_word' id='word_1_61' title='bbox 207 727 314 749; x_wconf 90' lang='lat' dir='ltr'><strong>mores</strong></span> <span class='ocrx_word' id='word_1_62' title='bbox 343 721 416 748; x_wconf 86' lang='lat' dir='ltr'><strong>sunt</strong></span> <span class='ocrx_word' id='word_1_63' title='bbox 445 716 483 747; x_wconf 83' lang='lat' dir='ltr'><strong>ad</strong></span> <span class='ocrx_word' id='word_1_64' title='bbox 518 714 780 746; x_wconf 80' lang='lat' dir='ltr'><strong>restaurationem</strong></span> <span class='ocrx_word' id='word_1_65' title='bbox 812 709 979 750; x_wconf 74' lang='lat' dir='ltr'><strong>deperditi,</strong></span> 
     </span>
     <span class='ocr_line' id='line_1_13' title="bbox 208 767 980 812; baseline -0.013 -9"><span class='ocrx_word' id='word_1_66' title='bbox 208 772 294 812; x_wconf 87' lang='lat' dir='ltr'><strong>quod</strong></span> <span class='ocrx_word' id='word_1_67' title='bbox 320 781 383 802; x_wconf 88' lang='lat' dir='ltr'><strong>non</strong></span> <span class='ocrx_word' id='word_1_68' title='bbox 411 773 454 801; x_wconf 88' lang='lat' dir='ltr'><strong>est</strong></span> <span class='ocrx_word' id='word_1_69' title='bbox 483 771 514 800; x_wconf 93' lang='lat' dir='ltr'><strong>in</strong></span> <span class='ocrx_word' id='word_1_70' title='bbox 538 777 668 808; x_wconf 84' lang='lat' dir='ltr'><strong>corpore</strong></span> <span class='ocrx_word' id='word_1_71' title='bbox 692 767 903 805; x_wconf 78' lang='lat' dir='ltr'><strong>resurgente:</strong></span> <span class='ocrx_word' id='word_1_72' title='bbox 931 772 980 793; x_wconf 83' lang='lat' dir='ltr'><strong>er-</strong></span> 
     </span>
     <span class='ocr_line' id='line_1_14' title="bbox 210 827 346 865; baseline -0.015 -8"><span class='ocrx_word' id='word_1_73' title='bbox 210 835 267 865; x_wconf 89' lang='lat' dir='ltr'><strong>go,</strong></span> <span class='ocrx_word' id='word_1_74' title='bbox 287 827 346 856; x_wconf 90' lang='lat' dir='ltr'><strong>etc.</strong></span> 
     </span>
    </p>

    <p class='ocr_par' dir='ltr' id='par_1_6' title="bbox 209 872 983 1129">
     <span class='ocr_line' id='line_1_15' title="bbox 250 872 983 913; baseline -0.014 -4"><span class='ocrx_word' id='word_1_75' title='bbox 250 881 278 909; x_wconf 83' lang='lat'><strong>5.</strong></span> <span class='ocrx_word' id='word_1_76' title='bbox 293 878 370 908; x_wconf 86' lang='lat' dir='ltr'><strong>Item</strong></span> <span class='ocrx_word' id='word_1_77' title='bbox 385 876 465 907; x_wconf 86' lang='lat' dir='ltr'><strong>nihil</strong></span> <span class='ocrx_word' id='word_1_78' title='bbox 480 876 639 913; x_wconf 73' lang='lat' dir='ltr'><strong>resurget,</strong></span> <span class='ocrx_word' id='word_1_79' title='bbox 652 874 712 904; x_wconf 88' lang='lat' dir='ltr'><strong>nisi</strong></span> <span class='ocrx_word' id='word_1_80' title='bbox 728 872 813 912; x_wconf 90' lang='lat' dir='ltr'><strong>quod</strong></span> <span class='ocrx_word' id='word_1_81' title='bbox 829 872 983 901; x_wconf 74' lang='lat' dir='ltr'>consonat</span> 
     </span>
     <span class='ocr_line' id='line_1_16' title="bbox 209 923 981 972; baseline -0.013 -10"><span class='ocrx_word' id='word_1_82' title='bbox 209 931 353 972; x_wconf 75' lang='lat' dir='ltr'><strong>qualitati</strong></span> <span class='ocrx_word' id='word_1_83' title='bbox 364 932 392 960; x_wconf 88' lang='lat' dir='ltr'><strong>et</strong></span> <span class='ocrx_word' id='word_1_84' title='bbox 406 931 527 960; x_wconf 75' lang='lat' dir='ltr'><strong>naturae</strong></span> <span class='ocrx_word' id='word_1_85' title='bbox 538 927 678 967; x_wconf 82' lang='lat' dir='ltr'><strong>corporis</strong></span> <span class='ocrx_word' id='word_1_86' title='bbox 693 925 892 964; x_wconf 83' lang='lat' dir='ltr'><strong>resurgentis</strong></span> <span class='ocrx_word' id='word_1_87' title='bbox 905 935 910 953; x_wconf 91' lang='lat'><strong>:</strong></span> <span class='ocrx_word' id='word_1_88' title='bbox 929 923 981 953; x_wconf 88' lang='lat' dir='ltr'><strong>sed</strong></span> 
     </span>
     <span class='ocr_line' id='line_1_17' title="bbox 209 979 982 1024; baseline -0.01 -10"><span class='ocrx_word' id='word_1_89' title='bbox 209 994 323 1024; x_wconf 89' lang='lat' dir='ltr'><strong>corpus</strong></span> <span class='ocrx_word' id='word_1_90' title='bbox 339 991 510 1019; x_wconf 57' lang='lat' dir='ltr'><strong>resurgens</strong></span> <span class='ocrx_word' id='word_1_91' title='bbox 529 982 587 1012; x_wconf 90' lang='lat' dir='ltr'><strong>erit</strong></span> <span class='ocrx_word' id='word_1_92' title='bbox 604 981 799 1011; x_wconf 86' lang='lat' dir='ltr'><strong>luminosum</strong></span> <span class='ocrx_word' id='word_1_93' title='bbox 815 981 845 1008; x_wconf 87' lang='lat' dir='ltr'><strong>et</strong></span> <span class='ocrx_word' id='word_1_94' title='bbox 862 979 982 1016; x_wconf 86' lang='lat' dir='ltr'><strong>impas-</strong></span> 
     </span>
     <span class='ocr_line' id='line_1_18' title="bbox 209 1032 983 1074; baseline -0.01 -7"><span class='ocrx_word' id='word_1_95' title='bbox 209 1037 313 1074; x_wconf 71' lang='lat' dir='ltr'><strong>sibile,</strong></span> <span class='ocrx_word' id='word_1_96' title='bbox 333 1037 485 1066; x_wconf 87' lang='lat' dir='ltr'><strong>humores</strong></span> <span class='ocrx_word' id='word_1_97' title='bbox 499 1037 606 1065; x_wconf 87' lang='lat' dir='ltr'><strong>autem</strong></span> <span class='ocrx_word' id='word_1_98' title='bbox 623 1036 696 1064; x_wconf 88' lang='lat' dir='ltr'><strong>sunt</strong></span> <span class='ocrx_word' id='word_1_99' title='bbox 711 1032 870 1062; x_wconf 75' lang='lat' dir='ltr'><strong>ssuxihiles</strong></span> <span class='ocrx_word' id='word_1_100' title='bbox 885 1033 913 1060; x_wconf 92' lang='lat' dir='ltr'><strong>et</strong></span> <span class='ocrx_word' id='word_1_101' title='bbox 931 1040 983 1060; x_wconf 85' lang='lat' dir='ltr'><strong>va-</strong></span> 
     </span>
     <span class='ocr_line' id='line_1_19' title="bbox 210 1091 536 1129; baseline -0.009 -7"><span class='ocrx_word' id='word_1_102' title='bbox 210 1091 355 1122; x_wconf 89' lang='lat' dir='ltr'><strong>riabiles:</strong></span> <span class='ocrx_word' id='word_1_103' title='bbox 372 1099 462 1129; x_wconf 83' lang='lat' dir='ltr'><strong>ergo,</strong></span> <span class='ocrx_word' id='word_1_104' title='bbox 479 1092 536 1119; x_wconf 88' lang='lat' dir='ltr'><strong>etc.</strong></span> 
     </span>
    </p>

    <p class='ocr_par' dir='ltr' id='par_1_7' title="bbox 207 1139 985 1604">
     <span class='ocr_line' id='line_1_20' title="bbox 251 1139 981 1180; baseline -0.012 -5"><span class='ocrx_word' id='word_1_105' title='bbox 251 1145 383 1175; x_wconf 82' lang='lat' dir='ltr'><strong>Contra:</strong></span> <span class='ocrx_word' id='word_1_106' title='bbox 401 1143 490 1180; x_wconf 81' lang='lat' dir='ltr'><strong>Quod</strong></span> <span class='ocrx_word' id='word_1_107' title='bbox 509 1145 555 1172; x_wconf 88' lang='lat' dir='ltr'><strong>est</strong></span> <span class='ocrx_word' id='word_1_108' title='bbox 575 1141 613 1172; x_wconf 90' lang='lat' dir='ltr'><strong>de</strong></span> <span class='ocrx_word' id='word_1_109' title='bbox 633 1139 855 1171; x_wconf 75' lang='lat' dir='ltr'><strong>constitutione</strong></span> <span class='ocrx_word' id='word_1_110' title='bbox 872 1146 981 1176; x_wconf 89' lang='lat' dir='ltr'><strong>corpo-</strong></span> 
     </span>
     <span class='ocr_line' id='line_1_21' title="bbox 212 1190 985 1237; baseline -0.013 -8"><span class='ocrx_word' id='word_1_111' title='bbox 212 1199 265 1237; x_wconf 88' lang='lat' dir='ltr'><strong>ris,</strong></span> <span class='ocrx_word' id='word_1_112' title='bbox 282 1199 430 1236; x_wconf 83' lang='lat' dir='ltr'><strong>resurget</strong></span> <span class='ocrx_word' id='word_1_113' title='bbox 444 1196 476 1225; x_wconf 89' lang='lat' dir='ltr'><strong>in</strong></span> <span class='ocrx_word' id='word_1_114' title='bbox 493 1195 565 1225; x_wconf 88' lang='lat' dir='ltr'><strong>illo:</strong></span> <span class='ocrx_word' id='word_1_115' title='bbox 587 1194 639 1224; x_wconf 84' lang='lat' dir='ltr'><strong>sed</strong></span> <span class='ocrx_word' id='word_1_116' title='bbox 662 1193 814 1223; x_wconf 83' lang='lat' dir='ltr'><strong>humores</strong></span> <span class='ocrx_word' id='word_1_117' title='bbox 834 1193 908 1220; x_wconf 80' lang='lat' dir='ltr'><strong>sunt</strong></span> <span class='ocrx_word' id='word_1_118' title='bbox 922 1190 985 1220; x_wconf 92' lang='lat' dir='ltr'><strong>hu-</strong></span> 
     </span>
     <span class='ocr_line' id='line_1_22' title="bbox 207 1244 985 1293; baseline -0.013 -9"><span class='ocrx_word' id='word_1_119' title='bbox 207 1252 362 1293; x_wconf 82' lang='lat' dir='ltr'><strong>jusmodi:</strong></span> <span class='ocrx_word' id='word_1_120' title='bbox 375 1260 463 1290; x_wconf 86' lang='lat' dir='ltr'><strong>ergo,</strong></span> <span class='ocrx_word' id='word_1_121' title='bbox 475 1252 533 1280; x_wconf 83' lang='lat' dir='ltr'><strong>etc.</strong></span> <span class='ocrx_word' id='word_1_122' title='bbox 549 1249 633 1279; x_wconf 84' lang='lat' dir='ltr'><strong>Unde</strong></span> <span class='ocrx_word' id='word_1_123' title='bbox 646 1246 864 1285; x_wconf 70' lang='lat' dir='ltr'><strong>Augustinus-¹</strong></span> <span class='ocrx_word' id='word_1_124' title='bbox 875 1256 880 1274; x_wconf 82' lang='lat' dir='ltr'>z</span> <span class='ocrx_word' id='word_1_125' title='bbox 890 1256 903 1272; x_wconf 89' lang='lat'>«</span> <span class='ocrx_word' id='word_1_126' title='bbox 916 1244 985 1274; x_wconf 86' lang='lat' dir='ltr'><strong>Cor-</strong></span> 
     </span>
     <span class='ocr_line' id='line_1_23' title="bbox 210 1298 984 1346; baseline -0.013 -9"><span class='ocrx_word' id='word_1_127' title='bbox 210 1316 270 1346; x_wconf 91' lang='lat' dir='ltr'><strong>pus</strong></span> <span class='ocrx_word' id='word_1_128' title='bbox 283 1307 405 1336; x_wconf 84' lang='lat' dir='ltr'><strong>constat</strong></span> <span class='ocrx_word' id='word_1_129' title='bbox 421 1314 461 1335; x_wconf 80' lang='lat' dir='ltr'><strong>ex</strong></span> <span class='ocrx_word' id='word_1_130' title='bbox 481 1302 634 1333; x_wconf 86' lang='lat' dir='ltr'><strong>membris</strong></span> <span class='ocrx_word' id='word_1_131' title='bbox 648 1300 849 1336; x_wconf 76' lang='lat' dir='ltr'><strong>officialibus,</strong></span> <span class='ocrx_word' id='word_1_132' title='bbox 867 1298 984 1329; x_wconf 79' lang='lat' dir='ltr'><strong>officia—</strong></span> 
     </span>
     <span class='ocr_line' id='line_1_24' title="bbox 208 1352 983 1395; baseline -0.013 -5"><span class='ocrx_word' id='word_1_133' title='bbox 208 1360 250 1390; x_wconf 87' lang='lat' dir='ltr'><strong>lia</strong></span> <span class='ocrx_word' id='word_1_134' title='bbox 265 1369 305 1390; x_wconf 73' lang='lat' dir='ltr'><strong>ex</strong></span> <span class='ocrx_word' id='word_1_135' title='bbox 321 1358 488 1395; x_wconf 78' lang='lat' dir='ltr'><strong>similibus,</strong></span> <span class='ocrx_word' id='word_1_136' title='bbox 506 1356 622 1387; x_wconf 87' lang='lat' dir='ltr'><strong>similia</strong></span> <span class='ocrx_word' id='word_1_137' title='bbox 639 1364 679 1385; x_wconf 79' lang='lat' dir='ltr'><strong>ex</strong></span> <span class='ocrx_word' id='word_1_138' title='bbox 693 1353 903 1389; x_wconf 76' lang='lat' dir='ltr'><strong>humoribus,</strong></span> <span class='ocrx_word' id='word_1_139' title='bbox 922 1352 983 1381; x_wconf 89' lang='lat' dir='ltr'><strong>hu-</strong></span> 
     </span>
     <span class='ocr_line' id='line_1_25' title="bbox 209 1404 985 1449; baseline -0.013 -5"><span class='ocrx_word' id='word_1_140' title='bbox 209 1422 313 1444; x_wconf 89' lang='lat' dir='ltr'><strong>mores</strong></span> <span class='ocrx_word' id='word_1_141' title='bbox 338 1422 376 1442; x_wconf 80' lang='lat' dir='ltr'><strong>ex</strong></span> <span class='ocrx_word' id='word_1_142' title='bbox 399 1411 493 1449; x_wconf 82' lang='lat' dir='ltr'><strong>cibis,</strong></span> <span class='ocrx_word' id='word_1_143' title='bbox 521 1409 583 1440; x_wconf 89' lang='lat' dir='ltr'><strong>cibi</strong></span> <span class='ocrx_word' id='word_1_144' title='bbox 607 1418 647 1439; x_wconf 79' lang='lat' dir='ltr'><strong>ex</strong></span> <span class='ocrx_word' id='word_1_145' title='bbox 671 1406 844 1438; x_wconf 83' lang='lat' dir='ltr'><strong>elementis.</strong></span> <span class='ocrx_word' id='word_1_146' title='bbox 864 1417 877 1433; x_wconf 89' lang='lat'>»</span> <span class='ocrx_word' id='word_1_147' title='bbox 899 1404 985 1443; x_wconf 81' lang='lat' dir='ltr'><strong>Ergo</strong></span> 
     </span>
     <span class='ocr_line' id='line_1_26' title="bbox 209 1459 983 1498; baseline -0.014 0"><span class='ocrx_word' id='word_1_148' title='bbox 209 1465 422 1497; x_wconf 86' lang='lat' dir='ltr'><strong>immediatius</strong></span> <span class='ocrx_word' id='word_1_149' title='bbox 437 1474 469 1494; x_wconf 89' lang='lat' dir='ltr'><strong>se</strong></span> <span class='ocrx_word' id='word_1_150' title='bbox 492 1463 609 1494; x_wconf 86' lang='lat' dir='ltr'><strong>habent</strong></span> <span class='ocrx_word' id='word_1_151' title='bbox 629 1462 782 1492; x_wconf 88' lang='lat' dir='ltr'><strong>humores</strong></span> <span class='ocrx_word' id='word_1_152' title='bbox 804 1459 842 1489; x_wconf 86' lang='lat' dir='ltr'><strong>ad</strong></span> <span class='ocrx_word' id='word_1_153' title='bbox 858 1467 983 1498; x_wconf 88' lang='lat' dir='ltr'><strong>corpus,</strong></span> 
     </span>
     <span class='ocr_line' id='line_1_27' title="bbox 210 1511 984 1562; baseline -0.016 -10"><span class='ocrx_word' id='word_1_154' title='bbox 210 1530 307 1562; x_wconf 86' lang='lat' dir='ltr'><strong>quam</strong></span> <span class='ocrx_word' id='word_1_155' title='bbox 323 1520 492 1556; x_wconf 86' lang='lat' dir='ltr'><strong>elementa;</strong></span> <span class='ocrx_word' id='word_1_156' title='bbox 511 1517 535 1547; x_wconf 88' lang='lat' dir='ltr'><strong>si</strong></span> <span class='ocrx_word' id='word_1_157' title='bbox 551 1525 630 1555; x_wconf 89' lang='lat' dir='ltr'><strong>ergo</strong></span> <span class='ocrx_word' id='word_1_158' title='bbox 642 1515 695 1545; x_wconf 86' lang='lat' dir='ltr'><strong>illa</strong></span> <span class='ocrx_word' id='word_1_159' title='bbox 711 1514 893 1551; x_wconf 80' lang='lat' dir='ltr'><strong>resurgent,</strong></span> <span class='ocrx_word' id='word_1_160' title='bbox 907 1514 937 1542; x_wconf 85' lang='lat' dir='ltr'><strong>et</strong></span> <span class='ocrx_word' id='word_1_161' title='bbox 952 1511 984 1541; x_wconf 94' lang='lat' dir='ltr'><strong>hi</strong></span> 
     </span>
     <span class='ocr_line' id='line_1_28' title="bbox 210 1573 366 1604; baseline -0.006 0"><span class='ocrx_word' id='word_1_162' title='bbox 210 1573 366 1604; x_wconf 88' lang='lat' dir='ltr'><strong>similiter.</strong></span> 
     </span>
    </p>

    <p class='ocr_par' dir='ltr' id='par_1_8' title="bbox 210 1617 986 1826">
     <span class='ocr_line' id='line_1_29' title="bbox 251 1617 980 1665; baseline -0.016 -8"><span class='ocrx_word' id='word_1_163' title='bbox 251 1627 345 1664; x_wconf 87' lang='lat' dir='ltr'><strong>Item,</strong></span> <span class='ocrx_word' id='word_1_164' title='bbox 371 1624 457 1665; x_wconf 88' lang='lat' dir='ltr'><strong>quod</strong></span> <span class='ocrx_word' id='word_1_165' title='bbox 480 1625 526 1653; x_wconf 84' lang='lat' dir='ltr'><strong>est</strong></span> <span class='ocrx_word' id='word_1_166' title='bbox 550 1623 587 1653; x_wconf 90' lang='lat' dir='ltr'><strong>de</strong></span> <span class='ocrx_word' id='word_1_167' title='bbox 614 1620 803 1660; x_wconf 77' lang='lat' dir='ltr'><strong>perfectione</strong></span> <span class='ocrx_word' id='word_1_168' title='bbox 828 1617 980 1656; x_wconf 78' lang='lat' dir='ltr'><strong>corporis,</strong></span> 
     </span>
     <span class='ocr_line' id='line_1_30' title="bbox 210 1671 985 1718; baseline -0.015 -7"><span class='ocrx_word' id='word_1_169' title='bbox 210 1681 358 1718; x_wconf 86' lang='lat' dir='ltr'><strong>resurget</strong></span> <span class='ocrx_word' id='word_1_170' title='bbox 377 1679 410 1708; x_wconf 88' lang='lat' dir='ltr'><strong>in</strong></span> <span class='ocrx_word' id='word_1_171' title='bbox 433 1677 486 1707; x_wconf 92' lang='lat' dir='ltr'><strong>illo</strong></span> <span class='ocrx_word' id='word_1_172' title='bbox 502 1687 507 1706; x_wconf 79' lang='lat' dir='ltr'><strong><em>z</em></strong></span> <span class='ocrx_word' id='word_1_173' title='bbox 533 1675 585 1705; x_wconf 90' lang='lat' dir='ltr'><strong>sed</strong></span> <span class='ocrx_word' id='word_1_174' title='bbox 604 1675 755 1705; x_wconf 84' lang='lat' dir='ltr'><strong>humores</strong></span> <span class='ocrx_word' id='word_1_175' title='bbox 778 1674 854 1702; x_wconf 83' lang='lat' dir='ltr'><strong>sunt</strong></span> <span class='ocrx_word' id='word_1_176' title='bbox 871 1671 985 1709; x_wconf 84' lang='lat' dir='ltr'><strong>hujus-</strong></span> 
     </span>
     <span class='ocr_line' id='line_1_31' title="bbox 212 1726 986 1772; baseline -0.016 -7"><span class='ocrx_word' id='word_1_177' title='bbox 212 1733 314 1770; x_wconf 87' lang='lat' dir='ltr'><strong>modi,</strong></span> <span class='ocrx_word' id='word_1_178' title='bbox 343 1732 418 1772; x_wconf 86' lang='lat' dir='ltr'><strong>quia</strong></span> <span class='ocrx_word' id='word_1_179' title='bbox 442 1739 538 1771; x_wconf 88' lang='lat' dir='ltr'><strong>penes</strong></span> <span class='ocrx_word' id='word_1_180' title='bbox 565 1729 717 1759; x_wconf 85' lang='lat' dir='ltr'><strong>humores</strong></span> <span class='ocrx_word' id='word_1_181' title='bbox 741 1726 986 1764; x_wconf 80' lang='lat' dir='ltr'><strong>distInguuntur</strong></span> 
     </span>
     <span class='ocr_line' id='line_1_32' title="bbox 213 1785 651 1826; baseline -0.014 -9"><span class='ocrx_word' id='word_1_182' title='bbox 213 1785 467 1826; x_wconf 74' lang='lat' dir='ltr'><strong>complexiones:</strong></span> <span class='ocrx_word' id='word_1_183' title='bbox 484 1792 574 1822; x_wconf 86' lang='lat' dir='ltr'><strong>ergo,</strong></span> <span class='ocrx_word' id='word_1_184' title='bbox 592 1785 651 1812; x_wconf 89' lang='lat' dir='ltr'><strong>etc.</strong></span> 
     </span>
    </p>

    <p class='ocr_par' dir='ltr' id='par_1_9' title="bbox 214 1831 989 2145">
     <span class='ocr_line' id='line_1_33' title="bbox 253 1831 987 1875; baseline -0.015 -5"><span class='ocrx_word' id='word_1_185' title='bbox 253 1840 331 1870; x_wconf 88' lang='lat' dir='ltr'><strong>Item</strong></span> <span class='ocrx_word' id='word_1_186' title='bbox 345 1839 404 1869; x_wconf 87' lang='lat' dir='ltr'><strong>hoc</strong></span> <span class='ocrx_word' id='word_1_187' title='bbox 422 1838 557 1873; x_wconf 86' lang='lat' dir='ltr'><strong>videtur,</strong></span> <span class='ocrx_word' id='word_1_188' title='bbox 575 1835 649 1875; x_wconf 86' lang='lat' dir='ltr'><strong>quia</strong></span> <span class='ocrx_word' id='word_1_189' title='bbox 664 1833 806 1864; x_wconf 88' lang='lat' dir='ltr'><strong>medium</strong></span> <span class='ocrx_word' id='word_1_190' title='bbox 832 1834 861 1862; x_wconf 88' lang='lat' dir='ltr'><strong>et</strong></span> <span class='ocrx_word' id='word_1_191' title='bbox 885 1831 987 1870; x_wconf 81' lang='lat' dir='ltr'><strong>dispo-</strong></span> 
     </span>
     <span class='ocr_line' id='line_1_34' title="bbox 214 1885 987 1927; baseline -0.013 -3"><span class='ocrx_word' id='word_1_192' title='bbox 214 1894 286 1924; x_wconf 89' lang='lat' dir='ltr'><strong>sitio</strong></span> <span class='ocrx_word' id='word_1_193' title='bbox 308 1892 437 1923; x_wconf 88' lang='lat' dir='ltr'><strong>uniendi</strong></span> <span class='ocrx_word' id='word_1_194' title='bbox 464 1891 605 1921; x_wconf 80' lang='lat' dir='ltr'><strong>ammam</strong></span> <span class='ocrx_word' id='word_1_195' title='bbox 630 1888 755 1927; x_wconf 83' lang='lat' dir='ltr'><strong>corpori</strong></span> <span class='ocrx_word' id='word_1_196' title='bbox 785 1887 931 1924; x_wconf 83' lang='lat' dir='ltr'><strong>resurget</strong></span> <span class='ocrx_word' id='word_1_197' title='bbox 955 1885 987 1914; x_wconf 91' lang='lat' dir='ltr'><strong>in</strong></span> 
     </span>
     <span class='ocr_line' id='line_1_35' title="bbox 214 1940 989 1983; baseline -0.012 -6"><span class='ocrx_word' id='word_1_198' title='bbox 214 1947 282 1977; x_wconf 90' lang='lat' dir='ltr'><strong>illo:</strong></span> <span class='ocrx_word' id='word_1_199' title='bbox 301 1945 355 1976; x_wconf 87' lang='lat' dir='ltr'><strong>sed</strong></span> <span class='ocrx_word' id='word_1_200' title='bbox 371 1945 502 1983; x_wconf 75' lang='lat' dir='ltr'><strong>sanguis</strong></span> <span class='ocrx_word' id='word_1_201' title='bbox 517 1946 563 1973; x_wconf 76' lang='lat' dir='ltr'><strong>est</strong></span> <span class='ocrx_word' id='word_1_202' title='bbox 576 1941 771 1981; x_wconf 87' lang='lat' dir='ltr'><strong>hujusmodi,</strong></span> <span class='ocrx_word' id='word_1_203' title='bbox 786 1942 817 1970; x_wconf 83' lang='lat' dir='ltr'><strong>et</strong></span> <span class='ocrx_word' id='word_1_204' title='bbox 832 1940 892 1970; x_wconf 91' lang='lat' dir='ltr'><strong>hoc</strong></span> <span class='ocrx_word' id='word_1_205' title='bbox 904 1940 989 1978; x_wconf 88' lang='lat' dir='ltr'><strong>patet</strong></span> 
     </span>
     <span class='ocr_line' id='line_1_36' title="bbox 215 1993 989 2036; baseline -0.01 -6"><span class='ocrx_word' id='word_1_206' title='bbox 215 1999 400 2030; x_wconf 77' lang='lat' dir='ltr'><strong>auctoritate</strong></span> <span class='ocrx_word' id='word_1_207' title='bbox 410 1999 437 2028; x_wconf 73' lang='grc' dir='ltr'><strong><em>ἰ</em></strong></span> <span class='ocrx_word' id='word_1_208' title='bbox 452 1997 595 2036; x_wconf 59' lang='lat' dir='ltr'><strong>Sanguis</strong></span> <span class='ocrx_word' id='word_1_209' title='bbox 606 2003 713 2027; x_wconf 82' lang='lat' dir='ltr'><strong>eorum</strong></span> <span class='ocrx_word' id='word_1_210' title='bbox 729 1996 774 2025; x_wconf 74' lang='lat' dir='ltr'><strong>est</strong></span> <span class='ocrx_word' id='word_1_211' title='bbox 784 2001 843 2032; x_wconf 76' lang='lat' dir='ltr'><strong>pro</strong></span> <span class='ocrx_word' id='word_1_212' title='bbox 860 1993 989 2030; x_wconf 61' lang='lat' dir='ltr'><strong>swalma,-</strong></span> 
     </span>
     <span class='ocr_line' id='line_1_37' title="bbox 216 2046 985 2090; baseline -0.013 -7"><span class='ocrx_word' id='word_1_213' title='bbox 216 2053 341 2083; x_wconf 83' lang='lat' dir='ltr'><strong>Glossa:</strong></span> <span class='ocrx_word' id='word_1_214' title='bbox 365 2063 378 2080; x_wconf 75' lang='lat' dir='ltr'><strong>(t</strong></span> <span class='ocrx_word' id='word_1_215' title='bbox 394 2051 520 2090; x_wconf 83' lang='lat' dir='ltr'><strong>Aliquid</strong></span> <span class='ocrx_word' id='word_1_216' title='bbox 538 2049 631 2079; x_wconf 83' lang='lat' dir='ltr'><strong>vitale</strong></span> <span class='ocrx_word' id='word_1_217' title='bbox 651 2050 698 2077; x_wconf 89' lang='lat' dir='ltr'><strong>est</strong></span> <span class='ocrx_word' id='word_1_218' title='bbox 714 2048 747 2076; x_wconf 90' lang='lat' dir='ltr'><strong>in</strong></span> <span class='ocrx_word' id='word_1_219' title='bbox 762 2046 937 2084; x_wconf 85' lang='lat' dir='ltr'><strong>sanguine,</strong></span> <span class='ocrx_word' id='word_1_220' title='bbox 955 2047 985 2074; x_wconf 86' lang='lat' dir='ltr'><strong>et</strong></span> 
     </span>
     <span class='ocr_line' id='line_1_38' title="bbox 216 2099 939 2145; baseline -0.014 -8"><span class='ocrx_word' id='word_1_221' title='bbox 216 2115 272 2145; x_wconf 89' lang='lat' dir='ltr'><strong>per</strong></span> <span class='ocrx_word' id='word_1_222' title='bbox 286 2106 392 2145; x_wconf 88' lang='lat' dir='ltr'><strong>ipsum</strong></span> <span class='ocrx_word' id='word_1_223' title='bbox 409 2103 548 2134; x_wconf 75' lang='lat' dir='ltr'><strong>maxime</strong></span> <span class='ocrx_word' id='word_1_224' title='bbox 564 2102 670 2132; x_wconf 84' lang='lat' dir='ltr'><strong>anima</strong></span> <span class='ocrx_word' id='word_1_225' title='bbox 684 2100 769 2130; x_wconf 87' lang='lat' dir='ltr'><strong>carni</strong></span> <span class='ocrx_word' id='word_1_226' title='bbox 786 2099 907 2129; x_wconf 86' lang='lat' dir='ltr'><strong>unitur.</strong></span> <span class='ocrx_word' id='word_1_227' title='bbox 925 2109 939 2125; x_wconf 85' lang='lat'>»</span> 
     </span>
    </p>

    <p class='ocr_par' dir='ltr' id='par_1_10' title="bbox 218 2150 993 2570">
     <span class='ocr_line' id='line_1_39' title="bbox 260 2150 991 2196; baseline -0.014 -7"><span class='ocrx_word' id='word_1_228' title='bbox 260 2159 336 2189; x_wconf 85' lang='lat' dir='ltr'><strong>Item</strong></span> <span class='ocrx_word' id='word_1_229' title='bbox 352 2158 413 2189; x_wconf 86' lang='lat' dir='ltr'><strong>hoc</strong></span> <span class='ocrx_word' id='word_1_230' title='bbox 428 2157 534 2196; x_wconf 88' lang='lat' dir='ltr'><strong>ipsum</strong></span> <span class='ocrx_word' id='word_1_231' title='bbox 550 2155 677 2186; x_wconf 89' lang='lat' dir='ltr'><strong>videtur</strong></span> <span class='ocrx_word' id='word_1_232' title='bbox 692 2153 825 2189; x_wconf 86' lang='lat' dir='ltr'><strong>ratione,</strong></span> <span class='ocrx_word' id='word_1_233' title='bbox 840 2151 916 2191; x_wconf 86' lang='lat' dir='ltr'><strong>quia</strong></span> <span class='ocrx_word' id='word_1_234' title='bbox 931 2150 991 2190; x_wconf 89' lang='lat' dir='ltr'><strong>spi-</strong></span> 
     </span>
     <span class='ocr_line' id='line_1_40' title="bbox 218 2204 988 2244; baseline -0.013 -1"><span class='ocrx_word' id='word_1_235' title='bbox 218 2213 298 2242; x_wconf 86' lang='lat' dir='ltr'><strong>ritus</strong></span> <span class='ocrx_word' id='word_1_236' title='bbox 312 2213 358 2242; x_wconf 84' lang='lat' dir='ltr'><strong>est</strong></span> <span class='ocrx_word' id='word_1_237' title='bbox 377 2210 518 2241; x_wconf 88' lang='lat' dir='ltr'><strong>medium</strong></span> <span class='ocrx_word' id='word_1_238' title='bbox 539 2207 668 2239; x_wconf 89' lang='lat' dir='ltr'><strong>uniendi</strong></span> <span class='ocrx_word' id='word_1_239' title='bbox 688 2206 826 2236; x_wconf 85' lang='lat' dir='ltr'><strong>animam</strong></span> <span class='ocrx_word' id='word_1_240' title='bbox 844 2204 966 2244; x_wconf 81' lang='lat' dir='ltr'><strong>corpori</strong></span> <span class='ocrx_word' id='word_1_241' title='bbox 981 2215 988 2233; x_wconf 93' lang='lat'><strong>:</strong></span> 
     </span>
     <span class='ocr_line' id='line_1_41' title="bbox 220 2257 990 2304; baseline -0.013 -9"><span class='ocrx_word' id='word_1_242' title='bbox 220 2265 273 2295; x_wconf 88' lang='lat' dir='ltr'><strong>sed</strong></span> <span class='ocrx_word' id='word_1_243' title='bbox 289 2264 430 2304; x_wconf 85' lang='lat' dir='ltr'><strong>spiritus,</strong></span> <span class='ocrx_word' id='word_1_244' title='bbox 447 2263 528 2292; x_wconf 84' lang='lat' dir='ltr'><strong>sicut</strong></span> <span class='ocrx_word' id='word_1_245' title='bbox 542 2262 650 2292; x_wconf 88' lang='lat' dir='ltr'><strong>dicunt</strong></span> <span class='ocrx_word' id='word_1_246' title='bbox 664 2257 857 2299; x_wconf 82' lang='lat' dir='ltr'><strong>philosophi,</strong></span> <span class='ocrx_word' id='word_1_247' title='bbox 875 2266 913 2287; x_wconf 81' lang='lat' dir='ltr'><strong>ex</strong></span> <span class='ocrx_word' id='word_1_248' title='bbox 930 2258 990 2287; x_wconf 92' lang='lat' dir='ltr'><strong>hu—</strong></span> 
     </span>
     <span class='ocr_line' id='line_1_42' title="bbox 222 2313 991 2356; baseline -0.013 -7"><span class='ocrx_word' id='word_1_249' title='bbox 222 2318 365 2350; x_wconf 87' lang='lat' dir='ltr'><strong>moribus</strong></span> <span class='ocrx_word' id='word_1_250' title='bbox 378 2318 584 2356; x_wconf 79' lang='lat' dir='ltr'><strong>generantur.</strong></span> <span class='ocrx_word' id='word_1_251' title='bbox 598 2314 663 2345; x_wconf 89' lang='lat' dir='ltr'><strong>Hoc</strong></span> <span class='ocrx_word' id='word_1_252' title='bbox 674 2314 779 2352; x_wconf 88' lang='lat' dir='ltr'><strong>ipsum</strong></span> <span class='ocrx_word' id='word_1_253' title='bbox 791 2313 874 2351; x_wconf 87' lang='lat' dir='ltr'><strong>patet</strong></span> <span class='ocrx_word' id='word_1_254' title='bbox 885 2320 991 2341; x_wconf 75' lang='lat' dir='ltr'><strong>exem-</strong></span> 
     </span>
     <span class='ocr_line' id='line_1_43' title="bbox 222 2363 991 2413; baseline -0.013 -11"><span class='ocrx_word' id='word_1_255' title='bbox 222 2372 273 2413; x_wconf 89' lang='lat' dir='ltr'><strong>plo</strong></span> <span class='ocrx_word' id='word_1_256' title='bbox 288 2382 294 2402; x_wconf 81' lang='lat' dir='ltr'>z</span> <span class='ocrx_word' id='word_1_257' title='bbox 316 2371 391 2410; x_wconf 87' lang='lat' dir='ltr'><strong>quia</strong></span> <span class='ocrx_word' id='word_1_258' title='bbox 405 2369 493 2400; x_wconf 83' lang='lat' dir='ltr'><strong>nulla</strong></span> <span class='ocrx_word' id='word_1_259' title='bbox 509 2369 639 2399; x_wconf 82' lang='lat' dir='ltr'><strong>laesione</strong></span> <span class='ocrx_word' id='word_1_260' title='bbox 654 2368 733 2397; x_wconf 81' lang='lat' dir='ltr'><strong>facta</strong></span> <span class='ocrx_word' id='word_1_261' title='bbox 754 2366 786 2395; x_wconf 90' lang='lat' dir='ltr'><strong>in</strong></span> <span class='ocrx_word' id='word_1_262' title='bbox 801 2373 949 2404; x_wconf 90' lang='lat' dir='ltr'><strong>corpore,</strong></span> <span class='ocrx_word' id='word_1_263' title='bbox 966 2363 991 2392; x_wconf 91' lang='lat' dir='ltr'><strong>si</strong></span> 
     </span>
     <span class='ocr_line' id='line_1_44' title="bbox 223 2418 991 2463; baseline -0.012 -7"><span class='ocrx_word' id='word_1_264' title='bbox 223 2428 308 2456; x_wconf 87' lang='lat' dir='ltr'><strong>totus</strong></span> <span class='ocrx_word' id='word_1_265' title='bbox 318 2424 451 2463; x_wconf 86' lang='lat' dir='ltr'><strong>sanguis</strong></span> <span class='ocrx_word' id='word_1_266' title='bbox 462 2423 572 2459; x_wconf 79' lang='lat' dir='ltr'><strong>exiret,</strong></span> <span class='ocrx_word' id='word_1_267' title='bbox 585 2422 689 2452; x_wconf 79' lang='lat' dir='ltr'><strong>statim</strong></span> <span class='ocrx_word' id='word_1_268' title='bbox 704 2420 811 2451; x_wconf 87' lang='lat' dir='ltr'><strong>anima</strong></span> <span class='ocrx_word' id='word_1_269' title='bbox 823 2418 991 2449; x_wconf 85' lang='lat' dir='ltr'><strong>recederet.</strong></span> 
     </span>
     <span class='ocr_line' id='line_1_45' title="bbox 225 2471 993 2517; baseline -0.013 -7"><span class='ocrx_word' id='word_1_270' title='bbox 225 2479 257 2510; x_wconf 86' lang='lat' dir='ltr'><strong>Si</strong></span> <span class='ocrx_word' id='word_1_271' title='bbox 268 2487 347 2517; x_wconf 89' lang='lat' dir='ltr'><strong>ergo</strong></span> <span class='ocrx_word' id='word_1_272' title='bbox 357 2478 506 2508; x_wconf 89' lang='lat' dir='ltr'><strong>humores</strong></span> <span class='ocrx_word' id='word_1_273' title='bbox 517 2478 590 2506; x_wconf 90' lang='lat' dir='ltr'><strong>sunt</strong></span> <span class='ocrx_word' id='word_1_274' title='bbox 600 2475 741 2505; x_wconf 89' lang='lat' dir='ltr'><strong>medium</strong></span> <span class='ocrx_word' id='word_1_275' title='bbox 752 2476 781 2503; x_wconf 86' lang='lat' dir='ltr'><strong>et</strong></span> <span class='ocrx_word' id='word_1_276' title='bbox 794 2472 873 2503; x_wconf 90' lang='lat' dir='ltr'><strong>ratio</strong></span> <span class='ocrx_word' id='word_1_277' title='bbox 883 2471 993 2503; x_wconf 90' lang='lat' dir='ltr'><strong>unien-</strong></span> 
     </span>
     <span class='ocr_line' id='line_1_46' title="bbox 223 2528 857 2570; baseline -0.013 -7"><span class='ocrx_word' id='word_1_278' title='bbox 223 2532 266 2570; x_wconf 91' lang='lat' dir='ltr'><strong>di,</strong></span> <span class='ocrx_word' id='word_1_279' title='bbox 282 2540 361 2570; x_wconf 88' lang='lat' dir='ltr'><strong>ergo</strong></span> <span class='ocrx_word' id='word_1_280' title='bbox 377 2538 501 2561; x_wconf 88' lang='lat' dir='ltr'><strong>necesse</strong></span> <span class='ocrx_word' id='word_1_281' title='bbox 516 2531 562 2559; x_wconf 86' lang='lat' dir='ltr'><strong>est</strong></span> <span class='ocrx_word' id='word_1_282' title='bbox 576 2528 660 2567; x_wconf 92' lang='lat' dir='ltr'><strong>quod</strong></span> <span class='ocrx_word' id='word_1_283' title='bbox 675 2531 857 2565; x_wconf 81' lang='lat' dir='ltr'><strong>resurgant.</strong></span> 
     </span>
    </p>

    <p class='ocr_par' dir='ltr' id='par_1_11' title="bbox 264 2575 996 2622">
     <span class='ocr_line' id='line_1_47' title="bbox 264 2575 996 2622; baseline -0.014 -7"><span class='ocrx_word' id='word_1_284' title='bbox 264 2585 359 2622; x_wconf 83' lang='lat' dir='ltr'><strong>Item,</strong></span> <span class='ocrx_word' id='word_1_285' title='bbox 379 2583 405 2613; x_wconf 89' lang='lat' dir='ltr'><strong>si</strong></span> <span class='ocrx_word' id='word_1_286' title='bbox 424 2591 488 2613; x_wconf 91' lang='lat' dir='ltr'><strong>non</strong></span> <span class='ocrx_word' id='word_1_287' title='bbox 508 2583 693 2619; x_wconf 85' lang='lat' dir='ltr'><strong>resurgant,</strong></span> <span class='ocrx_word' id='word_1_288' title='bbox 715 2588 788 2609; x_wconf 87' lang='lat' dir='ltr'><strong>cum</strong></span> <span class='ocrx_word' id='word_1_289' title='bbox 810 2575 996 2616; x_wconf 87' lang='lat' dir='ltr'><strong>hujusmodi</strong></span> 
     </span>
    </p>
   </div>
   <div class='ocr_carea' id='block_1_4' title="bbox 258 2637 996 2675">
    <p class='ocr_par' dir='ltr' id='par_1_12' title="bbox 258 2637 996 2675">
     <span class='ocr_line' id='line_1_48' title="bbox 258 2637 996 2675; baseline -0.015 -3"><span class='ocrx_word' id='word_1_290' title='bbox 258 2649 262 2661; x_wconf 90' lang='lat'>¹</span> <span class='ocrx_word' id='word_1_291' title='bbox 274 2648 326 2671; x_wconf 87' lang='lat' dir='ltr'><strong>lmo</strong></span> <span class='ocrx_word' id='word_1_292' title='bbox 338 2647 426 2671; x_wconf 77' lang='lat' dir='ltr'><strong>auctor</strong></span> <span class='ocrx_word' id='word_1_293' title='bbox 438 2644 494 2669; x_wconf 86' lang='lat' dir='ltr'><strong>libri</strong></span> <span class='ocrx_word' id='word_1_294' title='bbox 503 2643 533 2668; x_wconf 85' lang='lat' dir='ltr'><strong>de</strong></span> <span class='ocrx_word' id='word_1_295' title='bbox 543 2644 611 2675; x_wconf 69' lang='lat' dir='ltr'><strong>Spir.</strong></span> <span class='ocrx_word' id='word_1_296' title='bbox 621 2644 646 2667; x_wconf 79' lang='lat' dir='ltr'><strong>et</strong></span> <span class='ocrx_word' id='word_1_297' title='bbox 656 2643 748 2671; x_wconf 65' lang='lat' dir='ltr'><strong>Arum„</strong></span> <span class='ocrx_word' id='word_1_298' title='bbox 759 2648 780 2664; x_wconf 85' lang='lat' dir='ltr'><strong>c.</strong></span> <span class='ocrx_word' id='word_1_299' title='bbox 790 2646 834 2671; x_wconf 82' lang='lat' dir='ltr'><strong>xv,</strong></span> <span class='ocrx_word' id='word_1_300' title='bbox 844 2639 871 2663; x_wconf 87' lang='lat' dir='ltr'><strong>in</strong></span> <span class='ocrx_word' id='word_1_301' title='bbox 881 2637 996 2670; x_wconf 80' lang='lat' dir='ltr'><strong>Append.</strong></span> 
     </span>
    </p>
   </div>
   <div class='ocr_carea' id='block_1_5' title="bbox 767 159 1248 198">
    <p class='ocr_par' dir='ltr' id='par_1_13' title="bbox 767 159 1248 198">
     <span class='ocr_line' id='line_1_49' title="bbox 767 159 1248 198; baseline -0.019 0"><span class='ocrx_word' id='word_1_302' title='bbox 767 160 1075 198; x_wconf 82' lang='lat' dir='ltr'><strong>SENTENTIARUM</strong></span> <span class='ocrx_word' id='word_1_303' title='bbox 1100 160 1173 191; x_wconf 85' lang='lat' dir='ltr'><strong>LlBl</strong></span> <span class='ocrx_word' id='word_1_304' title='bbox 1212 159 1248 189; x_wconf 88' lang='lat' dir='ltr'><strong>V.</strong></span> 
     </span>
    </p>
   </div>
   <div class='ocr_carea' id='block_1_6' title="bbox 1033 226 1808 640">
    <p class='ocr_par' dir='ltr' id='par_1_14' title="bbox 1033 226 1805 369">
     <span class='ocr_line' id='line_1_50' title="bbox 1033 226 1805 266; baseline -0.008 -6"><span class='ocrx_word' id='word_1_305' title='bbox 1033 229 1186 259; x_wconf 86' lang='lat' dir='ltr'><strong>humores</strong></span> <span class='ocrx_word' id='word_1_306' title='bbox 1207 228 1357 266; x_wconf 84' lang='lat' dir='ltr'><strong>impleant</strong></span> <span class='ocrx_word' id='word_1_307' title='bbox 1375 234 1503 264; x_wconf 79' lang='lat' dir='ltr'><strong>corpuS,</strong></span> <span class='ocrx_word' id='word_1_308' title='bbox 1525 226 1671 263; x_wconf 88' lang='lat' dir='ltr'><strong>resurget</strong></span> <span class='ocrx_word' id='word_1_309' title='bbox 1691 233 1805 265; x_wconf 86' lang='lat' dir='ltr'><strong>corpus</strong></span> 
     </span>
     <span class='ocr_line' id='line_1_51' title="bbox 1035 277 1802 319; baseline -0.007 -7"><span class='ocrx_word' id='word_1_310' title='bbox 1035 290 1172 312; x_wconf 82' lang='lat' dir='ltr'><strong>vacuum</strong></span> <span class='ocrx_word' id='word_1_311' title='bbox 1186 282 1215 310; x_wconf 87' lang='lat' dir='ltr'><strong>et</strong></span> <span class='ocrx_word' id='word_1_312' title='bbox 1227 279 1456 319; x_wconf 77' lang='lat' dir='ltr'><strong>imperfectum,</strong></span> <span class='ocrx_word' id='word_1_313' title='bbox 1469 287 1504 308; x_wconf 84' lang='lat' dir='ltr'><strong>ac</strong></span> <span class='ocrx_word' id='word_1_314' title='bbox 1513 286 1570 317; x_wconf 88' lang='lat' dir='ltr'><strong>per</strong></span> <span class='ocrx_word' id='word_1_315' title='bbox 1579 277 1638 307; x_wconf 91' lang='lat' dir='ltr'><strong>hoc</strong></span> <span class='ocrx_word' id='word_1_316' title='bbox 1648 277 1802 308; x_wconf 78' lang='lat' dir='ltr'><strong>deforme:</strong></span> 
     </span>
     <span class='ocr_line' id='line_1_52' title="bbox 1034 331 1752 369; baseline -0.007 -4"><span class='ocrx_word' id='word_1_317' title='bbox 1034 335 1086 365; x_wconf 87' lang='lat' dir='ltr'><strong>sed</strong></span> <span class='ocrx_word' id='word_1_318' title='bbox 1104 335 1163 364; x_wconf 88' lang='lat' dir='ltr'><strong>hoc</strong></span> <span class='ocrx_word' id='word_1_319' title='bbox 1179 335 1223 363; x_wconf 80' lang='lat' dir='ltr'><strong>est</strong></span> <span class='ocrx_word' id='word_1_320' title='bbox 1240 332 1388 363; x_wconf 86' lang='lat' dir='ltr'><strong>indecens</strong></span> <span class='ocrx_word' id='word_1_321' title='bbox 1403 332 1436 361; x_wconf 87' lang='lat' dir='ltr'><strong>in</strong></span> <span class='ocrx_word' id='word_1_322' title='bbox 1451 331 1567 361; x_wconf 86' lang='lat' dir='ltr'><strong>beatis:</strong></span> <span class='ocrx_word' id='word_1_323' title='bbox 1587 339 1676 369; x_wconf 85' lang='lat' dir='ltr'><strong>ergo,</strong></span> <span class='ocrx_word' id='word_1_324' title='bbox 1693 333 1752 361; x_wconf 86' lang='lat' dir='ltr'><strong>etc.</strong></span> 
     </span>
    </p>

    <p class='ocr_par' dir='ltr' id='par_1_15' title="bbox 1034 384 1808 640">
     <span class='ocr_line' id='line_1_53' title="bbox 1075 384 1805 418; baseline -0.007 0"><span class='ocrx_word' id='word_1_325' title='bbox 1075 388 1152 418; x_wconf 86' lang='lat' dir='ltr'><strong>Item</strong></span> <span class='ocrx_word' id='word_1_326' title='bbox 1169 387 1200 416; x_wconf 92' lang='lat' dir='ltr'><strong>in</strong></span> <span class='ocrx_word' id='word_1_327' title='bbox 1214 387 1411 415; x_wconf 80' lang='lat' dir='ltr'><strong>sacramento</strong></span> <span class='ocrx_word' id='word_1_328' title='bbox 1426 384 1532 414; x_wconf 83' lang='lat' dir='ltr'><strong>altaris</strong></span> <span class='ocrx_word' id='word_1_329' title='bbox 1545 384 1739 414; x_wconf 87' lang='lat' dir='ltr'><strong>convertitur</strong></span> <span class='ocrx_word' id='word_1_330' title='bbox 1755 384 1805 414; x_wconf 90' lang='lat' dir='ltr'><strong>vi-</strong></span> 
     </span>
     <span class='ocr_line' id='line_1_54' title="bbox 1035 437 1808 477; baseline -0.005 -5"><span class='ocrx_word' id='word_1_331' title='bbox 1035 451 1112 472; x_wconf 90' lang='lat' dir='ltr'><strong>num</strong></span> <span class='ocrx_word' id='word_1_332' title='bbox 1141 441 1173 471; x_wconf 91' lang='lat' dir='ltr'><strong>in</strong></span> <span class='ocrx_word' id='word_1_333' title='bbox 1196 448 1310 470; x_wconf 87' lang='lat' dir='ltr'><strong>verum</strong></span> <span class='ocrx_word' id='word_1_334' title='bbox 1333 438 1542 477; x_wconf 81' lang='lat' dir='ltr'><strong>sanguinem3</strong></span> <span class='ocrx_word' id='word_1_335' title='bbox 1569 437 1621 467; x_wconf 85' lang='lat' dir='ltr'><strong>scd</strong></span> <span class='ocrx_word' id='word_1_336' title='bbox 1646 437 1705 467; x_wconf 90' lang='lat' dir='ltr'><strong>hoc</strong></span> <span class='ocrx_word' id='word_1_337' title='bbox 1725 439 1808 468; x_wconf 88' lang='lat' dir='ltr'><strong>esset</strong></span> 
     </span>
     <span class='ocr_line' id='line_1_55' title="bbox 1034 490 1806 534; baseline -0.004 -10"><span class='ocrx_word' id='word_1_338' title='bbox 1034 493 1227 534; x_wconf 83' lang='lat' dir='ltr'><strong>impossibile</strong></span> <span class='ocrx_word' id='word_1_339' title='bbox 1238 517 1245 530; x_wconf 93' lang='lat'><strong>,</strong></span> <span class='ocrx_word' id='word_1_340' title='bbox 1272 492 1331 522; x_wconf 88' lang='lat' dir='ltr'><strong>nisi</strong></span> <span class='ocrx_word' id='word_1_341' title='bbox 1358 492 1493 530; x_wconf 86' lang='lat' dir='ltr'><strong>sanguis</strong></span> <span class='ocrx_word' id='word_1_342' title='bbox 1520 490 1746 521; x_wconf 82' lang='lat' dir='ltr'><strong>resurrexisset</strong></span> <span class='ocrx_word' id='word_1_343' title='bbox 1773 490 1806 521; x_wconf 91' lang='lat' dir='ltr'><strong>in</strong></span> 
     </span>
     <span class='ocr_line' id='line_1_56' title="bbox 1035 543 1807 582; baseline -0.005 -5"><span class='ocrx_word' id='word_1_344' title='bbox 1035 548 1177 578; x_wconf 88' lang='lat' dir='ltr'><strong>Christo:</strong></span> <span class='ocrx_word' id='word_1_345' title='bbox 1201 546 1253 576; x_wconf 88' lang='lat' dir='ltr'><strong>sed</strong></span> <span class='ocrx_word' id='word_1_346' title='bbox 1276 545 1302 575; x_wconf 88' lang='lat' dir='ltr'><strong>si</strong></span> <span class='ocrx_word' id='word_1_347' title='bbox 1322 545 1353 575; x_wconf 89' lang='lat' dir='ltr'><strong>in</strong></span> <span class='ocrx_word' id='word_1_348' title='bbox 1376 544 1499 574; x_wconf 88' lang='lat' dir='ltr'><strong>Christo</strong></span> <span class='ocrx_word' id='word_1_349' title='bbox 1523 543 1712 582; x_wconf 85' lang='lat' dir='ltr'><strong>resurrexit,</strong></span> <span class='ocrx_word' id='word_1_350' title='bbox 1728 543 1807 574; x_wconf 90' lang='lat' dir='ltr'><strong>etin</strong></span> 
     </span>
     <span class='ocr_line' id='line_1_57' title="bbox 1035 598 1612 640; baseline -0.007 -10"><span class='ocrx_word' id='word_1_351' title='bbox 1035 600 1175 640; x_wconf 85' lang='lat' dir='ltr'><strong>quolibet</strong></span> <span class='ocrx_word' id='word_1_352' title='bbox 1190 599 1250 629; x_wconf 85' lang='lat' dir='ltr'><strong>alio</strong></span> <span class='ocrx_word' id='word_1_353' title='bbox 1267 600 1429 636; x_wconf 82' lang='lat' dir='ltr'><strong>resurget:</strong></span> <span class='ocrx_word' id='word_1_354' title='bbox 1447 606 1537 636; x_wconf 86' lang='lat' dir='ltr'><strong>ergo,</strong></span> <span class='ocrx_word' id='word_1_355' title='bbox 1555 598 1612 627; x_wconf 84' lang='lat' dir='ltr'><strong>etc.</strong></span> 
     </span>
    </p>
   </div>
   <div class='ocr_carea' id='block_1_7' title="bbox 1308 711 1532 743">
    <p class='ocr_par' dir='ltr' id='par_1_16' title="bbox 1308 711 1532 743">
     <span class='ocr_line' id='line_1_58' title="bbox 1308 711 1532 743; baseline -0.004 0"><span class='ocrx_word' id='word_1_356' title='bbox 1308 711 1532 743; x_wconf 76' lang='lat' dir='ltr'><strong>CONCLUSIO.</strong></span> 
     </span>
    </p>
   </div>
   <div class='ocr_carea' id='block_1_8' title="bbox 1036 796 1809 920">
    <p class='ocr_par' dir='ltr' id='par_1_17' title="bbox 1036 796 1809 920">
     <span class='ocr_line' id='line_1_59' title="bbox 1036 796 1808 833; baseline -0.003 -8"><span class='ocrx_word' id='word_1_357' title='bbox 1036 799 1195 826; x_wconf 73' lang='lat' dir='ltr'><strong>Htmu&#39;dz&#39;tas</strong></span> <span class='ocrx_word' id='word_1_358' title='bbox 1222 797 1444 833; x_wconf 56' lang='lat' dir='ltr'><strong>complexionalz&#39;s</strong></span> <span class='ocrx_word' id='word_1_359' title='bbox 1468 799 1493 823; x_wconf 79' lang='lat' dir='ltr'><strong>et</strong></span> <span class='ocrx_word' id='word_1_360' title='bbox 1519 797 1635 823; x_wconf 84' lang='lat' dir='ltr'><strong>humores</strong></span> <span class='ocrx_word' id='word_1_361' title='bbox 1658 797 1687 822; x_wconf 82' lang='lat' dir='ltr'><strong>in</strong></span> <span class='ocrx_word' id='word_1_362' title='bbox 1705 796 1808 830; x_wconf 78' lang='lat' dir='ltr'><strong>judicio</strong></span> 
     </span>
     <span class='ocr_line' id='line_1_60' title="bbox 1072 841 1809 876; baseline -0.004 -6"><span class='ocrx_word' id='word_1_363' title='bbox 1072 846 1226 876; x_wconf 61' lang='lat' dir='ltr'><strong>resto-flent,</strong></span> <span class='ocrx_word' id='word_1_364' title='bbox 1255 843 1319 876; x_wconf 71' lang='lat' dir='ltr'><strong>quia</strong></span> <span class='ocrx_word' id='word_1_365' title='bbox 1351 848 1431 868; x_wconf 69' lang='lat' dir='ltr'><strong>verus</strong></span> <span class='ocrx_word' id='word_1_366' title='bbox 1462 841 1571 874; x_wconf 69' lang='lat' dir='ltr'><strong>sanquis</strong></span> <span class='ocrx_word' id='word_1_367' title='bbox 1599 842 1746 867; x_wconf 73' lang='lat' dir='ltr'><strong>resurrexit</strong></span> <span class='ocrx_word' id='word_1_368' title='bbox 1780 842 1809 867; x_wconf 87' lang='lat' dir='ltr'><strong>in</strong></span> 
     </span>
     <span class='ocr_line' id='line_1_61' title="bbox 1073 886 1510 920; baseline -0.007 -6"><span class='ocrx_word' id='word_1_369' title='bbox 1073 888 1183 914; x_wconf 74' lang='lat' dir='ltr'><strong>Christo</strong></span> <span class='ocrx_word' id='word_1_370' title='bbox 1199 889 1227 913; x_wconf 81' lang='lat' dir='ltr'><strong>in</strong></span> <span class='ocrx_word' id='word_1_371' title='bbox 1241 887 1298 920; x_wconf 79' lang='lat' dir='ltr'><strong>ejvs</strong></span> <span class='ocrx_word' id='word_1_372' title='bbox 1313 886 1510 912; x_wconf 80' lang='lat' dir='ltr'><strong>resurrectione.</strong></span> 
     </span>
    </p>
   </div>
   <div class='ocr_carea' id='block_1_9' title="bbox 1037 968 1824 2555">
    <p class='ocr_par' dir='ltr' id='par_1_18' title="bbox 1037 968 1824 2555">
     <span class='ocr_line' id='line_1_62' title="bbox 1078 968 1807 1012; baseline -0.005 -10"><span class='ocrx_word' id='word_1_373' title='bbox 1078 972 1169 1012; x_wconf 83' lang='lat' dir='ltr'><strong>Resp.</strong></span> <span class='ocrx_word' id='word_1_374' title='bbox 1188 971 1226 1001; x_wconf 88' lang='lat' dir='ltr'><strong>ad</strong></span> <span class='ocrx_word' id='word_1_375' title='bbox 1247 980 1318 1009; x_wconf 85' lang='lat' dir='ltr'><strong>arg.</strong></span> <span class='ocrx_word' id='word_1_376' title='bbox 1341 969 1515 1000; x_wconf 86' lang='lat' dir='ltr'><strong>Dicendum</strong></span> <span class='ocrx_word' id='word_1_377' title='bbox 1536 969 1620 1008; x_wconf 89' lang='lat' dir='ltr'><strong>quod</strong></span> <span class='ocrx_word' id='word_1_378' title='bbox 1640 968 1807 1007; x_wconf 84' lang='lat' dir='ltr'><strong>differunt,</strong></span> 
     </span>
     <span class='ocr_line' id='line_1_63' title="bbox 1037 1021 1807 1063; baseline -0.003 -9"><span class='ocrx_word' id='word_1_379' title='bbox 1037 1025 1117 1055; x_wconf 77' lang='lat' dir='ltr'><strong>sicut</strong></span> <span class='ocrx_word' id='word_1_380' title='bbox 1147 1025 1253 1054; x_wconf 85' lang='lat' dir='ltr'><strong>dicunt</strong></span> <span class='ocrx_word' id='word_1_381' title='bbox 1278 1023 1474 1063; x_wconf 78' lang='lat' dir='ltr'><strong>philosophi,</strong></span> <span class='ocrx_word' id='word_1_382' title='bbox 1501 1022 1619 1052; x_wconf 81' lang='lat' dir='ltr'><strong>humor</strong></span> <span class='ocrx_word' id='word_1_383' title='bbox 1643 1023 1674 1052; x_wconf 86' lang='lat' dir='ltr'><strong>et</strong></span> <span class='ocrx_word' id='word_1_384' title='bbox 1701 1021 1807 1052; x_wconf 89' lang='lat' dir='ltr'><strong>humi-</strong></span> 
     </span>
     <span class='ocr_line' id='line_1_64' title="bbox 1038 1075 1808 1114; baseline -0.003 -7"><span class='ocrx_word' id='word_1_385' title='bbox 1038 1078 1127 1108; x_wconf 76' lang='lat' dir='ltr'><strong>ditas.</strong></span> <span class='ocrx_word' id='word_1_386' title='bbox 1141 1077 1220 1108; x_wconf 85' lang='lat' dir='ltr'><strong>Nam</strong></span> <span class='ocrx_word' id='word_1_387' title='bbox 1235 1078 1352 1107; x_wconf 88' lang='lat' dir='ltr'><strong>humor</strong></span> <span class='ocrx_word' id='word_1_388' title='bbox 1363 1076 1488 1112; x_wconf 81' lang='lat' dir='ltr'><strong>dicitur,</strong></span> <span class='ocrx_word' id='word_1_389' title='bbox 1502 1077 1595 1114; x_wconf 88' lang='lat' dir='ltr'><strong>prout</strong></span> <span class='ocrx_word' id='word_1_390' title='bbox 1606 1075 1695 1105; x_wconf 85' lang='lat' dir='ltr'><strong>estin</strong></span> <span class='ocrx_word' id='word_1_391' title='bbox 1704 1075 1808 1111; x_wconf 85' lang='lat' dir='ltr'><strong>venis;</strong></span> 
     </span>
     <span class='ocr_line' id='line_1_65' title="bbox 1038 1128 1809 1168; baseline -0.004 -7"><span class='ocrx_word' id='word_1_392' title='bbox 1038 1131 1212 1161; x_wconf 77' lang='lat' dir='ltr'><strong>humiditas</strong></span> <span class='ocrx_word' id='word_1_393' title='bbox 1232 1132 1355 1167; x_wconf 88' lang='lat' dir='ltr'><strong>autem,</strong></span> <span class='ocrx_word' id='word_1_394' title='bbox 1373 1132 1467 1168; x_wconf 89' lang='lat' dir='ltr'><strong>prout</strong></span> <span class='ocrx_word' id='word_1_395' title='bbox 1481 1131 1571 1158; x_wconf 76' lang='lat' dir='ltr'><strong>extra</strong></span> <span class='ocrx_word' id='word_1_396' title='bbox 1584 1137 1681 1158; x_wconf 84' lang='lat' dir='ltr'><strong>venas</strong></span> <span class='ocrx_word' id='word_1_397' title='bbox 1697 1128 1809 1167; x_wconf 89' lang='lat' dir='ltr'><strong>dirigi-</strong></span> 
     </span>
     <span class='ocr_line' id='line_1_66' title="bbox 1039 1180 1808 1221; baseline -0.005 -7"><span class='ocrx_word' id='word_1_398' title='bbox 1039 1187 1101 1221; x_wconf 89' lang='lat' dir='ltr'><strong>tur,</strong></span> <span class='ocrx_word' id='word_1_399' title='bbox 1118 1186 1147 1214; x_wconf 91' lang='lat' dir='ltr'><strong>et</strong></span> <span class='ocrx_word' id='word_1_400' title='bbox 1166 1186 1255 1213; x_wconf 85' lang='lat' dir='ltr'><strong>extra</strong></span> <span class='ocrx_word' id='word_1_401' title='bbox 1270 1192 1367 1213; x_wconf 76' lang='lat' dir='ltr'><strong>venas</strong></span> <span class='ocrx_word' id='word_1_402' title='bbox 1380 1184 1439 1215; x_wconf 73' lang='lat' dir='ltr'><strong>est,</strong></span> <span class='ocrx_word' id='word_1_403' title='bbox 1457 1184 1487 1211; x_wconf 91' lang='lat' dir='ltr'><strong>et</strong></span> <span class='ocrx_word' id='word_1_404' title='bbox 1501 1183 1593 1220; x_wconf 85' lang='lat' dir='ltr'><strong>prout</strong></span> <span class='ocrx_word' id='word_1_405' title='bbox 1611 1181 1650 1211; x_wconf 87' lang='lat' dir='ltr'><strong>ab</strong></span> <span class='ocrx_word' id='word_1_406' title='bbox 1667 1180 1712 1211; x_wconf 89' lang='lat' dir='ltr'><strong>eis</strong></span> <span class='ocrx_word' id='word_1_407' title='bbox 1726 1180 1808 1211; x_wconf 88' lang='lat' dir='ltr'><strong>deri-</strong></span> 
     </span>
     <span class='ocr_line' id='line_1_67' title="bbox 1041 1233 1811 1273; baseline -0.003 -7"><span class='ocrx_word' id='word_1_408' title='bbox 1041 1239 1133 1267; x_wconf 82' lang='lat' dir='ltr'><strong>vatur</strong></span> <span class='ocrx_word' id='word_1_409' title='bbox 1143 1236 1182 1266; x_wconf 89' lang='lat' dir='ltr'><strong>ad</strong></span> <span class='ocrx_word' id='word_1_410' title='bbox 1194 1236 1346 1266; x_wconf 77' lang='lat' dir='ltr'><strong>membra.</strong></span> <span class='ocrx_word' id='word_1_411' title='bbox 1364 1234 1535 1273; x_wconf 78' lang='lat' dir='ltr'><strong>Distinguit</strong></span> <span class='ocrx_word' id='word_1_412' title='bbox 1545 1234 1632 1264; x_wconf 82' lang='lat' dir='ltr'><strong>enim</strong></span> <span class='ocrx_word' id='word_1_413' title='bbox 1648 1233 1811 1264; x_wconf 89' lang='lat' dir='ltr'><strong>Avicenna</strong></span> 
     </span>
     <span class='ocr_line' id='line_1_68' title="bbox 1040 1287 1809 1325; baseline -0.004 -5"><span class='ocrx_word' id='word_1_414' title='bbox 1040 1291 1121 1320; x_wconf 82' lang='lat' dir='ltr'><strong>inter</strong></span> <span class='ocrx_word' id='word_1_415' title='bbox 1150 1290 1320 1320; x_wconf 80' lang='lat' dir='ltr'><strong>humorem</strong></span> <span class='ocrx_word' id='word_1_416' title='bbox 1348 1291 1377 1318; x_wconf 88' lang='lat' dir='ltr'><strong>et</strong></span> <span class='ocrx_word' id='word_1_417' title='bbox 1409 1288 1649 1325; x_wconf 86' lang='lat' dir='ltr'><strong>humiditatem,</strong></span> <span class='ocrx_word' id='word_1_418' title='bbox 1678 1289 1708 1317; x_wconf 90' lang='lat' dir='ltr'><strong>et</strong></span> <span class='ocrx_word' id='word_1_419' title='bbox 1734 1287 1809 1318; x_wconf 86' lang='lat' dir='ltr'><strong>dicit</strong></span> 
     </span>
     <span class='ocr_line' id='line_1_69' title="bbox 1040 1340 1810 1382; baseline -0.004 -9"><span class='ocrx_word' id='word_1_420' title='bbox 1040 1342 1124 1382; x_wconf 83' lang='lat' dir='ltr'><strong>quod</strong></span> <span class='ocrx_word' id='word_1_421' title='bbox 1144 1342 1260 1372; x_wconf 87' lang='lat' dir='ltr'><strong>humor</strong></span> <span class='ocrx_word' id='word_1_422' title='bbox 1280 1342 1393 1372; x_wconf 86' lang='lat' dir='ltr'><strong>dicitur</strong></span> <span class='ocrx_word' id='word_1_423' title='bbox 1412 1343 1506 1381; x_wconf 85' lang='lat' dir='ltr'><strong>prout</strong></span> <span class='ocrx_word' id='word_1_424' title='bbox 1520 1342 1567 1370; x_wconf 87' lang='lat' dir='ltr'><strong>est</strong></span> <span class='ocrx_word' id='word_1_425' title='bbox 1582 1340 1615 1370; x_wconf 91' lang='lat' dir='ltr'><strong>in</strong></span> <span class='ocrx_word' id='word_1_426' title='bbox 1629 1340 1734 1378; x_wconf 87' lang='lat' dir='ltr'><strong>venis;</strong></span> <span class='ocrx_word' id='word_1_427' title='bbox 1752 1340 1810 1371; x_wconf 92' lang='lat' dir='ltr'><strong>hu-</strong></span> 
     </span>
     <span class='ocr_line' id='line_1_70' title="bbox 1041 1393 1810 1434; baseline -0.001 -9"><span class='ocrx_word' id='word_1_428' title='bbox 1041 1396 1167 1426; x_wconf 83' lang='lat' dir='ltr'><strong>miditas</strong></span> <span class='ocrx_word' id='word_1_429' title='bbox 1183 1398 1308 1433; x_wconf 66' lang='lat' dir='ltr'><strong>aut-m,</strong></span> <span class='ocrx_word' id='word_1_430' title='bbox 1330 1398 1422 1434; x_wconf 77' lang='lat' dir='ltr'><strong>prout</strong></span> <span class='ocrx_word' id='word_1_431' title='bbox 1444 1404 1462 1424; x_wconf 92' lang='lat' dir='ltr'><strong>a</strong></span> <span class='ocrx_word' id='word_1_432' title='bbox 1483 1394 1572 1425; x_wconf 88' lang='lat' dir='ltr'><strong>venis</strong></span> <span class='ocrx_word' id='word_1_433' title='bbox 1593 1394 1754 1424; x_wconf 83' lang='lat' dir='ltr'><strong>derivatur</strong></span> <span class='ocrx_word' id='word_1_434' title='bbox 1772 1393 1810 1424; x_wconf 85' lang='lat' dir='ltr'><strong>ad</strong></span> 
     </span>
     <span class='ocr_line' id='line_1_71' title="bbox 1041 1447 1812 1488; baseline -0.003 -9"><span class='ocrx_word' id='word_1_435' title='bbox 1041 1449 1194 1479; x_wconf 84' lang='lat' dir='ltr'><strong>membra.</strong></span> <span class='ocrx_word' id='word_1_436' title='bbox 1213 1448 1249 1478; x_wconf 85' lang='lat' dir='ltr'><strong>Et</strong></span> <span class='ocrx_word' id='word_1_437' title='bbox 1265 1449 1323 1479; x_wconf 84' lang='lat' dir='ltr'><strong>hoc</strong></span> <span class='ocrx_word' id='word_1_438' title='bbox 1337 1449 1369 1478; x_wconf 91' lang='lat' dir='ltr'><strong>in</strong></span> <span class='ocrx_word' id='word_1_439' title='bbox 1384 1448 1498 1488; x_wconf 82' lang='lat' dir='ltr'><strong>triplici</strong></span> <span class='ocrx_word' id='word_1_440' title='bbox 1516 1450 1617 1478; x_wconf 88' lang='lat' dir='ltr'><strong>statu:</strong></span> <span class='ocrx_word' id='word_1_441' title='bbox 1635 1450 1689 1478; x_wconf 89' lang='lat' dir='ltr'><strong>aut</strong></span> <span class='ocrx_word' id='word_1_442' title='bbox 1704 1447 1736 1477; x_wconf 91' lang='lat' dir='ltr'><strong>in</strong></span> <span class='ocrx_word' id='word_1_443' title='bbox 1753 1447 1812 1486; x_wconf 89' lang='lat' dir='ltr'><strong>pri-</strong></span> 
     </span>
     <span class='ocr_line' id='line_1_72' title="bbox 1041 1500 1811 1541; baseline -0.004 -8"><span class='ocrx_word' id='word_1_444' title='bbox 1041 1513 1093 1533; x_wconf 94' lang='lat' dir='ltr'><strong>mo</strong></span> <span class='ocrx_word' id='word_1_445' title='bbox 1109 1512 1240 1541; x_wconf 83' lang='lat' dir='ltr'><strong>egressu</strong></span> <span class='ocrx_word' id='word_1_446' title='bbox 1256 1512 1274 1532; x_wconf 87' lang='lat' dir='ltr'><strong>a</strong></span> <span class='ocrx_word' id='word_1_447' title='bbox 1294 1502 1400 1539; x_wconf 84' lang='lat' dir='ltr'><strong>venis,</strong></span> <span class='ocrx_word' id='word_1_448' title='bbox 1423 1504 1452 1531; x_wconf 83' lang='lat' dir='ltr'><strong>et</strong></span> <span class='ocrx_word' id='word_1_449' title='bbox 1470 1501 1513 1531; x_wconf 86' lang='lat' dir='ltr'><strong>sic</strong></span> <span class='ocrx_word' id='word_1_450' title='bbox 1532 1503 1663 1531; x_wconf 83' lang='lat' dir='ltr'><strong>vocatur</strong></span> <span class='ocrx_word' id='word_1_451' title='bbox 1682 1509 1733 1530; x_wconf 92' lang='lat' dir='ltr'><strong>ros</strong></span> <span class='ocrx_word' id='word_1_452' title='bbox 1748 1500 1811 1530; x_wconf 89' lang='lat' dir='ltr'><strong>hn-</strong></span> 
     </span>
     <span class='ocr_line' id='line_1_73' title="bbox 1041 1552 1811 1594; baseline -0.004 -9"><span class='ocrx_word' id='word_1_453' title='bbox 1041 1555 1177 1593; x_wconf 85' lang='lat' dir='ltr'><strong>niiditas,</strong></span> <span class='ocrx_word' id='word_1_454' title='bbox 1194 1555 1319 1593; x_wconf 89' lang='lat' dir='ltr'><strong>scilicet,</strong></span> <span class='ocrx_word' id='word_1_455' title='bbox 1330 1563 1402 1594; x_wconf 82' lang='lat' dir='ltr'><strong>quae</strong></span> <span class='ocrx_word' id='word_1_456' title='bbox 1416 1557 1461 1584; x_wconf 86' lang='lat' dir='ltr'><strong>est</strong></span> <span class='ocrx_word' id='word_1_457' title='bbox 1474 1554 1507 1584; x_wconf 89' lang='lat' dir='ltr'><strong>in</strong></span> <span class='ocrx_word' id='word_1_458' title='bbox 1520 1552 1728 1584; x_wconf 80' lang='lat' dir='ltr'><strong>foraminibus</strong></span> <span class='ocrx_word' id='word_1_459' title='bbox 1742 1562 1811 1592; x_wconf 82' lang='lat' dir='ltr'><strong>par-</strong></span> 
     </span>
     <span class='ocr_line' id='line_1_74' title="bbox 1042 1606 1812 1646; baseline -0.004 -7"><span class='ocrx_word' id='word_1_460' title='bbox 1042 1618 1155 1639; x_wconf 85' lang='lat' dir='ltr'><strong>varum</strong></span> <span class='ocrx_word' id='word_1_461' title='bbox 1170 1618 1341 1645; x_wconf 85' lang='lat' dir='ltr'><strong>venarum3</strong></span> <span class='ocrx_word' id='word_1_462' title='bbox 1357 1610 1411 1638; x_wconf 91' lang='lat' dir='ltr'><strong>aut</strong></span> <span class='ocrx_word' id='word_1_463' title='bbox 1423 1609 1517 1646; x_wconf 89' lang='lat' dir='ltr'><strong>prout</strong></span> <span class='ocrx_word' id='word_1_464' title='bbox 1527 1607 1636 1646; x_wconf 85' lang='lat' dir='ltr'><strong>incipit</strong></span> <span class='ocrx_word' id='word_1_465' title='bbox 1649 1606 1733 1636; x_wconf 83' lang='lat' dir='ltr'><strong>ultra</strong></span> <span class='ocrx_word' id='word_1_466' title='bbox 1744 1615 1812 1645; x_wconf 84' lang='lat' dir='ltr'><strong>pro-</strong></span> 
     </span>
     <span class='ocr_line' id='line_1_75' title="bbox 1041 1659 1811 1702; baseline -0.003 -10"><span class='ocrx_word' id='word_1_467' title='bbox 1041 1663 1130 1702; x_wconf 87' lang='lat' dir='ltr'><strong>gredi</strong></span> <span class='ocrx_word' id='word_1_468' title='bbox 1148 1665 1177 1692; x_wconf 86' lang='lat' dir='ltr'><strong>et</strong></span> <span class='ocrx_word' id='word_1_469' title='bbox 1197 1662 1351 1699; x_wconf 87' lang='lat' dir='ltr'><strong>dealbari,</strong></span> <span class='ocrx_word' id='word_1_470' title='bbox 1369 1664 1399 1692; x_wconf 90' lang='lat' dir='ltr'><strong>et</strong></span> <span class='ocrx_word' id='word_1_471' title='bbox 1418 1661 1462 1691; x_wconf 85' lang='lat' dir='ltr'><strong>sic</strong></span> <span class='ocrx_word' id='word_1_472' title='bbox 1483 1662 1614 1690; x_wconf 86' lang='lat' dir='ltr'><strong>vocatur</strong></span> <span class='ocrx_word' id='word_1_473' title='bbox 1635 1659 1811 1698; x_wconf 85' lang='lat' dir='ltr'><strong>cambium,</strong></span> 
     </span>
     <span class='ocr_line' id='line_1_76' title="bbox 1041 1713 1812 1755; baseline -0.004 -9"><span class='ocrx_word' id='word_1_474' title='bbox 1041 1719 1095 1746; x_wconf 89' lang='lat' dir='ltr'><strong>aut</strong></span> <span class='ocrx_word' id='word_1_475' title='bbox 1112 1718 1205 1755; x_wconf 87' lang='lat' dir='ltr'><strong>prout</strong></span> <span class='ocrx_word' id='word_1_476' title='bbox 1220 1718 1265 1745; x_wconf 81' lang='lat' dir='ltr'><strong>est</strong></span> <span class='ocrx_word' id='word_1_477' title='bbox 1275 1716 1343 1754; x_wconf 83' lang='lat' dir='ltr'><strong>jam</strong></span> <span class='ocrx_word' id='word_1_478' title='bbox 1357 1714 1510 1752; x_wconf 83' lang='lat' dir='ltr'><strong>dealbata,</strong></span> <span class='ocrx_word' id='word_1_479' title='bbox 1524 1716 1553 1744; x_wconf 90' lang='lat' dir='ltr'><strong>et</strong></span> <span class='ocrx_word' id='word_1_480' title='bbox 1568 1713 1676 1744; x_wconf 84' lang='lat' dir='ltr'><strong>cibans</strong></span> <span class='ocrx_word' id='word_1_481' title='bbox 1687 1713 1719 1743; x_wconf 93' lang='lat' dir='ltr'><strong>in</strong></span> <span class='ocrx_word' id='word_1_482' title='bbox 1729 1715 1812 1750; x_wconf 87' lang='lat' dir='ltr'><strong>actu,</strong></span> 
     </span>
     <span class='ocr_line' id='line_1_77' title="bbox 1042 1766 1815 1807; baseline -0.004 -8"><span class='ocrx_word' id='word_1_483' title='bbox 1042 1771 1071 1799; x_wconf 91' lang='lat' dir='ltr'><strong>et</strong></span> <span class='ocrx_word' id='word_1_484' title='bbox 1088 1769 1130 1799; x_wconf 86' lang='lat' dir='ltr'><strong>sic</strong></span> <span class='ocrx_word' id='word_1_485' title='bbox 1146 1771 1277 1799; x_wconf 87' lang='lat' dir='ltr'><strong>vocatur</strong></span> <span class='ocrx_word' id='word_1_486' title='bbox 1296 1768 1418 1807; x_wconf 71' lang='lat' dir='ltr'><strong>gluten.</strong></span> <span class='ocrx_word' id='word_1_487' title='bbox 1435 1768 1509 1798; x_wconf 82' lang='lat' dir='ltr'><strong>Haec</strong></span> <span class='ocrx_word' id='word_1_488' title='bbox 1531 1770 1639 1798; x_wconf 87' lang='lat' dir='ltr'><strong>autem</strong></span> <span class='ocrx_word' id='word_1_489' title='bbox 1656 1766 1815 1797; x_wconf 78' lang='lat' dir='ltr'><strong>diStinctio</strong></span> 
     </span>
     <span class='ocr_line' id='line_1_78' title="bbox 1043 1819 1812 1857; baseline -0.004 -5"><span class='ocrx_word' id='word_1_490' title='bbox 1043 1822 1239 1852; x_wconf 84' lang='lat' dir='ltr'><strong>humiditatis</strong></span> <span class='ocrx_word' id='word_1_491' title='bbox 1253 1821 1290 1851; x_wconf 83' lang='lat' dir='ltr'><strong>ad</strong></span> <span class='ocrx_word' id='word_1_492' title='bbox 1311 1821 1374 1851; x_wconf 92' lang='lat' dir='ltr'><strong>duo</strong></span> <span class='ocrx_word' id='word_1_493' title='bbox 1399 1821 1541 1851; x_wconf 84' lang='lat' dir='ltr'><strong>membra</strong></span> <span class='ocrx_word' id='word_1_494' title='bbox 1562 1820 1735 1857; x_wconf 72' lang='lat' dir='ltr'><strong>reducitur,</strong></span> <span class='ocrx_word' id='word_1_495' title='bbox 1752 1819 1812 1849; x_wconf 86' lang='lat' dir='ltr'><strong>sci-</strong></span> 
     </span>
     <span class='ocr_line' id='line_1_79' title="bbox 1042 1873 1817 1906; baseline -0.004 0"><span class='ocrx_word' id='word_1_496' title='bbox 1042 1876 1113 1906; x_wconf 86' lang='lat' dir='ltr'><strong>licet</strong></span> <span class='ocrx_word' id='word_1_497' title='bbox 1124 1876 1162 1906; x_wconf 88' lang='lat' dir='ltr'><strong>ad</strong></span> <span class='ocrx_word' id='word_1_498' title='bbox 1178 1875 1401 1905; x_wconf 85' lang='lat' dir='ltr'><strong>humiditatem</strong></span> <span class='ocrx_word' id='word_1_499' title='bbox 1416 1873 1692 1905; x_wconf 85' lang='lat' dir='ltr'><strong>nutrimentalem:</strong></span> <span class='ocrx_word' id='word_1_500' title='bbox 1710 1875 1741 1903; x_wconf 88' lang='lat' dir='ltr'><strong>et</strong></span> <span class='ocrx_word' id='word_1_501' title='bbox 1756 1873 1817 1903; x_wconf 87' lang='lat' dir='ltr'><strong>hoc</strong></span> 
     </span>
     <span class='ocr_line' id='line_1_80' title="bbox 1043 1927 1814 1968; baseline -0.003 -10"><span class='ocrx_word' id='word_1_502' title='bbox 1043 1928 1262 1968; x_wconf 77' lang='lat' dir='ltr'><strong>complectitur</strong></span> <span class='ocrx_word' id='word_1_503' title='bbox 1281 1937 1403 1965; x_wconf 90' lang='lat' dir='ltr'><strong>rorem,</strong></span> <span class='ocrx_word' id='word_1_504' title='bbox 1425 1930 1455 1958; x_wconf 89' lang='lat' dir='ltr'><strong>et</strong></span> <span class='ocrx_word' id='word_1_505' title='bbox 1476 1927 1654 1965; x_wconf 88' lang='lat' dir='ltr'><strong>cambium,</strong></span> <span class='ocrx_word' id='word_1_506' title='bbox 1677 1929 1708 1957; x_wconf 88' lang='lat' dir='ltr'><strong>et</strong></span> <span class='ocrx_word' id='word_1_507' title='bbox 1728 1935 1814 1957; x_wconf 91' lang='lat' dir='ltr'><strong>com-</strong></span> 
     </span>
     <span class='ocr_line' id='line_1_81' title="bbox 1043 1979 1817 2021; baseline -0.003 -9"><span class='ocrx_word' id='word_1_508' title='bbox 1043 1982 1269 2021; x_wconf 78' lang='lat' dir='ltr'><strong>plexionalem:</strong></span> <span class='ocrx_word' id='word_1_509' title='bbox 1293 1984 1321 2011; x_wconf 82' lang='lat' dir='ltr'><strong>et</strong></span> <span class='ocrx_word' id='word_1_510' title='bbox 1337 1981 1405 2011; x_wconf 78' lang='lat' dir='ltr'><strong>haec</strong></span> <span class='ocrx_word' id='word_1_511' title='bbox 1425 1983 1470 2011; x_wconf 86' lang='lat' dir='ltr'><strong>est</strong></span> <span class='ocrx_word' id='word_1_512' title='bbox 1485 1980 1613 2019; x_wconf 78' lang='lat' dir='ltr'><strong>gluten,</strong></span> <span class='ocrx_word' id='word_1_513' title='bbox 1631 1989 1702 2020; x_wconf 87' lang='lat' dir='ltr'><strong>quae</strong></span> <span class='ocrx_word' id='word_1_514' title='bbox 1719 1981 1766 2010; x_wconf 87' lang='lat' dir='ltr'><strong>est</strong></span> <span class='ocrx_word' id='word_1_515' title='bbox 1779 1979 1817 2010; x_wconf 89' lang='lat' dir='ltr'><strong>de</strong></span> 
     </span>
     <span class='ocr_line' id='line_1_82' title="bbox 1044 2033 1818 2073; baseline -0.003 -9"><span class='ocrx_word' id='word_1_516' title='bbox 1044 2034 1262 2073; x_wconf 78' lang='lat' dir='ltr'><strong>complexione</strong></span> <span class='ocrx_word' id='word_1_517' title='bbox 1281 2034 1414 2064; x_wconf 88' lang='lat' dir='ltr'><strong>membri</strong></span> <span class='ocrx_word' id='word_1_518' title='bbox 1435 2033 1618 2070; x_wconf 76' lang='lat' dir='ltr'><strong>consimilis,</strong></span> <span class='ocrx_word' id='word_1_519' title='bbox 1641 2033 1672 2063; x_wconf 90' lang='lat' dir='ltr'><strong>in</strong></span> <span class='ocrx_word' id='word_1_520' title='bbox 1691 2041 1754 2072; x_wconf 89' lang='lat' dir='ltr'><strong>quo</strong></span> <span class='ocrx_word' id='word_1_521' title='bbox 1771 2035 1818 2063; x_wconf 85' lang='lat' dir='ltr'><strong>cst</strong></span> 
     </span>
     <span class='ocr_line' id='line_1_83' title="bbox 1046 2086 1818 2126; baseline -0.003 -8"><span class='ocrx_word' id='word_1_522' title='bbox 1046 2088 1137 2118; x_wconf 86' lang='lat' dir='ltr'><strong>tertia</strong></span> <span class='ocrx_word' id='word_1_523' title='bbox 1158 2087 1275 2126; x_wconf 81' lang='lat' dir='ltr'><strong>species</strong></span> <span class='ocrx_word' id='word_1_524' title='bbox 1300 2087 1427 2117; x_wconf 84' lang='lat' dir='ltr'><strong>hecticae</strong></span> <span class='ocrx_word' id='word_1_525' title='bbox 1450 2090 1479 2117; x_wconf 81' lang='lat' dir='ltr'><strong>et</strong></span> <span class='ocrx_word' id='word_1_526' title='bbox 1502 2086 1764 2116; x_wconf 84' lang='lat' dir='ltr'><strong>nutrimentalis:</strong></span> <span class='ocrx_word' id='word_1_527' title='bbox 1787 2087 1818 2116; x_wconf 84' lang='lat' dir='ltr'><strong>et</strong></span> 
     </span>
     <span class='ocr_line' id='line_1_84' title="bbox 1046 2139 1818 2181; baseline -0.004 -10"><span class='ocrx_word' id='word_1_528' title='bbox 1046 2141 1119 2181; x_wconf 81' lang='lat' dir='ltr'><strong>quia</strong></span> <span class='ocrx_word' id='word_1_529' title='bbox 1134 2140 1260 2180; x_wconf 76' lang='lat' dir='ltr'><strong>respicit</strong></span> <span class='ocrx_word' id='word_1_530' title='bbox 1274 2142 1391 2170; x_wconf 87' lang='lat' dir='ltr'><strong>statum</strong></span> <span class='ocrx_word' id='word_1_531' title='bbox 1408 2142 1437 2170; x_wconf 82' lang='lat' dir='ltr'><strong>et</strong></span> <span class='ocrx_word' id='word_1_532' title='bbox 1452 2139 1674 2178; x_wconf 87' lang='lat' dir='ltr'><strong>indigentiam,</strong></span> <span class='ocrx_word' id='word_1_533' title='bbox 1691 2147 1756 2169; x_wconf 91' lang='lat' dir='ltr'><strong>non</strong></span> <span class='ocrx_word' id='word_1_534' title='bbox 1770 2147 1818 2168; x_wconf 89' lang='lat' dir='ltr'><strong>re-</strong></span> 
     </span>
     <span class='ocr_line' id='line_1_85' title="bbox 1046 2192 1819 2233; baseline -0.004 -8"><span class='ocrx_word' id='word_1_535' title='bbox 1046 2197 1157 2233; x_wconf 78' lang='lat' dir='ltr'><strong>surget</strong></span> <span class='ocrx_word' id='word_1_536' title='bbox 1167 2206 1173 2231; x_wconf 82' lang='lat'>3</span> <span class='ocrx_word' id='word_1_537' title='bbox 1188 2194 1240 2224; x_wconf 86' lang='lat' dir='ltr'><strong>sed</strong></span> <span class='ocrx_word' id='word_1_538' title='bbox 1250 2194 1423 2224; x_wconf 86' lang='lat' dir='ltr'><strong>humiditas</strong></span> <span class='ocrx_word' id='word_1_539' title='bbox 1432 2192 1689 2233; x_wconf 79' lang='lat' dir='ltr'><strong>complexionalis</strong></span> <span class='ocrx_word' id='word_1_540' title='bbox 1700 2192 1819 2232; x_wconf 86' lang='lat' dir='ltr'><strong>absque</strong></span> 
     </span>
     <span class='ocr_line' id='line_1_86' title="bbox 1047 2245 1820 2287; baseline -0.005 -8"><span class='ocrx_word' id='word_1_541' title='bbox 1047 2249 1142 2280; x_wconf 89' lang='lat' dir='ltr'><strong>dubio</strong></span> <span class='ocrx_word' id='word_1_542' title='bbox 1158 2250 1313 2287; x_wconf 64' lang='lat' dir='ltr'><strong>resurget.</strong></span> <span class='ocrx_word' id='word_1_543' title='bbox 1331 2247 1391 2278; x_wconf 89' lang='lat' dir='ltr'><strong>Sed</strong></span> <span class='ocrx_word' id='word_1_544' title='bbox 1411 2248 1489 2287; x_wconf 87' lang='lat' dir='ltr'><strong>quid</strong></span> <span class='ocrx_word' id='word_1_545' title='bbox 1509 2247 1546 2278; x_wconf 86' lang='lat' dir='ltr'><strong>de</strong></span> <span class='ocrx_word' id='word_1_546' title='bbox 1567 2246 1758 2277; x_wconf 86' lang='lat' dir='ltr'><strong>humoribus</strong></span> <span class='ocrx_word' id='word_1_547' title='bbox 1771 2245 1820 2277; x_wconf 90' lang='lat' dir='ltr'><strong>di-</strong></span> 
     </span>
     <span class='ocr_line' id='line_1_87' title="bbox 1048 2299 1821 2340; baseline -0.004 -8"><span class='ocrx_word' id='word_1_548' title='bbox 1048 2312 1171 2340; x_wconf 84' lang='lat' dir='ltr'><strong>cemus,</strong></span> <span class='ocrx_word' id='word_1_549' title='bbox 1197 2311 1269 2332; x_wconf 86' lang='lat' dir='ltr'><strong>cum</strong></span> <span class='ocrx_word' id='word_1_550' title='bbox 1293 2301 1354 2331; x_wconf 87' lang='lat' dir='ltr'><strong>sint</strong></span> <span class='ocrx_word' id='word_1_551' title='bbox 1370 2304 1545 2338; x_wconf 85' lang='lat' dir='ltr'><strong>currentes,</strong></span> <span class='ocrx_word' id='word_1_552' title='bbox 1563 2303 1593 2331; x_wconf 89' lang='lat' dir='ltr'><strong>et</strong></span> <span class='ocrx_word' id='word_1_553' title='bbox 1614 2308 1678 2330; x_wconf 90' lang='lat' dir='ltr'><strong>non</strong></span> <span class='ocrx_word' id='word_1_554' title='bbox 1700 2299 1762 2329; x_wconf 88' lang='lat' dir='ltr'><strong>sint</strong></span> <span class='ocrx_word' id='word_1_555' title='bbox 1782 2299 1821 2329; x_wconf 89' lang='lat' dir='ltr'><strong>de</strong></span> 
     </span>
     <span class='ocr_line' id='line_1_88' title="bbox 1048 2353 1819 2393; baseline -0.004 -7"><span class='ocrx_word' id='word_1_556' title='bbox 1048 2356 1225 2386; x_wconf 62' lang='lat' dir='ltr'><strong>substantia</strong></span> <span class='ocrx_word' id='word_1_557' title='bbox 1240 2355 1393 2393; x_wconf 86' lang='lat' dir='ltr'><strong>membri,</strong></span> <span class='ocrx_word' id='word_1_558' title='bbox 1410 2364 1468 2385; x_wconf 91' lang='lat' dir='ltr'><strong>nec</strong></span> <span class='ocrx_word' id='word_1_559' title='bbox 1480 2355 1518 2385; x_wconf 89' lang='lat' dir='ltr'><strong>de</strong></span> <span class='ocrx_word' id='word_1_560' title='bbox 1537 2353 1754 2393; x_wconf 78' lang='lat' dir='ltr'><strong>complexione</strong></span> <span class='ocrx_word' id='word_1_561' title='bbox 1770 2362 1819 2384; x_wconf 88' lang='lat' dir='ltr'><strong>ra-</strong></span> 
     </span>
     <span class='ocr_line' id='line_1_89' title="bbox 1049 2408 1820 2449; baseline -0.004 -8"><span class='ocrx_word' id='word_1_562' title='bbox 1049 2410 1160 2441; x_wconf 83' lang='lat' dir='ltr'><strong>dicali‘?</strong></span> <span class='ocrx_word' id='word_1_563' title='bbox 1179 2409 1349 2439; x_wconf 89' lang='lat' dir='ltr'><strong>Dicendum</strong></span> <span class='ocrx_word' id='word_1_564' title='bbox 1371 2410 1455 2448; x_wconf 87' lang='lat' dir='ltr'><strong>quod</strong></span> <span class='ocrx_word' id='word_1_565' title='bbox 1470 2410 1589 2449; x_wconf 87' lang='lat' dir='ltr'><strong>absque</strong></span> <span class='ocrx_word' id='word_1_566' title='bbox 1604 2408 1700 2439; x_wconf 90' lang='lat' dir='ltr'><strong>dubio</strong></span> <span class='ocrx_word' id='word_1_567' title='bbox 1715 2416 1820 2438; x_wconf 88' lang='lat' dir='ltr'><strong>resur-</strong></span> 
     </span>
     <span class='ocr_line' id='line_1_90' title="bbox 1050 2462 1823 2503; baseline -0.004 -9"><span class='ocrx_word' id='word_1_568' title='bbox 1050 2465 1137 2503; x_wconf 83' lang='lat' dir='ltr'><strong>gent,</strong></span> <span class='ocrx_word' id='word_1_569' title='bbox 1155 2471 1227 2493; x_wconf 89' lang='lat' dir='ltr'><strong>cum</strong></span> <span class='ocrx_word' id='word_1_570' title='bbox 1239 2462 1353 2492; x_wconf 78' lang='lat' dir='ltr'><strong>vinum</strong></span> <span class='ocrx_word' id='word_1_571' title='bbox 1364 2464 1567 2493; x_wconf 86' lang='lat' dir='ltr'><strong>convertatur</strong></span> <span class='ocrx_word' id='word_1_572' title='bbox 1578 2462 1612 2492; x_wconf 90' lang='lat' dir='ltr'><strong>in</strong></span> <span class='ocrx_word' id='word_1_573' title='bbox 1625 2463 1823 2492; x_wconf 78' lang='lat' dir='ltr'><strong>sacramento</strong></span> 
     </span>
     <span class='ocr_line' id='line_1_91' title="bbox 1051 2514 1824 2555; baseline -0.004 -8"><span class='ocrx_word' id='word_1_574' title='bbox 1051 2516 1157 2547; x_wconf 85' lang='lat' dir='ltr'><strong>altaris</strong></span> <span class='ocrx_word' id='word_1_575' title='bbox 1180 2515 1213 2545; x_wconf 86' lang='lat' dir='ltr'><strong>in</strong></span> <span class='ocrx_word' id='word_1_576' title='bbox 1235 2515 1442 2554; x_wconf 83' lang='lat' dir='ltr'><strong>sanguinem,</strong></span> <span class='ocrx_word' id='word_1_577' title='bbox 1459 2515 1514 2555; x_wconf 90' lang='lat' dir='ltr'><strong>qui</strong></span> <span class='ocrx_word' id='word_1_578' title='bbox 1530 2515 1649 2546; x_wconf 81' lang='lat' dir='ltr'><strong>effusus</strong></span> <span class='ocrx_word' id='word_1_579' title='bbox 1665 2517 1711 2545; x_wconf 80' lang='lat' dir='ltr'><strong>cst</strong></span> <span class='ocrx_word' id='word_1_580' title='bbox 1730 2514 1763 2544; x_wconf 94' lang='lat' dir='ltr'><strong>in</strong></span> <span class='ocrx_word' id='word_1_581' title='bbox 1776 2522 1824 2544; x_wconf 90' lang='lat' dir='ltr'><strong>re-</strong></span> 
     </span>
    </p>
   </div>
   <div class='ocr_carea' id='block_1_10' title="bbox 1053 2593 1822 2661">
    <p class='ocr_par' dir='ltr' id='par_1_19' title="bbox 1053 2593 1822 2661">
     <span class='ocr_line' id='line_1_92' title="bbox 1053 2593 1822 2655; baseline -0.004 -36"><span class='ocrx_word' id='word_1_582' title='bbox 1053 2596 1167 2655; x_wconf 52' lang='grc' dir='ltr'><strong>ψει-ἐξ.</strong></span> <span class='ocrx_word' id='word_1_583' title='bbox 1184 2595 1333 2626; x_wconf 77' lang='lat' dir='ltr'><strong>Augustini,</strong></span> <span class='ocrx_word' id='word_1_584' title='bbox 1345 2595 1404 2619; x_wconf 86' lang='lat' dir='ltr'><strong>edit.</strong></span> <span class='ocrx_word' id='word_1_585' title='bbox 1420 2595 1525 2623; x_wconf 78' lang='lat' dir='ltr'><strong>Bened..</strong></span> <span class='ocrx_word' id='word_1_586' title='bbox 1544 2597 1604 2619; x_wconf 90' lang='lat' dir='ltr'><strong>tom.</strong></span> <span class='ocrx_word' id='word_1_587' title='bbox 1620 2594 1661 2619; x_wconf 78' lang='lat' dir='ltr'><strong>vt.</strong></span> <span class='ocrx_word' id='word_1_588' title='bbox 1673 2607 1703 2611; x_wconf 94' lang='lat'>—</span> <span class='ocrx_word' id='word_1_589' title='bbox 1717 2594 1727 2609; x_wconf 76' lang='lat'>²</span> <span class='ocrx_word' id='word_1_590' title='bbox 1740 2593 1822 2622; x_wconf 67' lang='lat' dir='ltr'><strong>DeuL,</strong></span> 
     </span>
     <span class='ocr_line' id='line_1_93' title="bbox 1053 2638 1153 2661; baseline -0.02 -5"><span class='ocrx_word' id='word_1_591' title='bbox 1053 2638 1101 2661; x_wconf 83' lang='lat' dir='ltr'><strong>x11,</strong></span> <span class='ocrx_word' id='word_1_592' title='bbox 1151 2651 1153 2654; x_wconf 95' lang='lat'>.</span> 
     </span>
    </p>
   </div>
  </div>
 </body>
</html>
