1991 3006
78 692 111 712 Ad
130 698 180 718 opp.

192 194 203 221 i
210 193 248 222 26

191 257 359 289 nitentiam
381 255 564 286 interiorem
582 264 588 284 ε
612 261 690 292 ergo
706 252 891 292 poenitentia
907 261 960 282 sa-

192 312 390 342 cramentum
412 309 443 338 in
462 316 495 337 se
514 306 652 337 eontinet
667 315 755 335 eam:
773 305 825 335 scd
850 304 962 334 nonin

192 363 313 394 ratione
328 361 411 399 signi
429 371 436 391 ε
455 368 532 399 ergo
549 359 580 389 in
595 359 717 389 ratione
732 358 860 397 signati.

234 417 309 446 Item
324 414 507 455 poenitentia
518 413 653 453 perfecta
663 412 702 442 ad
716 410 862 451 baptismi
877 410 958 450 puri·

193 472 289 500 tatem
304 470 436 498 conatur
457 467 606 497 reducere
622 476 628 494 ε
654 465 707 495 sed
724 466 866 504 peccator
881 472 964 493 nun-

194 531 292 562 quam
307 521 469 552 reducitur
486 520 523 550 ad
548 519 716 559 puritatem
731 518 816 547 illam
835 517 894 547 nisi
910 525 965 555 per

194 575 423 615 poenitudinem
438 574 540 604 cordis
557 582 563 602 :
585 581 663 611 crgo
679 570 861 611 poenitentia
876 571 963 599 exte-

194 629 260 659 rior
273 628 456 658 interiorem
473 626 642 664 significat.

236 682 368 713 Contra:
384 684 409 711 1.
423 681 482 711 Per
494 680 662 718 llugonem
678 689 683 708 :
702 677 964 707 «Sacramentum

195 737 242 765 est
264 734 424 765 materiale
458 733 651 763 elementum
679 731 752 760 toris
779 729 967 760 sensibiliter

196 788 405 828 propositum,
415 797 455 817 ex
470 785 676 816 similitudine
685 785 913 823 repraesentans
927 792 933 812 :
948 793 962 810 ›)

195 841 249 872 sed
259 840 408 876 ‚exterior
430 838 613 879 poenitentia
630 846 693 867 non
709 839 756 867 est
778 836 867 873 talis7
893 835 968 874 quia

196 903 262 925 non
275 896 321 924 est
330 894 521 924 elementum
535 903 540 922 :
555 900 633 929 ergo
648 899 713 920 non
730 891 774 919 est
789 897 965 919 sacramen-

197 950 267 978 tum
278 971 286 985 ,
300 956 357 977 nec
373 946 519 983 signum.

236 1003 266 1031 ΕΞ.
285 1000 361 1030 ltem
377 999 509 1029 interior
524 997 706 1037 pcenitentia
721 998 767 1026 cst
783 996 900 1033 virtuS,
919 995 967 1025 vel

197 1058 284 1086 actus
303 1055 431 1085 virtutis
448 1065 454 1083 z
472 1053 525 1083 scd
543 1051 657 1091 gratia]
678 1050 854 1085 virtutum,
873 1050 903 1078 et
919 1057 968 1078 sa-

198 1110 451 1144 cramentorum,
476 1106 656 1135 differentes
678 1104 754 1133 sunt
770 1114 776 1132 2
795 1111 874 1139 erg-’co
891 1101 969 1131 inte-

199 1163 264 1192 rior
284 1160 468 1201 poenitentia
488 1168 551 1189 non
568 1160 613 1188 est
635 1166 685 1187 res
708 1156 844 1195 aiicujiis
865 1163 968 1184 sacra-

200 1215 309 1245 menti.

240 1271 268 1298 3.
288 1268 383 1305 Item,
407 1265 673 1306 quandocumque
688 1265 770 1292 recte
785 1262 972 1291 ordinantur

203 1321 336 1360 signum
350 1323 381 1350 et
395 1320 558 1357 signatum
569 1341 576 1353 ,
600 1316 633 1345 111
658 1316 890 1345 sacramentnm
900 1338 909 1351 ‚
926 1314 972 1343 si—

202 1384 303 1415 gnum
327 1382 422 1403 causa
446 1373 492 1401 est
516 1369 652 1408 signati⁷
675 1377 731 1407 per
752 1367 971 1397 diffinitionem

201 1426 389 1459 sacramenti
408 1424 554 1464 superius
577 1422 714 1452 habitan]
730 1432 735 1450 :
749 1421 802 1451 sed
817 1420 969 1459 poeniten-

201 1484 244 1514 tia
258 1481 396 1512 exterior
412 1489 476 1509 non
491 1480 537 1508 est.
553 1485 645 1507 causa
661 1475 830 1512 interioris,
847 1484 905 1504 nec
918 1473 971 1503 illa

205 1536 336 1566 effectus
348 1559 355 1571 ,
372 1534 436 1563 imo
451 1542 467 1561 e
483 1539 636 1561 converso
653 1540 659 1559 z
677 1537 755 1567 crgo
768 1552 776 1565 ‚
793 1530 850 1557 vt«.

241 1591 271 1618 4.
299 1587 396 1623 Item,
414 1594 487 1615 cuin
508 1584 541 1613 in
564 1583 752 1623 perfectione
780 1580 973 1620 poenitentiae

202 1642 261 1671 tria
276 1641 338 1670 sint
350 1664 358 1677 ,
374 1638 490 1668 scilicet
504 1636 666 1673 contritio⁷
685 1634 838 1665 confessio
850 1658 858 1671 ,
879 1633 972 1663 satis-

202 1694 294 1725 factio
305 1717 313 1731 ,
330 1692 486 1732 quaeritur
501 1690 620 1720 ratione
636 1689 727 1727 cujus
743 1687 857 1717 dicitur
881 1688 969 1715 exte-

201 1748 278 1784 rior,
294 1748 324 1776 et
337 1746 457 1776 ratione
473 1744 564 1782 cujus
580 1742 693 1771 dicitur
716 1740 856 1770 interior.
875 1739 907 1769 Si
922 1739 968 1769 di-

204 1801 285 1832 citur
304 1799 434 1829 interior
454 1798 574 1827 ratione¹
593 1794 807 1831 contritionis,
834 1796 863 1823 et.
885 1794 972 1822 exte-

206 1854 271 1884 rior
299 1853 420 1883 ratione
446 1849 650 1881 confessionis
676 1850 705 1877 et
731 1846 949 1877 satisfactionis
966 1857 972 1882 ;

205 1909 315 1937 contra
332 1916 338 1935 t
357 1905 416 1935 Ista
438 1912 502 1933 non
529 1902 551 1931 51
558 1902 711 1939 gnificant
732 1899 951 1929 contritionem
964 1922 973 1935 ,

208 1960 262 1990 sed
276 1959 381 1999 potius
402 1957 599 1987 voluntatem
620 1952 786 1983 confitendi
802 1953 832 1982 et
853 1951 976 1981 satisfa-

210 2012 322 2043 ciendi.
335 2011 368 2041 Si
379 2010 436 2040 dici
442 2011 493 2039 tur
503 2007 640 2038 exterior
650 2006 770 2036 ratione
781 2005 890 2041 trium,
900 2006 976 2034 tunc

208 2075 288 2105 ergo
303 2073 379 2094 cum
393 2063 455 2093 sint
471 2061 531 2091 tria
544 2060 680 2095 diversa,
695 2060 788 2088 erunt
802 2057 862 2087 tria
876 2065 977 2086 sacra-

208 2120 325 2149 menta.
342 2116 375 2147 Si
395 2115 479 2145 dicas
496 2113 579 2153 quod
603 2112 772 2147 uniuntur,
788 2118 897 2149 quaero
912 2117 977 2148 quo

209 2179 327 2210 genere
342 2167 470 2199 unitatis
484 2166 651 2196 uniuntur.

483 2278 705 2313 CONCLUSIO.

210 2377 376 2404 Poenitentz'oe
401 2373 561 2400 sacramenti
588 2377 628 2396 res
655 2372 690 2395 cst
715 2367 817 2403 peccati
844 2366 977 2395 νενηίεεῐος

245 2423 350 2455 sianum
371 2426 431 2445 vero
453 2418 487 2443 cst
508 2415 661 2450 paenitentis
682 2411 834 2438 humiliatio
855 2410 978 2441 eoeterior,

247 2467 269 2491 et
293 2464 446 2493 αὸεοῐυίίος
472 2467 512 2486 res
537 2466 596 2484 vero
622 2459 646 2483 et
672 2457 777 2490 siynum
805 2458 839 2480 cst
868 2454 979 2479 interior

244 2507 390 2543 penitudo.

252 2596 343 2636 Resp.
359 2594 398 2625 ad
411 2601 483 2632 arg.
498 2589 668 2621 Dicendum
683 2587 768 2627 quod
785 2586 865 2616 sicut
880 2586 915 2615 in
926 2586 978 2624 Ju—

212 2650 342 2683 dicando
354 2648 392 2679 de
406 2645 600 2677 institutione
614 2643 736 2682 oportet
745 2640 903 2679 ,iudicium
917 2648 978 2670 va-

749 184 1054 215 SENTttN't‘tAtnm
1081 184 1151 215 lll'.
1179 186 1226 215 iV⁴

1016 252 1091 282 riari
1107 252 1145 283 de
1161 253 1343 292 poenitentia
1356 278 1364 290 ‚
1388 252 1563 284 secundum
1579 254 1664 293 quod
1677 257 1723 286 est
1737 264 1790 286 sa-

1017 307 1215 334 cramentum
1231 305 1434 336 reconcilians
1459 306 1538 343 Deo,
1561 308 1592 336 et
1611 307 1786 338 secundum

1018 356 1102 396 quod
1119 357 1299 388 reconciliat
1314 367 1377 388 non
1392 358 1497 389 solum
1514 359 1576 389 Deo
1587 382 1596 396 ,
1615 358 1670 388 sed
1695 358 1789 389 etiam

1020 409 1180 447 Ecclesiae3
1212 410 1255 440 sic
1285 413 1315 441 et
1344 411 1377 441 in
1403 411 1572 451 proposito.
1608 411 1791 442 Secundum

1020 472 1158 502 namque
1174 463 1257 502 quod
1275 465 1322 494 est
1336 466 1568 494 sacramentum
1584 464 1791 495 reconcilians

1022 516 1098 553 lieo,
1116 525 1174 555 pro
1188 526 1222 547 re
1240 517 1334 547 hahet
1348 517 1464 556 peccati
1479 517 1699 548 remissionem
1709 541 1719 555 ,
1734 525 1793 558 pro

1021 569 1114 608 signo
1128 569 1221 599 habet
1235 570 1422 600 exteriorem
1439 570 1692 602 humiliationem
1704 594 1712 608 ,
1726 570 1794 601 sive

1021 623 1055 652 in
1066 622 1177 653 habitu
1188 646 1197 660 ‚
1214 623 1281 653 sive
1298 623 1330 653 in
1348 624 1446 654 verbo
1456 633 1526 663 3pro
1539 633 1574 654 re
1587 626 1618 655 et
1632 624 1728 664 signo
1741 624 1790 654 in-

1023 676 1169 706 teriorem
1181 676 1421 716 poenitudinem.
1432 677 1494 708 Nec
1501 679 1625 717 oportet
1635 677 1721 717 quod
1732 677 1795 717 pri-

1025 738 1113 759 mum
1126 730 1165 760 sit
1179 739 1272 760 causa
1287 730 1381 760 medii
1391 741 1398 768 ;
1410 730 1464 760 sed
1479 730 1582 770 potius
1596 740 1613 761 e
1627 739 1793 768 converso,

1023 784 1054 811 et
1069 782 1128 811 hoc
1148 782 1223 821 quia
1238 784 1284 813 est
1306 791 1345 813 ex
1361 782 1500 813 naturali
1516 783 1685 814 dictamine
1701 794 1708 814 ε
1725 783 1796 814 ideo

1024 835 1162 874 procedit
1179 835 1319 865 exterius
1334 836 1373 865 ab
1388 836 1550 874 interiori,
1567 844 1632 866 non
1655 836 1796 866 exterius

1025 889 1097 918 facit
1111 888 1142 918 id
1157 888 1241 928 quod
1258 889 1390 919 interius
1411 891 1466 919 est.
1493 888 1553 920 Sed
1577 889 1610 919 in
1635 891 1795 929 quantum

1026 944 1072 971 est
1086 943 1320 972 sacramentum
1334 941 1480 973 Ecclesiae
1493 942 1727 973 institutionem
1742 941 1797 972 ha-

1026 995 1118 1032 bens,
1136 995 1180 1025 sic
1192 995 1287 1026 hahet
1302 996 1456 1026 rationem
1473 1004 1577 1026 causae
1592 997 1623 1025 et
1636 995 1741 1034 signi,
1757 994 1798 1025 si-

1026 1050 1079 1078 cut
1094 1048 1155 1078 alia
1170 1050 1377 1078 sacramenta.
1395 1048 1432 1078 Et
1446 1048 1526 1079 ratio
1541 1048 1732 1079 causalitatis
1747 1057 1798 1079 re-

1026 1102 1104 1132 sidet
1119 1111 1214 1141 penes
1231 1102 1262 1133 id
1277 1102 1360 1141 quod
1385 1102 1517 1132 formale
1532 1104 1577 1132 est
1591 1111 1598 1140 3
1620 1101 1701 1132 ratio
1720 1109 1798 1132 vero

1026 1155 1113 1193 signi
1129 1164 1224 1194 penus
1240 1155 1271 1185 id
1287 1155 1368 1194 quod
1385 1155 1546 1185 materiale
1563 1156 1621 1185 est.
1638 1153 1798 1185 Materiale

1027 1210 1132 1237 autem
1146 1208 1179 1238 in
1194 1208 1253 1238 hoc
1268 1210 1463 1238 sacramento
1477 1210 1523 1238 est
1538 1208 1719 1238 humiliatio
1734 1216 1798 1248 poe-

1027 1260 1155 1290 nitentis
1167 1284 1175 1296 ‚
1192 1261 1258 1291 sive
1274 1263 1429 1300 quantum
1447 1260 1485 1290 ad
1505 1263 1611 1291 actum
1636 1260 1797 1290 contritio-

1027 1313 1076 1343 nis
1087 1337 1095 1350 ,
1112 1313 1179 1344 sive
1193 1316 1351 1353 quantum
1370 1313 1408 1343 ad
1428 1313 1562 1343 verbum
1578 1312 1798 1350 aosusationis,

1028 1367 1095 1397 sive
1109 1369 1266 1406 quantum
1281 1367 1320 1397 ad
1335 1375 1464 1406 pscnam
1480 1366 1701 1397 satisfactionis
1710 1377 1718 1404 ;
1734 1366 1800 1396 tor-

1030 1420 1111 1450 male
1128 1429 1203 1450 vero
1218 1422 1265 1450 cst
1279 1420 1436 1450 absolutio
1451 1420 1631 1450 sacerdotis.
1650 1419 1724 1450 Haec
1738 1419 1802 1450 duo

1031 1474 1125 1503 simul
1146 1475 1258 1512 juncta
1278 1473 1460 1512 significant
1480 1473 1699 1513 poenitentiam
1720 1473 1803 1503 inte-

1030 1528 1166 1565 riorem,
1192 1527 1367 1557 secundum
1384 1527 1467 1566 quod
1484 1536 1540 1566 per
1554 1527 1656 1566 ipsam
1676 1528 1723 1557 est
1749 1536 1802 1557 re-

1031 1581 1138 1611 missio
1152 1581 1254 1620 culpa}
1271 1581 1405 1620 perfecta
1421 1583 1579 1620 quantum
1602 1580 1640 1610 ad
1656 1580 1781 1620 culpam
1794 1605 1801 1618 ‚

1031 1634 1062 1662 et
1076 1635 1233 1672 quantum
1249 1633 1288 1663 ad
1305 1642 1431 1672 poenam
1447 1644 1452 1663 :
1472 1635 1629 1672 quantum
1640 1633 1679 1664 ad
1691 1633 1806 1664 remis-

1032 1686 1152 1716 sionem
1167 1686 1285 1726 peccati
1299 1686 1401 1726 quoad
1418 1686 1561 1726 culpam,
1578 1686 1734 1717 rationem
1747 1685 1805 1716 ha-

1032 1739 1083 1769 bet
1097 1738 1183 1777 signi
1205 1739 1344 1769 exterius
1369 1741 1623 1776 sacramentum3
1651 1741 1806 1779 quantum

1032 1792 1071 1821 ad
1086 1791 1305 1822 remissionem
1321 1800 1424 1831 poenae
1433 1815 1442 1829 ,
1455 1791 1550 1822 habet
1561 1792 1699 1831 quodam
1711 1791 1805 1822 modo

1033 1845 1189 1875 rationem
1205 1854 1320 1875 causae.
1336 1844 1374 1874 Et
1388 1845 1431 1874 sic
1444 1846 1528 1884 patet
1544 1844 1621 1884 quid
1637 1845 1671 1875 in
1684 1844 1746 1876 hoc
1759 1853 1806 1875 sa-

1034 1899 1195 1928 cramento
1225 1898 1263 1928 sit
1288 1906 1354 1935 res,
1381 1896 1498 1927 scilicet
1521 1897 1637 1937 peccati
1662 1897 1806 1928 remissio

1035 1952 1187 1991 perfecta;
1210 1953 1241 1981 et
1263 1951 1339 1990 quid
1361 1951 1491 1990 signum
1504 1975 1512 1989 ,
1534 1951 1651 1982 scilieet
1669 1951 1808 1982 exterior

1034 2005 1218 2045 poenitentia
1224 2004 1399 2034 secundum
1410 2003 1651 2034 ecclesiasticam
1658 2004 1805 2042 sormam,

1034 2058 1067 2087 in
1083 2066 1147 2096 qua
1161 2059 1208 2087 est
1221 2056 1401 2087 humiliatio
1416 2058 1446 2086 et
1462 2056 1635 2093 absolutio;
1653 2065 1704 2087 res
1719 2059 1750 2087 et
1764 2057 1806 2087 si-

1036 2119 1140 2149 gnum
1163 2111 1209 2140 est
1236 2109 1369 2139 interior
1389 2108 1553 2148 poenitudo
1570 2108 1678 2139 :unde
1700 2118 1810 2140 conce-

1035 2163 1146 2194 dendae
1161 2164 1237 2193 sunt
1256 2162 1394 2192 rationes
1409 2161 1445 2192 ad
1462 2161 1598 2201 primam
1614 2163 1747 2202 partem.

1077 2218 1106 2245 1.
1124 2215 1171 2245 Ad
1191 2214 1269 2245 illud
1290 2214 1376 2254 quod
1391 2214 1560 2253 objicitur,
1580 2214 1665 2254 quod
1679 2223 1744 2245 non
1763 2217 1812 2246 est

1036 2268 1228 2298 elementum
1242 2292 1251 2306 ,
1280 2267 1449 2298 dicendum
1479 2268 1564 2307 quod
1577 2267 1580 2269 “
1596 2267 1692 2306 Hugo
1717 2267 1808 2300 valde

1035 2320 1126 2359 large
1141 2321 1238 2351 sumit
1253 2320 1446 2351 elementum
1461 2320 1500 2350 ad
1515 2320 1705 2359 omnemne,
1721 2320 1806 2360 quod

1036 2374 1174 2404 exterius
1182 2376 1310 2414 apparet
1322 2374 1485 2404 sensibus:
1503 2373 1565 2411 vel,
1583 2373 1608 2404 si
1622 2373 1807 2413 approprie-

1037 2430 1088 2458 tur
1101 2427 1139 2458 ad
1159 2427 1334 2467 corporalia
1349 2429 1561 2464 sacramenta,
1584 2428 1661 2457 tunc
1675 2434 1739 2456 non
1758 2426 1807 2456 in-

1037 2480 1099 2510 telli
1104 2480 1193 2518 gitur
1207 2480 1269 2510 nisi
1284 2480 1323 2510 de
1337 2479 1543 2510 sacramentis
1561 2478 1698 2518 propriis
1714 2486 1808 2510 novae

1037 2533 1130 2572 legis.

1077 2588 1108 2616 2.
1130 2586 1179 2616 Ad
1193 2585 1273 2617 illud
1293 2586 1379 2625 quod
1399 2585 1561 2624 objicitur,
1587 2585 1673 2624 quod
1694 2584 1808 2624 gratiae

1038 2639 1194 2670 virtutum
1209 2638 1360 2670 differunt
1374 2647 1393 2668 a
1407 2637 1512 2676 gratia
1522 2638 1804 2674 sacramentorum,

1814 1111 1920 1138 Explicat.
