1991 3006
605 192 701 223 DIST.
726 191 789 222 XX.
814 191 929 222 PART.
954 191 990 222 11.
1014 191 1105 222 ART.
1132 192 1154 222 1.
1179 192 1327 228 QUAEST.
1350 194 1400 224 Vl.
1762 200 1799 227 85

206 268 306 296 nunc,
330 260 413 300 quod
432 260 491 290 sibi
510 261 611 299 potest
629 259 725 289 homo
740 259 795 289 vix
815 258 974 296 sufficere,

206 313 330 343 videtur
349 313 430 352 quod
447 314 515 352 jam
536 315 620 343 totus
642 313 809 343 thesaurus
830 311 975 342 Ecclesiae

205 374 223 395 a
237 365 334 404 longo
348 368 488 405 tempore
504 366 679 401 defecisset,
704 367 734 395 et
756 366 798 395 ita
817 364 903 394 nulla
925 364 974 394 in-

204 418 368 457 dulgentia
382 428 467 448 nnnc
481 419 609 449 valeret.

244 470 336 507 Item,
354 471 380 500 si
394 473 519 502 tantum
536 472 655 510 valent,
677 473 833 511 quantum
848 471 971 507 dicitnr,

203 523 255 553 sed
270 523 304 553 in
321 523 481 563 aliquibus
496 525 731 563 indulgentiam
748 533 804 563 pro
818 525 974 564 adjutorio

201 576 281 606 facto
295 576 421 607 fabricae
437 577 596 615 Ecclesiae,
614 577 664 608 vel
679 577 850 615 consimili,
869 577 971 607 indul-

203 629 320 668 gentiae
340 630 438 669 partis
457 631 556 661 tertiae
573 631 764 670 1116111161111111
781 630 970 669 promittun-

200 685 251 712 tur
268 693 274 712 ε
293 692 371 722 ergo
386 684 411 713 si
428 684 521 714 detur
536 685 640 723 primo
655 693 740 714 unus
756 684 921 716 denarius,
944 686 973 713 et

199 736 336 767 secundo
353 737 524 774 secundus,
546 739 576 767 et
598 737 688 767 tertio
703 737 831 773 tertius,
848 736 973 766 videtur

199 791 283 830 quod
301 790 368 827 ille,
389 791 444 830 qui
466 791 551 821 mille
573 793 698 830 peccata
716 790 890 827 commisit,
916 800 972 829 pro

198 843 299 873 tribus
314 843 413 873 obolis
429 844 479 874 vel
495 844 631 874 denariis
646 844 684 873 sit
701 843 851 873 liberatus
866 855 871 873 :
887 843 970 882 quod

198 905 262 926 non
278 899 401 927 tantum
418 897 544 934 falsum,
568 897 622 927 sed
642 898 736 927 etiam
758 897 904 927 irrisione
922 897 971 927 di—

200 957 301 987 gnum
314 950 433 988 judicat
449 950 553 980 omnis
567 951 673 980 anima
688 955 782 980 recta.

238 1001 331 1039 Item,
349 1003 375 1032 si
393 1004 518 1033 tantum
534 1003 654 1041 valent,
672 1004 829 1042 quantum
845 1002 969 1040 dicitur,

197 1064 275 1093 ergo
299 1056 324 1085 si
348 1056 503 1095 peccatori
526 1056 581 1095 qui
603 1056 694 1086 debet
717 1064 832 1086 novem
853 1064 969 1093 annos,

198 1108 403 1138 remittuntur
423 1109 497 1138 anni
512 1111 589 1145 tres,
614 1111 644 1139 et
660 1109 704 1138 ita
719 1109 908 1146 triennium,
928 1109 970 1138 51-

197 1161 314 1192 militer
342 1162 385 1192 illi
413 1163 469 1202 qui
498 1162 589 1193 debet
617 1163 751 1201 triginta
762 1186 771 1200 ,
799 1162 971 1192 remittitur

197 1214 289 1245 tertia
311 1224 399 1254 pars,
417 1218 447 1245 et
468 1217 511 1246 ita
534 1215 722 1246 decennium
745 1227 751 1245 z
778 1224 857 1253 ergo
883 1215 970 1246 vide-

196 1269 249 1298 tur
277 1269 361 1307 quod
387 1271 527 1308 reportat
553 1269 756 1299 commodum
784 1268 822 1298 de
851 1268 972 1298 malitia

197 1330 264 1351 sua.

237 1375 329 1413 Item,
349 1375 374 1405 51
389 1377 514 1406 tantum
528 1375 649 1412 valent,
671 1376 828 1414 quantum
841 1375 968 1413 dicitur,

196 1438 276 1468 ergo
291 1429 342 1459 ille
356 1430 413 1468 qui
428 1429 548 1458 habitat
561 1430 655 1467 juxta
669 1428 841 1463 ecclesiam,
860 1428 892 1458 in
907 1438 970 1468 qua

196 1484 243 1512 est
255 1482 453 1520 indulgentia
463 1482 559 1512 unius
569 1482 656 1519 anni,
672 1482 748 1511 dum
762 1481 867 1512 visitat
877 1481 971 1511 eccle-

197 1535 291 1573 siam,
306 1536 430 1565 tantum
442 1534 551 1572 habet,
566 1536 723 1574 quantum
739 1534 791 1565 1116
806 1535 860 1574 qui
874 1535 970 1573 longe

197 1590 290 1621 distat
312 1599 368 1629 per
392 1589 500 1620 decem
524 1590 637 1627 dietas3
668 1592 697 1620 et
722 1589 810 1620 dives
834 1590 969 1620 offerens

196 1653 297 1674 uuum
312 1643 452 1680 obolum,
469 1645 594 1673 tantum
609 1643 715 1681 habet,
733 1645 889 1683 quantum
905 1653 969 1674 una

195 1697 388 1736 paupercula
403 1707 409 1727 :
424 1697 475 1727 sed
490 1697 559 1727 haec
573 1697 681 1727 omnia
693 1699 767 1727 sunt
779 1697 944 1727 abusiones
959 1707 966 1727 :

195 1759 273 1789 ergo
288 1759 353 1781 non
368 1752 492 1781 tantum
507 1750 613 1781 valent
628 1750 846 1789 indulgentiae,
865 1760 968 1790 quan-

197 1805 266 1834 tum
280 1803 416 1834 Ecclesia
430 1803 590 1844 praedicat.

468 1914 692 1946 CONCLUSIO.

193 2004 380 2038 Indulyentioe,
398 2006 529 2038 quantum
544 2005 581 2030 est
596 2011 628 2030 em
639 2005 770 2038 potestate
785 2003 887 2035 dantis,
903 2005 963 2029 tan-

229 2051 283 2075 tum
296 2049 386 2075 valent
401 2050 529 2082 quantum
543 2048 720 2082 ρνοτηίίιαηίς
737 2048 796 2074 licet
810 2055 863 2074 non
877 2055 965 2082 (equa-

227 2094 289 2120 liter
302 2094 421 2120 omnibus
435 2094 551 2120 valeant.

230 2180 320 2220 Resp.
335 2180 375 2211 ad
385 2189 455 2219 arg.
471 2179 640 2210 Dicendum
651 2179 736 2219 quod
748 2179 964 2209 communiter

189 2234 363 2265 secundum
375 2234 526 2271 doctores,
540 2232 649 2263 adhoc
659 2232 743 2271 quod
753 2231 963 2270 indulgentiae

189 2288 241 2319 vel
267 2287 477 2318 relaxationes
503 2286 621 2325 aliquid
650 2285 791 2323 valeant,
823 2277 964 2323 exigitur

190 2340 308 2380 duplex
323 2340 458 2370 conditio
470 2349 511 2370 ex
523 2341 611 2379 parte
627 2339 784 2377 donantis,
802 2342 832 2369 et
845 2338 962 2377 duplex

190 2402 229 2424 ex
249 2395 336 2433 parte
357 2392 546 2432 recipientis.
564 2392 612 2423 Ex
631 2394 719 2432 parte
738 2392 840 2422 dantis
856 2392 963 2431 requi-

191 2447 272 2477 ritur
293 2446 446 2486 potentia;
470 2445 647 2485 requiritur
666 2446 762 2476 etiam
781 2445 913 2476 honesta
933 2447 963 2475 et

192 2499 385 2530 rationabilis
399 2507 494 2529 causa
511 2507 518 2528 :
535 2507 600 2529 non
616 2498 702 2528 enim
717 2498 871 2529 credenda
883 2499 964 2528 esset

192 2552 391 2592 indulgentia
412 2552 546 2591 alicujus
569 2552 703 2590 valoris,
729 2553 754 2582 si
779 2553 849 2592 quis
875 2552 964 2582 daret

193 2614 262 2636 eam
277 2606 425 2637 euntibus
439 2606 547 2637 videre
561 2607 788 2637 torneamenta.
813 2605 860 2636 Ex
875 2608 963 2645 parte

193 2657 372 2699 recipientis
382 2659 510 2700 duplex,
521 2658 637 2690 scilicet
645 2659 796 2690 confessio
805 2668 879 2690 cum
887 2668 963 2690 vera

1030 258 1231 295 contritione,
1252 263 1281 290 et
1296 261 1372 291 fides
1387 271 1459 292 cum
1475 272 1551 293 vera
1565 263 1743 301 devotione,
1765 267 1800 295 ut

1030 320 1104 342 vero
1118 312 1156 341 de
1171 314 1305 351 peccatis
1320 315 1359 344 sit
1376 316 1545 354 poenitens,
1565 319 1595 346 et
1610 326 1683 347 vere
1699 318 1797 347 confi-

1029 364 1105 394 dens
1124 365 1207 404 quod
1232 368 1364 405 pastoris
1387 369 1584 408 indulgentia
1603 370 1663 400 sibi
1684 370 1796 400 valeat.

1029 417 1083 447 His
1108 420 1361 458 praesuppositis,
1389 422 1537 452 dixerunt
1560 423 1656 462 aliqui
1684 423 1797 462 hujus-
1815 437 1879 465 opiu,
1900 440 1920 459 1,

1029 471 1113 501 modi
1132 471 1348 510 indulgentias
1369 474 1486 513 aliquid
1502 475 1620 513 valere,
1644 476 1698 507 sed
1714 486 1797 507 111111-

1028 533 1124 564 qnam
1152 527 1293 559 tantum,
1325 530 1480 565 quantum
1508 529 1717 567 promittitur;
1746 530 1799 560 sed

1027 578 1147 617 aliquid
1171 578 1276 608 valent
1305 580 1482 617 modicum,
1512 583 1686 612 seeundum
1716 584 1800 623 quod

1028 634 1167 662 meretur
1193 633 1268 663 tides
1292 635 1321 663 et
1348 634 1481 664 devotio.
1513 635 1665 666 Praedicat
1695 639 1800 667 tamen

1027 685 1087 715 1106
1102 685 1248 723 Ecclesia,
1266 689 1301 716 ut
1318 687 1398 716 filios
1414 696 1487 717 suos
1504 688 1586 718 bona
1601 690 1737 728 quadam
1751 690 1801 720 de-

1027 738 1169 777 ceptione
1184 738 1222 768 ad
1238 739 1358 769 bonum
1370 740 1495 777 alliciat,
1511 741 1590 771 sieut
1604 742 1719 773 mulier
1734 743 1798 773 filio

1027 800 1158 830 ponium
1180 792 1351 830 promittit,
1375 793 1458 832 quod
1478 796 1586 832 postea
1606 804 1670 825 non
1691 795 1796 826 donat.

1027 842 1087 872 Sed
1112 843 1192 873 istud
1218 843 1362 874 Ecclesiae
1390 847 1436 874 est
1462 845 1637 884 derogare,
1668 847 1798 878 dicendo
1814 850 1909 877 Improb·

1027 905 1096 925 eam
1119 896 1177 926 sub
1202 897 1304 935 specie
1326 897 1464 936 quadam
1488 899 1630 937 mentiri,
1656 902 1685 929 et
1704 909 1800 939 opera

1026 948 1133 978 inania
1148 951 1178 979 et
1193 950 1336 988 puerilia,
1355 953 1384 980 et
1396 951 1504 989 jocosa
1519 960 1596 989 esse,
1614 962 1687 991 quae
1702 953 1773 983 facit
1790 965 1796 984 1

1026 1002 1111 1040 1111011
1132 1002 1281 1033 abhorret
1306 1012 1395 1033 mens
1417 1007 1510 1034 recta.
1533 1005 1595 1035 Alii
1616 1006 1796 1045 (lixeruiit’,

1026 1055 1110 1094 quod
1138 1055 1320 1095 simpliciter
1345 1058 1469 1087 tautum
1495 1058 1617 1097 valent,
1643 1062 1799 1099 quantum
1815 1068 1919 1094 Optuma.

1026 1109 1224 1148 promittunt,
1235 1110 1379 1149 quianon
1386 1111 1603 1142 consideratur
1613 1113 1662 1143 1116
1669 1114 1797 1153 emptio,

1027 1162 1080 1192 5611
1096 1162 1240 1193 Ecclesiae
1255 1164 1405 1201 largitas,
1428 1167 1459 1194 et
1473 1174 1565 1204 aequa
1580 1168 1627 1195 est
1642 1166 1709 1197 haec
1724 1177 1798 1197 cou-

1026 1216 1112 1254 ditio,
1130 1217 1326 1256 quicumque
1342 1218 1381 1247 sit
1396 1218 1458 1255 ille,
1479 1219 1532 1257 qni
1548 1219 1695 1258 disponit.
1713 1220 1800 1251 Unde

1026 1269 1107 1299 516111
1132 1270 1219 1300 dives
1249 1271 1376 1301 mittens
1402 1271 1440 1300 ad
1467 1271 1650 1310 tabernam,
1676 1275 1801 1303 tantum

1026 1322 1121 1352 hahet
1135 1322 1173 1352 de
1188 1323 1278 1361 vino,
1302 1326 1457 1362 quantum
1480 1324 1574 1354 habet
1595 1326 1701 1355 vetula
1721 1335 1799 1365 pau-

1026 1376 1168 1416 percula,
1189 1377 1213 1406 si
1229 1386 1286 1416 par
1301 1377 1435 1416 pretium
1453 1378 1574 1414 mittat;
1596 1379 1640 1409 516
1655 1380 1687 1409 111
1701 1380 1800 1410 66616ς

1027 1429 1150 1459 siastica
1166 1431 1278 1460 volunt
1293 1431 1429 1469 intelligi
1442 1432 1649 1470 indulgentia.
1666 1432 1725 1463 Sed
1740 1433 1800 1463 ista

1026 1482 1137 1520 positio
1154 1483 1279 1513 videtur
1294 1484 1397 1513 adhue
1414 1485 1506 1514 nimis
1521 1494 1679 1523 magnum
1694 1486 1799 1516 forum
1814 1493 1910 1520 Improb.

1024 1535 1125 1565 facere
1151 1536 1188 1566 de
1212 1537 1439 1576 indulgentiis,
1469 1548 1505 1568 ac
1530 1548 1585 1577 per
1611 1539 1670 1569 hoc
1696 1539 1799 1578 potins

1024 1588 1098 1618 facit
1120 1589 1159 1619 ad
1187 1590 1423 1621 vilificationem
1449 1591 1607 1631 ipsarum,
1640 1602 1735 1632 quam
1760 1593 1799 1623 ad

1024 1641 1160 1673 landem.
1179 1643 1275 1673 Tertii
1291 1644 1456 1682 dixerunt,
1480 1646 1565 1684 quod
1580 1646 1619 1676 ad
1639 1646 1699 1676 hoc
1714 1646 1798 1685 quod

1024 1696 1149 1726 valeant
1173 1697 1242 1726 istae
1265 1697 1472 1737 indulgentiae
1495 1701 1618 1728 tantum
1640 1702 1797 1738 quantum

1024 1750 1229 1788 promittitur,
1241 1751 1415 1781 necessario
1424 1752 1597 1791 requiritur
1606 1752 1796 1783 existimatio
1812 1755 1876 1782 Opin·
1899 1758 1918 1776 3·

1019 1803 1117 1842 justa.
1141 1803 1263 1834 ,Iustam
1281 1806 1388 1834 auten]
1413 1805 1679 1835 existimationem
1700 1814 1797 1835 voca—

1024 1858 1149 1893 verunt,
1166 1857 1294 1895 quando
1306 1857 1508 1888 liomolibere
1521 1860 1644 1888 tantum
1660 1858 1797 1889 eleemo-

1022 1916 1110 1947 synae
1125 1909 1197 1939 facit
1213 1919 1268 1949 pro
1282 1910 1427 1941 Ecclesiae
1443 1911 1675 1949 sublevatione,
1693 1922 1795 1952 quau-

1022 1963 1089 1991 tum
1106 1962 1199 1992 vellet
1214 1963 1289 1993 dare
1303 1964 1414 1994 adhoc
1428 1966 1464 1994 ut
1476 1965 1690 1995 remitteretur
1704 1966 1797 1996 tertia

1021 2024 1093 2054 pars
1108 2016 1314 2054 poenitentiae,
1329 2017 1396 2047 sive
1412 2020 1566 2057 quantum
1579 2019 1705 2049 deberet
1716 2019 1795 2051 velle

1021 2069 1105 2100 dare.
1131 2069 1191 2100 Sed
1215 2073 1298 2101 certe
1318 2071 1344 2101 si
1368 2071 1411 2101 ita
1432 2074 1528 2110 esset,
1553 2073 1641 2103 nulla
1661 2075 1741 2103 esset
1761 2074 1795 2104 in
1810 2080 1907 2108 Improb.

1021 2125 1140 2154 mundo
1154 2125 1321 2162 relaxatio,
1343 2126 1397 2156 sed
1412 2126 1515 2156 solum
1531 2127 1752 2165 commutatio,
1768 2128 1793 2158 si

1021 2177 1093 2217 quis
1108 2178 1263 2217 inspiciat.

1062 2230 1233 2261 Possumus
1259 2232 1360 2271 igitur
1383 2232 1499 2270 dicere,
1526 2233 1611 2272 quod
1636 2234 1794 2273 quantitas

1020 2284 1228 2323 indulgentiae
1248 2286 1419 2316 attenditur
1439 2289 1581 2325 respectu
1603 2296 1719 2326 peenae,
1744 2297 1791 2318 se·
1809 2293 1873 2320 Opin-
1887 2296 1907 2314 4-

1020 2338 1159 2369 cundum
1174 2340 1258 2378 quod
1273 2340 1368 2370 habet
1382 2340 1538 2371 rationem
1552 2341 1656 2380 pretii,
1672 2341 1721 2372 vel
1737 2341 1790 2371 116-

1020 2391 1075 2421 biti
1090 2392 1248 2430 solvendi3
1271 2402 1334 2423 non
1349 2393 1470 2424 ratione
1486 2394 1633 2432 antidoti,
1651 2395 1701 2425 vel
1715 2404 1791 2434 pur-

1021 2445 1158 2483 gationis
1183 2446 1291 2476 scoriae
1319 2447 1451 2486 peccati,
1478 2457 1576 2487 quam
1600 2458 1727 2478 necesse
1747 2451 1792 2478 est

1019 2500 1161 2529 amoveri
1184 2509 1239 2539 per
1260 2501 1421 2540 propriam
1440 2510 1583 2541 poenam,
1608 2504 1720 2541 utputa
1737 2511 1792 2541 per
1808 2515 1870 2536 ppos.

1020 2553 1255 2591 contritionem,
1278 2554 1328 2584 vel
1343 2554 1478 2594 aliquus
1497 2563 1599 2594 poenae
1614 2555 1788 2595 perpessio-

1054 2635 1061 2651 ¹
1075 2635 1145 2658 Hanc
1157 2634 1303 2665 opinionem
1317 2636 1412 2665 tenent,
1425 2642 1482 2659 cum
1496 2638 1521 2659 S.
1535 2635 1640 2665 Thomu,
1658 2635 1790 2660 Duraudus

1021 2671 1045 2693 et
1060 2669 1167 2694 Medinu.
