1991 3006
21 1873 124 1897 Fundam.

538 197 635 229 DIST.
659 197 736 228 XXI.
762 196 877 227 PART.
902 196 939 227 ll.

179 268 197 296 2
214 267 244 296 et
259 268 287 296 3.
311 266 359 297 Ad
379 265 457 296 illud
471 264 556 304 quod
576 264 724 303 objicitur
739 264 777 294 de
791 263 909 294 contri-

138 319 234 353 tione,
248 321 277 349 et
287 319 505 355 satisfactione,
518 317 683 348 dicendum
694 316 779 356 quod
792 316 818 346 si
833 325 908 346 0011-

139 372 228 402 (10100
242 374 368 411 peccato
382 370 529 410 proximi,
545 372 575 400 et
590 370 688 409 punio
704 379 755 400 me
770 379 827 409 pro
842 369 907 406 illo,

138 424 384 455 misericordiam
412 423 456 453 illi
483 423 635 462 impetro,
665 432 729 453 non
758 422 910 462 injuriam

138 478 233 514 faci03
253 486 316 509 non
337 476 381 506 sic
400 476 527 515 quaudo
547 485 621 506 eum
642 484 754 506 accuso
771 487 778 506 ε
797 477 827 505 et
841 475 910 505 ideo

138 539 203 561 non
220 532 265 560 est
279 530 391 560 simile.

178 586 207 613 4.
224 582 272 613 Ad
291 582 368 612 illud
389 582 474 621 quod
496 582 655 621 objicitur,
680 582 764 621 quod
786 581 855 611 facit
871 581 911 611 ad

138 636 259 676 proprii
268 635 384 675 peccati
397 644 506 666 curam
516 637 547 665 et
559 635 726 672 cautelam,
743 634 910 664 dicendum

138 689 222 729 quod
244 689 277 718 in
295 688 349 718 tali
371 697 445 718 casu
467 688 538 718 licet
556 699 562 718 z
581 687 721 717 multum
742 689 851 717 tamen
865 688 911 717 est

138 741 389 777 observandum,
410 750 449 771 ne
466 741 536 780 quis
557 740 655 771 alium
671 742 795 770 accuset
809 740 842 770 in
857 740 911 770 illo

138 797 210 826 actu
227 806 234 826 :
251 795 306 826 sed
321 796 346 825 si
361 795 432 834 quis
448 795 569 825 videret
583 794 731 834 expedire
746 793 825 824 scire
839 802 911 833 pec-

139 851 245 879 catum
260 848 400 879 alienum
420 850 547 888 propter
566 848 733 878 utilitatem
755 848 839 886 ejus,
860 846 910 877 vel

138 911 308 933 commune
331 902 469 939 honum,
496 901 598 931 tutius
624 903 670 931 est
693 903 782 931 extra
806 901 909 930 forum

139 955 342 986 confessionis
358 955 556 994 perquirere,
574 957 604 985 et
619 954 739 984 audire.

367 1075 609 1109 ARTICULUS
636 1076 677 1107 ΙΙ.

179 1170 421 1209 Consequenter,
439 1171 595 1208 quantum
612 1169 651 1199 ad
666 1168 842 1198 secundum
858 1176 907 1197 ar-

140 1222 283 1259 ticulum,
300 1222 456 1261 quaeritur
471 1222 508 1252 de
524 1222 629 1260 sigillo
644 1221 863 1258 confessionis3
881 1224 911 1251 01

139 1276 221 1306 circa
242 1275 302 1306 hoc
318 1276 379 1305 tria
402 1278 592 1315 quaeruntur
609 1286 614 1304 :
632 1275 735 1314 primo
757 1274 911 1313 quaeritur

139 1333 248 1359 utrum
263 1329 295 1359 111
310 1329 417 1368 aliquo
428 1338 503 1359 casu
514 1329 605 1358 liceat
619 1328 846 1358 confessionem
860 1337 910 1357 re-

140 1383 261 1421 velare;
285 1383 437 1421 secundo,
456 1385 563 1413 utrum
584 1383 735 1412 confitens
750 1382 846 1421 possit
862 1391 910 1411 sa-

140 1436 296 1466 cerdotem
308 1436 477 1473 licentiare,
489 1438 524 1465 ut
538 1435 670 1472 revelet,
687 1436 790 1471 tertio,
802 1437 910 1465 utrum

138 1489 216 1520 illud
233 1489 317 1528 quod
334 1489 500 1528 dupliciter
514 1489 603 1518 novit
622 1488 780 1525 sacerdos,
797 1488 912 1517 scilicet

139 1551 195 1582 per
209 1542 449 1579 confessionem,
465 1544 495 1572 et
508 1550 565 1581 per
579 1541 674 1571 aliam
691 1541 787 1578 viam,
804 1544 910 1571 tenea-

139 1598 193 1627 tur
207 1596 318 1627 celare.

398 1688 604 1726 QUAESTIO
632 1688 655 1718 Ι.

194 1777 240 1803 An
258 1775 377 1803 sacerdos
393 1776 480 1810 possit
500 1776 616 1802 revelare
635 1776 823 1808 confessionem
842 1781 857 1800 ¹.

181 1861 270 1898 Quod
285 1862 428 1892 sacerdos
445 1871 508 1891 non
523 1862 622 1900 possit
639 1861 777 1891 revelare
792 1861 912 1890 confes-

140 1915 277 1952 sionem,
296 1915 482 1945 ostenditur.
503 1914 684 1952 Gregorius,
702 1913 739 1944 (Ie
759 1914 913 1945 Poeniten-

141 1968 207 1999 tia*
219 1978 230 1998 .·
250 1979 263 1995 α
280 1967 429 1997 Sacerdos
448 1969 521 1997 ante
541 1967 648 1997 omnia
670 1969 793 2004 caveat,
820 1975 858 1997 ne
876 1967 914 1997 (10

140 2019 201 2056 1115,
218 2020 272 2059 qui
283 2020 310 2050 ei
326 2020 514 2050 confitentur
531 2022 656 2059 peccata
670 2029 739 2057 sua,
755 2019 848 2049 alicui
864 2028 912 2050 re-

141 2073 225 2103 citet.
240 2083 255 2100 1)

180 2125 258 2156 Item
283 2125 445 2156 decretalis
460 2126 543 2156 edita
563 2126 594 2155 iu
616 2125 752 2156 Concilio
772 2125 913 2165 generali

141 2178 180 2209 de
202 2178 393 2210 Paenitentia
418 2182 447 2210 et
472 2178 744 2210 Remissiontbus:
767 2191 780 2206 «
801 2179 915 2209 Caveat

140 2233 247 2261 autem
272 2231 432 2268 sacerdos,
457 2240 497 2261 ne
521 2231 636 2268 verbo,
659 2231 710 2261 vel
729 2232 836 2270 siguo,
863 2232 913 2262 vel

140 2284 254 2324 quovis
269 2284 329 2315 alio
346 2284 438 2314 modo
458 2284 568 2323 prodat
588 2284 786 2323 aliquatenus
802 2293 913 2323 pecca-

140 2338 251 2367 torem.
267 2349 282 2366 ¹)

181 2390 259 2421 Item
273 2390 334 2421 1100
348 2390 474 2421 videtur
490 2390 626 2427 ratione,
650 2390 725 2429 quia
741 2391 865 2429 peccata
881 2390 913 2419 in

142 2445 333 2475 confessione
349 2445 495 2475 delentur
513 2455 520 2474 ι
538 2444 588 2474 sed
613 2453 670 2483 pro
691 2446 816 2483 peccato
830 2444 913 2483 quod

142 2497 224 2527 Deus
237 2497 369 2535 remisit,
393 2506 488 2528 nemo
504 2499 550 2528 est
563 2497 757 2527 accusandus
773 2507 778 2526 :
794 2505 873 2535 ergo
889 2496 914 2525 si

176 2559 180 2571 ¹
197 2558 237 2588 Cf.
253 2559 322 2582 Alex.
340 2560 470 2590 Alens.,p.
485 2560 526 2589 lv,
543 2566 567 2589 ·1-
588 2565 642 2588 xlx,
658 2558 765 2582 membr.
782 2560 805 2585 2,
823 2560 869 2581 art.
890 2560 912 2585 l;

144 2594 170 2617 S.
185 2593 286 2623 Thom„
303 2594 327 2617 in
340 2595 430 2625 Suppl.
445 2602 469 2625 p.
489 2596 530 2623 111,
543 2602 567 2625 q.
587 2600 625 2623 xl,
639 2596 685 2617 art.
706 2597 729 2620 1;
750 2595 774 2616 et,
790 2594 820 2616 lv
835 2594 914 2623 Scan,

142 2628 302 2658 dist.x*:1,q.
317 2635 353 2659 111,
367 2632 413 2654 art,
428 2631 456 2659 23
470 2632 548 2657 Scor,
561 2630 590 2651 tv
609 2630 686 2658 svnt„
700 2629 756 2652 dist.
771 2634 824 2652 xxi.
839 2635 864 2658 q.
883 2634 914 2658 u;

142 2664 270 2694 Richard„
291 2664 319 2687 tV
342 2664 419 2694 Seni„
436 2665 493 2690 dist.
510 2671 568 2694 ni,
584 2666 630 2688 art.
647 2666 670 2694 4,
686 2671 710 2694 q.
730 2670 764 2693 ¹13
783 2664 871 2688 franc.
883 2663 913 2686 de

963 196 1054 227 ART.
1079 196 1116 226 ll.
1141 195 1291 232 QUAEST.
1316 196 1340 226 Ι.
1682 198 1735 226 111

965 263 1109 293 sacerdos
1123 264 1170 293 est
1184 262 1330 292 minister
1344 261 1550 298 remissionis,
1564 270 1629 292 non
1640 262 1740 301 potest

966 325 1115 347 accusare
1124 315 1175 347 vel
1185 315 1333 354 detegere
1344 317 1550 355 peccatorem,
1562 314 1640 354 quin
1649 314 1741 344 faciat

966 371 1075 399 contra
1089 369 1227 399 officium
1248 369 1317 399 veri
1335 368 1502 399 sacerdotis
1519 378 1526 398 :
1542 376 1620 406 ergo
1635 366 1740 398 omnis

966 421 1035 452 talis
1051 424 1096 452 est
1112 421 1327 461 deponendus.

1008 474 1084 505 Item
1104 476 1248 514 peccator
1268 474 1436 504 confitetur
1453 473 1620 511 sacerdoti,
1642 475 1673 504 et
1689 482 1740 503 sa-

966 528 1075 558 cerdos
1096 528 1208 567 accipit
1229 528 1296 558 loco
1316 527 1369 558 Dei
1387 538 1394 557 ι
1411 528 1464 558 sed
1480 527 1561 558 Deus
1576 528 1739 566 peceatum

966 581 1147 620 poenitentis
1160 580 1310 618 occultat,
1334 582 1364 610 et
1378 589 1443 610 non
1457 580 1576 619 detegit
1593 591 1599 610 :
1617 588 1695 619 ergo
1710 581 1740 609 et

966 634 1109 664 sacerdos
1124 636 1249 664 tenetur
1264 633 1432 664 occultare.

1008 687 1085 717 Item
1101 687 1245 717 sacerdos
1256 685 1310 725 qui
1326 685 1413 716 audit
1425 686 1630 725 peccatorem,
1642 685 1740 715 nescit

966 743 1073 771 utrum
1090 741 1171 771 dicat
1190 740 1250 770 sibi
1265 748 1379 771 verum
1397 750 1403 769 :
1417 730 1501 777 *ergo
1516 739 1616 768 nescit
1629 740 1739 769 utrum

966 794 1018 824 ille
1034 795 1074 824 sit
1089 794 1255 834 culpabilis
1272 804 1279 824 t
1297 802 1376 832 ergo
1395 792 1422 822 si
1440 791 1562 822 nullius
1577 793 1739 831 peccatum

966 848 1118 878 dehemus
1142 856 1301 885 accusare,
1327 846 1389 877 nisi
1412 846 1481 885 ejus
1505 845 1542 876 de
1563 854 1626 884 quo
1649 845 1739 875 nohis

966 904 1107 939 constat,
1136 911 1214 941 ergo
1238 902 1401 941 peccatum
1429 908 1485 939 per
1512 898 1738 929 confessionem

966 956 1132 994 cognitum
1147 955 1329 985 nullatenus
1343 955 1389 984 est
1404 951 1612 992 prodendum.

1007 1009 1120 1039 Contra
1145 1019 1152 1039 z
1181 1011 1208 1038 1.
1234 1008 1375 1039 Ponatur
1403 1007 1487 1047 quod
1516 1005 1631 1045 aliquis
1652 1006 1738 1045 juret

965 1062 1068 1092 dicere
1087 1070 1199 1092 verum
1222 1070 1318 1101 super
1338 1061 1443 1100 aliquo
1462 1060 1557 1097 facto,
1581 1061 1611 1090 et
1631 1059 1739 1089 nullus

966 1117 1066 1154 potest
1080 1123 1137 1145 nec
1149 1114 1240 1145 debet
1255 1114 1399 1150 mentiri,
1416 1122 1474 1143 nec
1488 1113 1604 1143 falsum
1616 1113 1736 1151 jurare,

966 1177 1024 1197 nec
1039 1168 1213 1207 perjurare,
1230 1168 1296 1198 sive
1313 1167 1454 1207 dejerare
1469 1168 1596 1206 propter
1610 1165 1739 1205 aliquod

967 1221 1151 1251 scandalum
1175 1221 1360 1251 evitandum
1385 1230 1392 1251 ε
1418 1229 1496 1259 ergo
1519 1219 1624 1258 magis
1648 1218 1739 1249 debet

967 1274 1182 1312 manifestare,
1200 1283 1298 1313 quam
1310 1274 1427 1304 falsum
1443 1272 1643 1312 respondere.

1007 1329 1036 1356 ΞΖ.
1058 1326 1136 1356 ltem
1159 1329 1296 1366 ponatur
1317 1326 1402 1365 quod
1424 1325 1530 1356 audiat
1551 1323 1738 1354 haereticum

968 1380 1001 1410 in
1021 1380 1215 1410 confessione
1236 1380 1290 1419 qui
1307 1379 1386 1409 nolit
1404 1378 1572 1418 poenitere,
1593 1377 1645 1408 sed
1662 1377 1739 1407 alios

968 1442 1182 1473 corrumpere,
1199 1433 1303 1471 magis
1320 1432 1411 1462 debet
1425 1431 1521 1461 fidem
1537 1430 1658 1461 Christo
1673 1439 1737 1460 ser-

968 1495 1044 1516 vare
1067 1486 1227 1522 sacerdos,
1252 1493 1349 1524 quam
1373 1484 1433 1523 ipsi
1456 1483 1606 1514 haeretico
1630 1492 1636 1513 :
1662 1492 1740 1522 ergo

968 1539 1075 1578 magis
1099 1539 1191 1569 debet
1214 1538 1441 1569 confessionem
1467 1537 1550 1568 illius
1574 1537 1738 1575 detegere,

968 1601 1065 1632 quam
1086 1592 1247 1632 permittat
1269 1600 1344 1622 eum
1368 1600 1501 1630 gregem
1525 1589 1648 1620 Domini
1671 1598 1741 1620 cor-

969 1655 1129 1685 rumpere.

1010 1701 1039 1729 3.
1066 1698 1143 1729 Item
1162 1699 1298 1737 ponatur
1317 1697 1402 1736 quod
1424 1696 1566 1727 sacerdos
1587 1695 1663 1726 sciat
1686 1704 1741 1735 per

970 1751 1198 1781 confessionem
1210 1750 1291 1780 inter
1302 1750 1382 1780 duos
1393 1750 1585 1779 contractam
1595 1757 1663 1779 esse
1673 1748 1742 1778 affi-

971 1805 1102 1834 nitatem
1116 1813 1171 1844 per
1186 1804 1305 1834 coitum
1322 1803 1544 1839 fornicarium,
1563 1804 1593 1833 et
1610 1804 1680 1842 post
1694 1810 1748 1832 eos

970 1859 1050 1889 velle
1066 1858 1252 1888 contrahere
1266 1858 1304 1895 in
1324 1857 1400 1887 facie
1416 1856 1578 1894 Ecclesiae3
1601 1856 1626 1885 si
1643 1864 1746 1885 sacer-

971 1911 1027 1941 dos
1043 1911 1152 1950 Jungit
1166 1911 1255 1947 istos,
1267 1919 1340 1940 cum
1351 1909 1402 1939 isti
1417 1911 1545 1948 peccent
1560 1908 1745 1945 mortaliter,

970 1964 1125 1994 consentit
1149 1965 1275 2002 peccato
1299 1971 1411 1993 eorum
1435 1971 1443 1992 ε
1469 1970 1549 2000 ergo
1574 1962 1749 1992 mortaliter

972 2019 1077 2056 peccat
1091 2027 1097 2047 :
1112 2025 1190 2056 ergo
1202 2017 1228 2046 si
1243 2025 1308 2046 non
1320 2015 1412 2045 debet
1428 2014 1555 2045 sceleris
1568 2014 1662 2044 alieni
1678 2014 1747 2044 fieri

971 2070 1126 2110 particeps
1139 2094 1146 2107 ,
1177 2069 1268 2099 debet
1297 2069 1357 2099 hoc
1385 2068 1597 2098 manifestare.
1629 2066 1748 2097 Similis

971 2132 1062 2153 casus
1084 2125 1130 2153 est
1148 2122 1181 2152 in
1203 2122 1337 2159 decano,
1359 2121 1415 2161 qui
1433 2120 1556 2151 audivit
1578 2120 1745 2150 confessio-

971 2185 1043 2206 nem
1064 2175 1250 2205 habentium
1269 2174 1553 2213 irregularitatem,
1575 2183 1615 2204 an
1636 2174 1747 2204 debeat

971 2238 1023 2259 eos
1038 2231 1232 2268 praesentare
1246 2227 1438 2258 ordinandos
1453 2227 1492 2257 ab
1512 2227 1673 2266 episcopo,
1694 2226 1745 2257 vel

971 2282 1112 2313 revelare
1127 2281 1366 2312 confessionem.

1010 2337 1040 2365 4.
1060 2334 1137 2365 110111
1152 2336 1289 2374 ponatur
1304 2334 1389 2374 quod
1406 2333 1520 2373 aliquis
1539 2334 1626 2373 prior
1639 2334 1678 2364 de
1692 2343 1742 2364 or-

972 2388 1043 2419 dine
1077 2388 1308 2418 monachorum
1343 2388 1531 2417 confiteatur
1560 2387 1663 2417 abbati
1677 2411 1683 2425 ,
1714 2389 1743 2417 01

971 2441 1113 2480 quandiu
1138 2443 1184 2471 est
1206 2441 1239 2471 in
1261 2441 1403 2480 pri0ratu
1422 2440 1535 2470 habeat
1548 2441 1743 2471 occasionem

972 2496 1149 2525 trahentem
1165 2494 1203 2524 ad
1222 2496 1399 2533 peccatum,
1416 2504 1435 2524 a
1449 2503 1512 2533 quo
1527 2502 1591 2524 non
1606 2493 1674 2523 vult
1689 2493 1741 2523 (10-

973 2557 1062 2587 Μηγικ,
1077 2558 1106 2580 lv
1118 2557 1196 2585 Sem„
1211 2556 1267 2579 dist.
1280 2562 1370 2586 xx1‚q.
1385 2562 1422 2585 111;
1437 2556 1527 2579 1110111.
1538 2556 1609 2585 Arg„
1623 2555 1652 2577 lV
1664 2555 1742 2583 Sent„

972 2593 1028 2616 dist.
1041 2599 1093 2622 xxi,
1110 2600 1134 2623 q.
1148 2598 1164 2619 Ι,
1176 2595 1222 2615 art.
1241 2595 1261 2621 13
1273 2592 1359 2621 Sleph.
1377 2592 1518 2620 131··1lef.‚tv
1535 2592 1613 2620 Solet„
1624 2590 1741 2620 ‹list.xx1,

972 2635 996 2658 q.
1013 2635 1045 2657 x,
1063 2628 1138 2651 Galir.
1158 2628 1230 2657 Bivl„
1251 2628 1279 2651 tV
1302 2627 1450 2655 Δεἰ·711,,(1151.
1472 2632 1525 2654 xx1,
1541 2633 1564 2655 q.
1583 2632 1599 2651 ι,
1615 2627 1660 2648 urt.
1677 2627 1698 2648 3,
1713 2637 1743 2642 —

972 2663 980 2677 ²
991 2663 1127 2693 Gregorius
1143 2669 1180 2692 lx,
1193 2663 1222 2685 sle
1237 2663 1337 2691 Paruit„
1352 2662 1409 2686 dist.
1423 2667 1457 2684 νι.

1756 1023 1788 1043 Ad
1805 1029 1856 1049 opp.
