1991 3006
48 365 139 389 Quaestio

34 396 138 416 lateralis.

55 2382 89 2403 Ad
99 2390 120 2410 q.

53 2412 128 2434 latera-

39 2438 82 2459 lem

657 178 755 210 DIS'l'.
779 179 856 210 XIX.
881 178 969 209 ΛΒΤ.
996 178 1032 209 ΙΙ.
1056 178 1207 216 QUAEST.
1233 180 1268 210 ΙΙ.

154 257 249 287 num,
266 257 363 288 quam
377 246 556 284 sacerdotii,
575 255 648 276 cum
666 246 806 276 officium
822 254 923 276 sacer-

154 301 234 332 dotis
251 301 291 331 sit
311 302 344 331 in
362 300 529 340 praesentia
544 298 667 329 Domini
684 298 878 335 ministrare,
895 301 926 329 et

154 354 372 394 gratissimum
400 353 428 383 ei
457 352 648 382 sacrificium
675 353 799 383 offerre.
829 352 925 383 Juxta

153 407 214 438 hoc
229 407 393 447 quaeritur,
410 415 484 436 cum
499 405 590 436 detur
605 415 708 436 novus
725 415 804 436 usus
818 405 925 444 ligan-

153 461 201 498 di,
223 463 254 491 et
273 459 412 490 solvendi
429 459 461 488 in
476 459 630 498 dignitate
649 459 832 498 episcopali,
852 468 924 489 cum

153 514 249 544 etiam
263 513 306 542 ibi
322 512 465 542 tradatur
480 514 617 551 potestas
628 515 657 542 et
668 512 836 543 auctoritas
851 520 926 551 pon-

153 565 287 604 tificalis,
304 567 415 595 utrum
428 565 571 595 tradatur
583 565 627 595 ibi
638 565 699 595 alia
711 565 818 595 clavis.
837 564 924 601 Quod

153 618 178 648 si
197 627 312 649 verum
331 620 426 655 esset,
447 627 513 649 non
528 628 608 657 ergo
624 621 748 649 tantum
765 618 837 648 duae
852 619 925 647 suut

152 670 255 702 claves
271 680 278 702 :
295 671 380 710 quod
393 674 440 702 est
453 674 563 702 contra
577 671 862 711 praedeterminata.

432 786 655 817 CONCLUsio.

152 872 185 898 1η
205 871 298 898 ordine
316 871 476 899 sacerdotali
497 872 612 898 clavium
629 874 746 906 potestas
766 873 922 904 confertur:

187 916 246 943 ideo
261 917 290 942 in
303 917 458 950 episcopatu
475 924 527 942 71012
548 917 648 943 dantur
668 924 741 943 vzovae
757 916 860 948 claves,
881 916 926 942 sed

188 963 352 994 receptarum
368 961 521 994 ampliatio.

192 1041 283 1082 Rcsp.
313 1043 353 1073 ad
381 1052 454 1082 arg.
483 1044 656 1074 Dicendum
686 1045 790 1082 (sicut
817 1044 923 1075 dicunt

152 1095 272 1134 Sancti,
293 1098 323 1126 et
346 1096 405 1126 hoc
419 1096 513 1126 etiam
530 1097 633 1127 innuit
653 1098 717 1137 ipse
733 1097 845 1128 modus
861 1099 924 1127 tra-

152 1148 244 1179 dendi
267 1148 411 1188 ordines)
438 1150 521 1189 quod
546 1150 579 1180 in
606 1150 716 1180 ordine
743 1150 924 1181 sacerdotali

152 1201 292 1233 clavium
320 1204 456 1242 potestas
485 1203 655 1234 confertur.
686 1203 788 1243 Hujus
816 1206 923 1234 autem

151 1255 231 1286 ratio
251 1258 297 1286 est
318 1255 473 1286 institutio
494 1256 611 1286 divina.
637 1256 845 1287 institutionis
866 1265 922 1287 au-

151 1310 216 1338 tem
240 1309 474 1347 congruitatem
500 1309 606 1339 videre
630 1318 818 1348 possumus,
843 1318 923 1349 quo-

152 1359 238 1390 niam
273 1361 388 1391 harum
425 1361 562 1391 clavium
596 1365 798 1392 conservator
831 1362 924 1392 hahet

152 1413 290 1444 officium
312 1415 508 1452 mediatoris,
534 1418 565 1445 et
583 1415 723 1445 offic-iun]
742 1416 922 1445 reconcilia-

151 1467 238 1498 toris.
258 1466 411 1498 Mediator
425 1470 531 1498 autem
547 1470 593 1499 est
609 1469 690 1499 inter
705 1468 804 1499 Deum
820 1472 849 1499 et
864 1469 922 1499 ho-

152 1519 289 1557 minem3
316 1521 533 1551 reconciliator
560 1530 651 1558 vero,
678 1521 857 1552 reducendo
885 1521 924 1552 ad

151 1572 340 1611 Ecclesiam,
371 1576 401 1604 et
430 1573 660 1604 reconciliando
687 1574 844 1605 Ecclesiae.
877 1575 923 1605 Ad

151 1625 211 1656 hoc
227 1629 333 1657 autem
348 1629 385 1657 ut
399 1627 494 1666 possit
513 1636 579 1657 esse
598 1627 751 1658 mediator
768 1628 924 1667 perfectus

151 1681 182 1709 et
194 1682 373 1719 competens
388 1680 468 1710 inter
481 1680 581 1710 Deum
595 1682 625 1710 et
640 1680 814 1719 hominem,
831 1691 922 1721 opor-

152 1734 196 1762 tet
214 1732 298 1772 quod
318 1742 407 1772 posse
430 1733 542 1764 habeat
561 1733 712 1764 offerendi
727 1734 810 1764 dona
824 1737 855 1765 et
869 1744 920 1764 sa-

153 1785 269 1816 criticia
280 1795 336 1825 pro
345 1787 489 1826 peccatis,
504 1787 535 1816 in
548 1786 664 1826 quibus
676 1786 756 1817 Deus
766 1787 922 1826 placetum

154 1838 192 1869 ad
207 1838 267 1869 hoc
277 1840 361 1878 quod
375 1839 471 1879 possit
482 1848 549 1869 esse
562 1839 789 1875 reconciliator,
804 1841 926 1878 oportet

153 1891 236 1931 quod
251 1892 348 1931 possit
360 1892 509 1922 reducere
519 1892 557 1921 ad
569 1900 682 1930 corpus
694 1891 806 1921 Christi
819 1891 926 1931 mysti—

154 1953 239 1982 cum,
255 1945 347 1983 cujus
362 1946 454 1984 caput
469 1947 515 1974 est
530 1944 594 1984 ipse
608 1944 749 1975 Christus
761 1954 865 1981 verus,
883 1947 924 1980 et,

155 1999 191 2028 ut
200 2000 284 2028 recta
295 1998 333 2028 sit
346 2000 376 2028 et
387 1998 530 2028 ordinata
545 2000 691 2037 potestas,
703 2001 826 2038 oportet
840 1999 925 2037 quod

155 2049 269 2080 habeat
290 2059 380 2089 posse
396 2051 581 2082 conficiendi
602 2052 837 2082 sanctissimum
856 2060 924 2082 cor-

155 2112 214 2142 pus
228 2103 354 2133 Christi.
372 2103 437 2134 Hoc
452 2106 558 2134 autem
576 2105 711 2144 pertinet
725 2105 764 2134 ad
779 2105 861 2135 solos
876 2114 925 2135 sa-

155 2156 294 2187 cerdotes
319 2167 326 2187 t
351 2159 381 2187 et
405 2157 474 2188 ideo
500 2157 651 2187 mirabilis
675 2157 729 2188 Dei
754 2158 923 2197 sapientia,

155 2209 388 2240 ordinatissimo
412 2210 505 2241 modo
532 2210 683 2241 ordinans
707 2211 927 2241 ecclesiasticas

155 2264 336 2302 potestates,
360 2262 441 2293 hanc
461 2265 647 2302 potestatem
668 2263 787 2302 ligandi
809 2266 839 2294 et
861 2263 927 2293 sol-

156 2315 250 2346 vendi
269 2315 343 2345 solis
357 2316 571 2346 sacerdotibus
589 2317 747 2347 commisit
763 2327 770 2347 z
787 2319 817 2347 et
837 2317 880 2346 ita
895 2316 926 2346 in

157 2368 265 2398 ordine
280 2369 461 2399 sacerdotali
475 2369 591 2399 dantur
602 2370 715 2400 claves.
729 2369 766 2400 Et
776 2370 925 2409 quoniam

158 2421 354 2461 episcopatus
376 2431 438 2452 nou
459 2422 534 2452 dicit
553 2432 673 2453 novum
695 2424 854 2461 ordinem,
875 2423 926 2453 sed

159 2475 331 2515 quamdam
347 2476 467 2505 ordinis
485 2476 704 2514 eminentiam;
726 2479 809 2507 recte
822 2477 926 2507 dIcen-

160 2527 236 2558 dum
251 2528 344 2559 estin
358 2537 395 2558 eo
410 2538 474 2559 non
488 2529 557 2558 dari
577 2538 695 2559 novam
713 2530 851 2567 clavem,
875 2529 929 2560 sed

162 2583 344 2619 potestatem
365 2581 550 2621 huiusmodi
571 2582 697 2613 extendi
717 2585 747 2613 et
765 2583 926 2623 ampliari,

165 2636 198 2663 ut
218 2634 262 2663 sic
284 2637 386 2674 pateat
407 2634 518 2665 ultimo
540 2635 721 2674 quaesitum.
750 2635 929 2675 Ampliatur

1719 183 1756 212 45

982 248 1089 276 autem
1113 247 1248 285 potestas
1269 246 1497 285 jurisdictionis
1521 246 1561 277 ad
1582 247 1755 286 corripien-

981 299 1076 334 dum,
1101 299 1133 328 in
1156 299 1249 338 cujus
1269 299 1400 337 signum
1424 299 1554 330 baculus
1572 299 1601 330 ei
1620 299 1756 330 traditur

983 352 1157 392 pastoralis.

1023 409 1051 443 1,
1068 407 1086 435 2
1102 407 1131 435 et
1146 407 1176 435 3.
1193 404 1240 435 Ad
1259 404 1336 435 illud
1354 414 1431 444 ergo
1449 407 1534 445 quod
1554 406 1700 446 objicitur
1715 407 1752 437 de

981 459 1131 494 ostiariis,
1153 458 1238 497 quod
1257 458 1561 497 habentjudicium,
1585 459 1754 490 dicendum

981 512 1066 551 quod
1087 511 1203 541 habere
1221 511 1379 549 judicium
1399 514 1429 541 et
1447 514 1633 550 potestatem
1649 513 1688 543 ad
1703 521 1754 542 re-

982 564 1165 604 pellendum
1175 563 1254 594 etad
1263 563 1504 602 admittendum,
1516 567 1562 595 est
1570 565 1753 604 dupliciter:

983 617 1032 648 vel
1048 617 1087 647 ad
1102 617 1168 656 ipsa
1185 618 1381 646 sacramenta
1395 619 1425 646 et
1439 626 1551 647 eorum
1567 618 1737 649 efficaciam
1747 643 1755 656 ‚

982 679 1018 701 ea
1033 670 1161 710 quidem
1183 672 1275 709 prout
1291 672 1413 709 oportet
1436 670 1702 710 administrando,
1726 674 1757 703 et

982 723 1042 754 hoc
1065 723 1195 762 quidem
1218 724 1335 762 spectat
1358 722 1397 753 ad
1420 723 1523 753 claves
1545 724 1631 762 coeli,
1655 728 1684 755 et
1706 725 1756 756 hae

983 778 1057 807 sunt
1083 776 1201 813 claves,
1227 775 1265 806 de
1288 775 1405 815 quibus
1428 775 1603 815 loquimur;
1629 777 1690 808 alia
1711 780 1758 808 est

982 830 1118 868 potestas
1141 828 1324 859 admittendi
1348 830 1379 858 et
1403 828 1573 868 repellendi
1592 829 1631 860 ad
1652 830 1757 861 locum

983 882 1032 913 vel
1043 882 1081 912 ad
1094 882 1162 912 loca
1171 884 1454 920 sacramentorum,
1468 882 1549 913 sicut
1559 884 1604 913 est
1614 883 1753 921 ecclesia,

982 938 1012 966 et
1034 936 1104 966 haec
1127 938 1244 975 spectat
1264 935 1303 966 ad
1325 935 1473 966 infimum
1494 936 1638 967 ordinem
1660 947 1666 967 :
1689 937 1758 967 haec

983 991 1089 1019 eutem
1105 997 1170 1018 non
1185 988 1302 1019 dicitur
1318 989 1414 1019 clavis
1425 989 1506 1027 coeli,
1521 989 1574 1020 sed
1588 990 1691 1029 magis
1704 999 1758 1029 po-

982 1044 1077 1071 testas
1097 1042 1244 1081 quaedam
1265 1045 1411 1082 respectu
1433 1043 1541 1082 templi
1562 1043 1755 1074 materialis:

982 1097 1011 1124 et
1024 1094 1093 1124 ideo
1109 1095 1212 1133 magis
1227 1097 1327 1134 potest
1342 1095 1401 1126 dici
1417 1096 1514 1127 clavis
1528 1096 1756 1127 excubantium

982 1148 1014 1177 in
1037 1148 1187 1178 custodiis
1207 1149 1389 1180 sanctuarii.
1415 1149 1454 1180 Et
1478 1150 1627 1190 quamvis
1650 1150 1757 1191 aliquo

983 1201 1076 1231 modo
1089 1201 1127 1231 sit
1142 1201 1210 1232 haec
1222 1204 1358 1242 potestas
1376 1203 1563 1242 spiritualis,
1586 1204 1661 1243 quia
1678 1204 1758 1234 inest

982 1253 1103 1283 ratione
1115 1255 1220 1292 officii,
1234 1257 1265 1285 et
1274 1255 1399 1285 ordinat
1410 1256 1448 1287 ad
1460 1256 1637 1296 spii·ituale;
1651 1258 1757 1287 tamen

982 1315 1022 1336 ex
1041 1307 1100 1336 hoc
1122 1316 1185 1337 non
1208 1308 1322 1338 dicitur
1345 1308 1568 1340 clavicularius
1589 1309 1676 1348 coeli,
1700 1319 1757 1341 nec

982 1359 1140 1390 ostiarius.
1166 1359 1203 1390 Et
1226 1369 1282 1399 per
1301 1361 1360 1391 hoc
1383 1364 1488 1401 patent
1509 1362 1572 1392 duo
1593 1362 1757 1402 sequentia

982 1411 1020 1441 de
1035 1411 1176 1443 clavibus·
1191 1415 1222 1443 et
1234 1414 1372 1451 ostiario,
1385 1415 1460 1454 quia
1474 1415 1568 1445 aliam
1583 1417 1756 1455 potentiam

982 1464 1128 1503 signant,
1153 1475 1215 1495 non
1232 1466 1317 1496 illam
1332 1477 1404 1507 quae
1418 1468 1568 1507 praedicla
1585 1471 1648 1506 est,
1670 1471 1701 1499 et
1718 1468 1756 1499 de

982 1527 1044 1557 qua
1059 1527 1145 1548 nunc.
1161 1519 1280 1557 agitur.

1024 1573 1053 1600 si«.
1070 1571 1119 1601 Ad
1134 1571 1210 1601 illud
1231 1572 1316 1611 quod
1339 1572 1496 1611 objicitur,
1518 1573 1603 1612 quod
1623 1574 1675 1604 illa
1698 1584 1755 1614 po-

983 1625 1076 1653 testas
1096 1627 1141 1654 est
1165 1625 1348 1655 intimarum
1369 1634 1575 1665 personarum
1603 1627 1636 1656 iu
1661 1627 1757 1657 curiis

982 1677 1168 1716 homiuum,
1190 1678 1360 1709 dicendum
1383 1679 1467 1718 quod
1487 1689 1551 1710 nou
1574 1682 1620 1709 est
1640 1680 1753 1718 simile,

982 1731 1057 1770 quia
1077 1731 1145 1761 liaec
1168 1731 1241 1762 dicit
1264 1733 1390 1772 proprie
1411 1735 1595 1772 potestatem
1613 1737 1756 1773 respectu

982 1783 1149 1814 hominum
1164 1785 1280 1814 ostium
1294 1785 1551 1824 ingredientium,
1565 1795 1605 1816 ex
1617 1796 1680 1826 qua
1692 1796 1756 1817 non

982 1837 1151 1875 acquirunt
1160 1837 1297 1876 aliquam
1308 1837 1539 1869 excellentiam.
1551 1839 1611 1869 Sed
1620 1841 1755 1879 potestas

983 1889 1121 1919 clavium
1136 1892 1182 1920 est
1198 1892 1332 1929 poteslas
1346 1893 1488 1930 respectu
1504 1892 1754 1930 ingredientium

984 1941 1161 1978 Ecclesiam,
1180 1944 1208 1971 et
1224 1941 1334 1972 deinde
1347 1942 1464 1972 coelum
1477 1953 1484 1973 ε
1497 1945 1527 1973 et
1542 1944 1611 1974 ideo
1626 1944 1686 1982 ille,
1703 1945 1754 1975 cui

983 1994 1094 2025 collata
1107 1997 1154 2025 est
1169 1995 1261 2034 plena
1276 1998 1428 2034 potestas,
1445 2006 1540 2036 super
1554 2006 1664 2028 omnes
1679 2007 1754 2029 con—

984 2049 1111 2078 stitutus
1135 2051 1198 2087 est,
1229 2049 1309 2079 sicut
1332 2049 1442 2080 beatus
1467 2050 1590 2082 Petrus.
1618 2051 1655 2082 Et
1681 2053 1755 2092 quia

985 2102 1120 2142 principi
1130 2102 1241 2132 collata
1253 2105 1299 2132 est
1313 2103 1416 2142 prima
1428 2104 1497 2134 haec
1510 2106 1655 2144 potestas,
1673 2108 1755 2145 patet

984 2155 1068 2195 quod
1088 2165 1151 2185 non
1171 2156 1315 2193 vilitatis,
1338 2157 1391 2186 sed
1414 2157 1563 2188 maximae
1586 2158 1755 2189 nobilitatis

984 2211 1052 2238 est:
1071 2211 1101 2239 ct
1125 2209 1194 2240 ideo
1215 2209 1411 2240 nobilissimo
1433 2211 1533 2241 ordini
1557 2212 1703 2251 competit
1724 2214 1753 2242 et

983 2264 1119 2300 aptatur.

1249 2333 1429 2370 QUAEs'TIO
1452 2334 1489 2365 ΙΙ.

1015 2410 1059 2436 An
1076 2412 1195 2444 potestas
1214 2413 1351 2438 comitetur
1370 2412 1590 2447 inseparabiliter
1609 2414 1729 2440 ordinem

1258 2456 1447 2483 sacerdotalem
1463 2456 1482 2483 ¹.

1028 2529 1137 2560 Utrum
1162 2530 1230 2560 haec
1253 2534 1388 2570 potestas
1408 2532 1576 2563 comitetur
1594 2532 1755 2571 insepara-
1771 2542 1874 2563 Fundam.

1016 2610 1022 2625 ¹
1040 2610 1080 2640 Cf.
1099 2610 1168 2635 Alex.
1187 2611 1281 2641 Ateus„
1299 2619 1322 2642 p.
1339 2612 1380 2641 lV,
1396 2619 1419 2642 *l-
1437 2618 1480 2642 xx,
1493 2612 1599 2636 membr.
1615 2613 1638 2641 8,
1659 2614 1706 2636 art.
1722 2614 1752 2642 25

986 2646 1011 2669 S.
1032 2646 1132 2676 Thom.,
1152 2646 1177 2669 in
1201 2646 1288 2677 Suppl.
1311 2654 1334 2677 p.
1360 2648 1400 2675 ΙΙΙ,
1425 2654 1449 2677 q.
1471 2653 1525 2677 xix,
1545 2649 1590 2671 art.
1615 2649 1642 2677 45
1665 2647 1754 2677 Steph.
