1991 3006
59 2050 163 2072 Fundam.

653 208 752 240 DIST.
775 208 894 240 XXXII.
918 209 1008 240 ART.
1033 209 1085 240 111.
1110 210 1261 247 QUAEST.
1287 212 1324 242 Il.

194 278 224 306 et
250 276 354 316 primo
378 278 521 307 notatum
542 278 598 306 est.
622 276 709 307 Unde
731 276 901 316 prohibitio
928 276 962 306 in

195 329 399 360 fornicatione
416 331 619 360 menstruosae
643 339 675 360 se
695 330 835 360 extendit
849 332 883 360 ut
897 339 961 360 non

194 386 322 423 petant,
338 384 391 413 sed
406 392 470 413 non
483 384 518 413 ut
532 383 680 421 reddant;
697 385 728 414 et
742 383 811 414 ideo
826 392 889 414 non
904 384 959 414 ab·

194 437 327 467 solvitur
344 446 362 466 a
374 436 512 466 tentione
527 436 676 467 reddendi
693 447 699 467 z
722 438 751 467 et
767 446 822 476 per
835 437 896 467 hoc
910 437 961 466 in-

191 489 370 528 telligendae
386 491 460 519 sunt
475 490 675 520 auctoritates
697 490 734 520 de
749 490 808 520 hoc
827 490 959 530 loquen-

191 543 248 572 tes.
265 542 360 573 Debet
375 544 480 573 tamen
492 543 607 573 mulier
621 543 727 583 aliquo
742 543 836 574 modo
846 552 878 574 se
893 543 960 574 red-

191 595 263 626 dere
286 595 444 626 difficilem
456 620 463 633 ,
480 598 511 626 et
530 606 603 626 cum
618 596 722 627 dolore
736 621 744 635 ,
760 598 791 627 et
805 606 889 635 aegre
904 597 957 627 de-

190 648 291 679 bitum
311 649 453 687 solvere,
478 659 518 680 ne
541 650 618 680 dum
644 650 762 690 appetit
784 659 802 680 a
823 659 856 680 se
873 650 957 690 peti,

190 702 257 743 ipsa
279 713 333 734 rea
355 704 413 741 sit,
431 714 466 735 ac
490 705 514 734 si
541 707 680 744 peteret:
707 705 789 735 unde
815 705 959 735 resistere

189 759 304 795 potest,
321 757 380 787 nisi
400 758 504 788 credat
525 758 706 789 scandalum
726 760 875 798 praestare
890 767 957 788 ma-

187 810 260 841 rito.
278 810 324 840 Ex
346 811 405 841 1100
433 813 517 850 patet
539 812 615 842 illud
638 812 722 852 quod
746 812 896 851 objicitur
918 812 957 842 de

188 873 355 895 consensu.
379 865 459 895 Dum
483 865 566 896 enini
587 866 770 896 necessitate
795 865 957 905 compulsa

189 917 317 947 foemina
332 918 455 956 reddit,
477 928 542 949 11011
559 918 673 949 dicitur
688 919 864 949 consentire
876 943 883 956 ‚
900 928 957 949 nec

187 969 305 1001 furioso
330 971 471 1010 gladium
492 972 640 1009 reddere3
657 972 711 1002 sed
738 972 803 1010 ipse
822 972 889 1011 agit
901 996 910 1009 ,
927 974 957 1002 et

186 1022 255 1053 haec
278 1024 406 1063 patitur.
430 1024 605 1063 Praeterca,
624 1025 749 1064 gladius
770 1025 890 1055 furioso
911 1028 958 1055 est

186 1076 363 1107 reddendus
380 1101 389 1115 ,
414 1080 448 1108 ut
470 1078 606 1109 evitetur
623 1079 727 1118 majus
750 1079 928 1118 periculum
946 1088 953 1109 :

186 1129 229 1160 sic
243 1130 276 1160 in
292 1131 451 1171 proposito
462 1156 469 1169 ‚
487 1141 559 1162 cum
576 1132 705 1162 timetur
720 1132 910 1172 periculum,
926 1134 957 1164 et

186 1183 236 1213 vir
262 1186 362 1223 potest
392 1185 524 1215 evadere
544 1185 719 1225 periculum
741 1186 956 1217 fornicationis

185 1236 235 1266 vel
250 1237 313 1267 odii
335 1247 391 1277 per
406 1238 611 1269 redditionem
622 1264 631 1277 ,
645 1239 678 1269 in
694 1249 789 1279 quam
811 1240 955 1271 incurre-

184 1292 232 1319 ret
252 1300 308 1330 per
327 1291 585 1330 abnegationem.
605 1292 650 1323 Ex
675 1293 724 1323 his
749 1295 855 1332 patent
880 1294 953 1324 alia.

185 1342 431 1374 Concedendum
452 1347 497 1375 est
514 1346 597 1375 enim
608 1370 617 1384 ‚
633 1346 718 1386 quod
732 1346 873 1377 debitum
890 1356 954 1378 non

184 1398 286 1436 potest
301 1398 362 1437 peti
378 1398 522 1436 scienter,
533 1399 675 1438 quiahoc
689 1402 735 1430 est
751 1400 955 1440 moraleprae-

183 1451 308 1488 ceptum
321 1475 328 1488 ‚
346 1452 429 1490 quod
446 1452 588 1482 debitum
604 1462 668 1483 non
684 1455 819 1492 petatur.
837 1454 874 1484 Et
888 1463 950 1484 non

182 1502 264 1533 valet
286 1503 323 1534 de
343 1504 448 1544 lepra,
471 1515 528 1535 nec
551 1506 589 1536 de
613 1508 765 1546 potestate
791 1508 951 1547 corporiS‚

181 1555 256 1595 quia
271 1566 348 1587 usus
373 1560 419 1588 est
444 1558 472 1588 ei
494 1561 631 1590 arctatus
647 1569 702 1600 per
718 1561 904 1591 mandatum
919 1561 953 1591 il-

180 1608 236 1640 lud
254 1619 261 1640 z
290 1612 321 1640 et
343 1613 451 1650 patent
465 1613 664 1644 auctoritates
680 1613 817 1645 inductae
833 1614 865 1644 in
881 1623 952 1645 con—

180 1663 314 1693 trarium
332 1675 337 1694 ;
367 1673 476 1696 omnes
503 1666 588 1696 enim
625 1666 844 1706 intelligendae
877 1669 952 1698 sunt

181 1719 336 1756 quantum
351 1718 389 1748 ad
404 1718 538 1749 scienter
553 1720 728 1759 exigentes.

442 1835 620 1873 QUAESTIO
643 1836 682 1867 ΙΙ.

176 1914 221 1940 An
238 1916 351 1949 tempore
372 1916 474 1943 dierum
489 1917 644 1943 solemnium
663 1918 746 1952 possit
765 1918 836 1944 licite
849 1919 907 1952 peti
924 1921 949 1945 et

429 1961 498 1987 solvi
511 1961 628 1988 debitum
643 1962 659 1988 ¹.

219 2039 330 2070 Utrum
353 2041 492 2080 tempore
512 2040 637 2071 dierum
653 2041 843 2072 solemnium
859 2042 948 2073 debi-

178 2093 244 2122 tum
261 2092 358 2132 possit
378 2093 439 2132 peti
454 2093 548 2131 licite,
566 2095 596 2124 et
612 2094 706 2132 solvi3
725 2096 755 2125 et
770 2096 856 2135 quod
877 2095 921 2125 sic
935 2120 943 2134 ,

176 2146 319 2177 videtur²
335 2158 341 2177 ε
361 2147 465 2179 Nolite
479 2148 633 2186 fraudare
647 2150 804 2188 invicem,
820 2151 889 2182 nisi
904 2158 945 2182 eat

175 2207 326 2231 consensu
353 2200 397 2232 ad
420 2203 558 2240 lempuS,
576 2205 610 2234 uc
632 2203 752 2234 vacetis
777 2205 917 2235 orationi
932 2214 943 2234 .-

174 2259 253 2289 ergo
268 2260 330 2281 non
347 2251 417 2282 licet
438 2252 594 2284 abstinere
614 2254 710 2284 etiam
729 2256 857 2294 propter
871 2265 944 2286 ora-

174 2303 306 2342 tionem,
323 2304 383 2334 nisi
408 2307 544 2345 utroque
563 2307 797 2338 consentiente:
817 2318 894 2349 ergo
916 2310 942 2340 si

173 2365 235 2387 non
251 2357 346 2388 habet
368 2367 495 2389 necesse
519 2360 712 2399 consentire,
736 2361 815 2392 alter
842 2365 942 2402 potest

173 2411 288 2449 petere,
306 2412 336 2441 et
346 2411 424 2442 alter
440 2412 532 2442 debet
546 2413 686 2444 reddere.

212 2463 289 2494 Item
319 2465 439 2495 ratione
473 2465 598 2496 videtur
611 2490 618 2504 ‚
646 2467 721 2506 quia
755 2468 941 2500 concubitus

172 2517 350 2556 conjugalis
378 2518 499 2549 ratione
520 2519 614 2550 debiti
643 2520 786 2552 solvendi
817 2522 940 2554 nullam

203 2615 207 2627 ¹
229 2613 270 2644 Cf.
290 2614 471 2646 S.Tho1n.,iu
488 2617 575 2648 Suppl.
598 2625 621 2648 p.
646 2618 688 2649 111,
708 2626 732 2650 q.
752 2626 823 2651 Πῐν,
842 2623 888 2645 art.
908 2622 936 2652 7;

171 2649 299 2680 Richard,
315 2651 347 2674 IV
362 2651 440 2679 Scnl„
462 2652 520 2676 dist.
539 2659 621 2684 xxxm,
645 2656 691 2678 art.
714 2656 736 2685 3,
757 2663 780 2687 q.
802 2662 825 2687 1;
849 2657 937 2688 Stepli.

171 2685 273 2717 Brutef„
289 2686 320 2711 IV
335 2686 413 2718 Sene„
429 2687 485 2712 dist.
500 2694 583 2720 xxxn,
598 2695 623 2720 q.
640 2695 678 2720 vr5
695 2690 762 2715 Petr.
777 2691 808 2716 de
824 2693 936 2724 Tarant„

1734 218 1791 247 :293

1019 276 1113 307 hahet
1132 277 1170 307 de
1195 286 1227 307 se
1248 278 1396 318 culpam:
1416 290 1496 320 ergo
1523 281 1556 312 in
1585 282 1634 313 die
1658 283 1790 314 solemni

1018 330 1148 361 reddere
1164 340 1227 360 non
1238 333 1283 361 est
1298 335 1473 371 peccatum.

1060 382 1139 413 Item
1157 384 1347 423 conjugium
1371 386 1549 418 institutum
1568 391 1614 419 est
1635 389 1667 420 in
1691 399 1790 421 reme-

1018 435 1105 466 dium
1121 437 1383 476 eoncupiscentiae
1394 463 1403 477 ,
1420 442 1456 470 ut
1469 441 1629 473 fornicatio
1645 444 1763 474 vitetur
1778 455 1785 475 ε

1017 490 1069 520 sed
1086 491 1230 530 possibile
1245 493 1291 521 est
1307 493 1391 532 quod
1408 493 1504 525 homo
1523 496 1668 527 infirmus
1684 499 1788 538 magis

1017 545 1154 574 tentetur
1184 545 1222 575 de
1249 554 1342 585 opere
1369 547 1470 577 carnis
1498 549 1529 578 in
1557 550 1607 580 die
1633 551 1784 583 solemni:

1016 605 1093 636 ergo
1109 599 1184 628 tunc
1197 597 1267 628 licet
1279 599 1429 630 adhibere
1443 602 1630 634 remedium.

1056 650 1134 681 Item
1147 675 1154 689 ,
1181 651 1206 681 si
1225 652 1303 682 alter
1320 655 1496 693 conjugum
1516 664 1556 686 ex
1574 656 1640 687 sola
1658 657 1786 689 libidine

1015 704 1169 743 explenda
1184 707 1302 744 peteret
1315 706 1467 745 debitum,
1482 708 1544 746 ille,
1556 718 1640 748 aquo
1657 710 1784 749 petitur,

1014 757 1140 788 deberet
1161 759 1294 797 solvere,
1317 761 1393 800 quia
1412 762 1512 792 reddit
1534 762 1562 792 ei
1585 763 1668 802 quod
1690 772 1785 794 suum

1014 813 1060 841 est
1077 822 1083 841 :
1101 820 1178 850 ergo
1193 812 1318 843 videtur
1340 814 1440 845 multo
1455 815 1577 853 fortius,
1594 816 1620 845 si
1644 818 1785 856 tempore

1014 873 1101 895 sacro
1117 867 1200 904 petat
1215 875 1309 897 causa
1321 868 1537 899 fornicationis
1552 869 1702 900 vitandae.

1055 917 1167 948 Contra
1184 929 1190 948 z
1217 923 1244 949 1.
1264 920 1352 957 Quod
1367 921 1420 951 tali
1441 924 1582 962 tempore
1600 932 1658 954 nec
1674 923 1785 954 debeat

1013 971 1095 1009 peti,
1118 981 1174 1002 nec
1196 973 1302 1011 reddi,
1319 975 1497 1006 ostenditur
1520 976 1706 1007 auctoritate
1721 977 1785 1008 Au-

1014 1023 1135 1061 gustini
1149 1026 1176 1061 ⁸,
1195 1035 1266 1065 quae
1286 1026 1421 1058 habetur
1439 1028 1474 1058 in
1497 1028 1622 1059 littera:
1651 1041 1665 1059 «
1684 1030 1785 1061 Chris-

1012 1076 1098 1107 tiano
1123 1086 1196 1108 cum
1224 1088 1325 1110 uxore
1349 1089 1408 1111 sua
1434 1090 1497 1112 non
1521 1082 1593 1113 licet
1614 1083 1785 1123 aliquando

1012 1130 1181 1161 convenire
1197 1133 1325 1171 propter
1342 1133 1407 1164 dies
1419 1135 1640 1174 processionis,
1657 1139 1687 1167 et
1697 1138 1782 1177 Jeju-

1011 1182 1151 1221 niorum,
1168 1195 1182 1212 »
1202 1187 1260 1215 etc.

1051 1238 1080 1266 2.
1095 1235 1172 1267 Item
1187 1238 1313 1269 videtur
1327 1240 1472 1280 exemplo
1488 1240 1635 1280 Gregorii
1651 1242 1684 1273 in
1701 1243 1783 1274 libro

1012 1288 1023 1318 I
1054 1289 1256 1330 Dialoyormn
1274 1316 1281 1329 ‚
1314 1293 1400 1332 quod
1423 1294 1538 1324 mulier
1553 1319 1562 1333 ,
1592 1304 1664 1334 quae
1691 1299 1782 1328 nocte

1011 1344 1162 1382 cognovit
1178 1345 1300 1383 virum,
1318 1355 1391 1376 cum
1407 1346 1440 1376 in
1455 1347 1504 1377 die
1519 1348 1642 1379 veniret
1656 1349 1695 1379 ad
1713 1359 1782 1389 pro-

1010 1397 1183 1428 cessionem
1195 1422 1204 1436 ,
1230 1408 1248 1429 a
1272 1399 1395 1430 diabolo
1412 1402 1456 1430 est
1483 1403 1609 1441 accepta
1626 1413 1632 1432 2
1650 1402 1704 1433 sed
1721 1403 1782 1434 11οο

1010 1459 1075 1481 11011
1091 1453 1194 1489 esset,
1216 1451 1277 1482 nisi
1301 1462 1401 1491 grave
1422 1456 1586 1493 peccatum
1608 1458 1688 1487 esset
1705 1465 1713 1487 ι
1729 1466 1779 1487 er-

1009 1511 1063 1542 go,
1081 1506 1139 1535 etc.

1049 1559 1078 1588 3.
1100 1557 1177 1588 Item
1190 1558 1251 1589 hoc
1268 1559 1394 1590 videtur
1408 1561 1529 1592 ratione
1537 1585 1546 1600 ,
1564 1562 1681 1593 scilicet
1696 1564 1781 1603 quod

1008 1619 1065 1640 nec
1079 1611 1117 1640 sit
1134 1611 1322 1650 petendum,
1336 1622 1394 1643 1100
1406 1614 1603 1646 reddendum
1613 1639 1624 1654 ,
1638 1616 1714 1656 quia
1729 1626 1781 1657 po-

1007 1665 1066 1694 test
1080 1673 1146 1694 esse
1158 1664 1223 1695 dies
1237 1665 1398 1705 solemnis,
1415 1669 1450 1698 ut
1471 1667 1602 1707 Pascha,
1620 1669 1670 1700 vel
1685 1670 1778 1701 Nata-

1006 1716 1059 1754 lis,
1083 1717 1116 1747 in
1131 1727 1195 1757 quo
1218 1721 1352 1759 uterque
1377 1722 1503 1752 tenetur
1518 1724 1753 1755 communicare
1769 1735 1776 1755 t

1006 1770 1059 1800 sed
1075 1771 1256 1802 constitutio
1279 1772 1424 1805 Ecclesiae
1447 1776 1492 1806 est
1514 1777 1550 1806 ut
1573 1785 1639 1807 non
1654 1778 1780 1809 accedat

1006 1823 1119 1863 aliquis
1139 1825 1177 1855 ad
1196 1827 1454 1866 communionem
1468 1852 1478 1867 ,
1499 1830 1625 1869 quando
1645 1840 1778 1870 cognos-

1004 1876 1046 1906 cit
1068 1886 1203 1908 uxorem
1227 1888 1235 1908 z
1257 1888 1337 1918 ergo
1358 1890 1431 1911 cum
1457 1891 1521 1913 non
1542 1884 1662 1923 possint
1682 1885 1777 1915 simul

1004 1931 1098 1969 stare,
1117 1933 1146 1961 et
1159 1933 1302 1963 teneatur
1317 1934 1356 1964 ad
1371 1935 1549 1967 faciendum
1564 1947 1677 1977 unum,
1696 1947 1776 1979 ergo

1003 1993 1067 2014 non
1083 1985 1120 2015 ad
1136 1985 1316 2017 faciendum
1331 1988 1478 2019 alterum.

1042 2040 1070 2067 4.
1090 2037 1167 2069 Item
1179 2039 1240 2070 hoc
1254 2040 1379 2072 videtur
1392 2052 1449 2082 per
1463 2044 1619 2075 rationem
1635 2045 1772 2085 virtutis,

1001 2100 1073 2130 quae
1088 2092 1263 2124 considerat
1278 2103 1342 2125 non
1357 2096 1461 2127 solum
1474 2099 1591 2136 actum,
1609 2100 1663 2130 sed
1678 2100 1772 2131 etiam

1000 2144 1121 2176 debitas
1135 2146 1388 2179 circumstantias
1405 2160 1411 2180 ε
1436 2151 1491 2182 sed
1512 2152 1617 2183 debita
1638 2153 1773 2184 circum-

999 2198 1115 2229 stantia
1141 2202 1187 2230 est
1210 2200 1243 2230 in
1266 2201 1471 2235 discernendo
1494 2204 1579 2236 diem
1604 2215 1729 2237 sacrum
1753 2217 1772 2238 a

998 2261 1062 2283 non
1077 2262 1164 2284 sacro
1180 2265 1186 2284 :
1204 2264 1296 2294 ergo,
1314 2258 1373 2288 etc.

1038 2310 1067 2337 3.
1085 2307 1162 2338 Item
1179 2309 1239 2340 hoc
1259 2309 1385 2341 videtur
1400 2320 1456 2351 per
1477 2313 1596 2348 simile,
1613 2314 1688 2354 quia
1704 2324 1769 2346 non

996 2361 1068 2391 lieet
1094 2361 1128 2392 in
1153 2363 1241 2393 omni
1263 2364 1331 2395 1000
1349 2374 1406 2396 1100
1425 2368 1549 2406 petere,
1566 2377 1623 2398 nec
1638 2369 1768 2400 reddere

996 2415 1155 2453 debItum,
1172 2418 1282 2457 utpote
1300 2417 1332 2448 in
1352 2419 1481 2451 ecclesia
1503 2432 1510 2451 z
1532 2431 1610 2461 ergo
1625 2422 1768 2454 similiter

995 2469 1121 2500 videtur
1135 2470 1219 2510 quod
1236 2480 1292 2502 nec
1309 2472 1342 2502 111
1357 2474 1444 2503 0111111
1459 2476 1612 2515 tempore.

1035 2525 1064 2553 6.
1088 2522 1165 2553 Item
1187 2523 1248 2554 1100
1268 2525 1394 2557 videtur
1416 2528 1555 2567 ratione,
1573 2528 1647 2568 quia
1664 2530 1766 2569 maj0r

995 2579 1042 2606 est
1055 2576 1216 2608 delectatio
1231 2578 1263 2608 in
1278 2580 1363 2610 coitu
1376 2604 1385 2618 ,
1402 2590 1498 2620 quam
1524 2581 1557 2611 in
1579 2582 1666 2612 cibo:
1686 2591 1765 2621 ergo

995 2657 1108 2685 1VSent.,
1124 2658 1181 2682 dist.
1196 2665 1280 2690 xxxm,
1296 2667 1321 2691 qi
1338 2668 1362 2684 v.
1375 2674 1405 2678 —
1420 2662 1427 2675 ²
1445 2662 1452 2685 1
1467 2662 1533 2692 Cor„
1549 2666 1595 2692 vn,
1609 2663 1671 2686 5.-
1687 2663 1697 2679 ³
1712 2663 1764 2688 lmo

992 2693 1102 2718 auetoriS
1118 2693 1207 2724 Quoest.
1225 2695 1254 2719 cle
1268 2703 1323 2723 που,
1337 2698 1361 2721 ce
1375 2699 1420 2722 vet.
1437 2697 1509 2728 Test„
1526 2704 1549 2721 c.
1565 2703 1664 2723 cxxvn.

1801 937 1834 958 Ad
1853 944 1904 964 opp.
