1991 3006
50 1669 114 1696 Resp.
128 1670 152 1689 ad

49 1701 75 1721 ad
103 1707 153 1726 opp-

649 258 743 290 DIST.
766 258 870 289 XLIII.
894 257 984 289 ART.
1008 257 1061 289 ΙΙΙ.
1085 257 1233 295 QUAEST.
1257 259 1280 290 1.

166 326 249 357 hona
266 336 272 356 t
290 334 369 364 ergo
390 325 415 355 si
435 325 509 356 mali
527 334 591 356 non
613 325 727 356 debent
745 325 852 355 videre
873 325 933 355 nisi

166 379 260 415 mala,
277 388 333 418 per
345 387 416 418 quae
430 379 690 416 condemnentur,
704 387 769 409 non
783 378 935 408 videbunt

166 432 199 462 in
213 431 303 462 istius
317 431 389 461 libri
403 432 562 471 apertione
579 441 586 462 :
605 433 635 462 et
651 431 704 469 sic,
722 433 779 461 etc.

438 546 661 578 CONCLUSlo.

166 631 246 659 Liber
261 633 322 658 vitoe
346 634 375 659 z'n
400 634 591 659 resurrectione
620 633 770 666 apelletur,
801 632 865 665 quia
887 631 935 665 ju-

213 676 313 703 dicium
346 677 396 703 erit
429 676 569 702 secundum
601 677 716 707 merita,
750 677 775 702 et
808 676 936 702 demerita

212 723 314 747 nostra.

209 804 296 843 Resp.
310 805 348 834 ad
359 813 430 843 arg.
442 804 615 835 Dicendum
625 804 720 843 quod,
732 804 810 834 sicut
819 803 936 834 dictum

166 860 227 895 est,
243 857 323 888 liber
339 858 413 888 vitae
432 860 477 887 est
492 858 571 887 liber
588 857 806 894 redeuntium,
825 865 877 886 ars
891 858 938 886 est

166 912 362 941 exeuntium.
390 911 542 941 Differunt
561 912 668 941 autem
691 909 809 946 exitus,
836 911 866 939 et
886 918 936 939 re-

167 972 308 1002 gressus,
325 964 399 1003 quia
412 964 515 994 exitus
530 966 654 993 tantum
667 973 684 993 a
697 963 757 993 Deo
773 962 936 1002 dependet,

167 1017 219 1047 sed
229 1026 394 1056 regressus
403 1027 422 1047 a
433 1017 485 1047 Dei
497 1017 600 1056 gratia
609 1019 639 1046 et
649 1016 810 1046 voluntate
819 1018 936 1052 nostra,

166 1069 241 1109 quia
251 1078 417 1107 regressus
428 1072 473 1100 est
485 1078 541 1108 per
551 1069 664 1099 merita
674 1069 767 1106 bona⁷
781 1077 853 1107 quae
865 1070 940 1098 sunt

167 1132 184 1152 a
206 1122 259 1152 Dei
278 1123 382 1161 gratia
405 1125 436 1152 et
459 1123 622 1153 voluntate
643 1124 761 1153 nostra.
784 1121 939 1158 Quoniam

167 1175 266 1214 igitur
272 1175 430 1214 judicium
441 1176 500 1206 erit
509 1175 685 1205 secundum
696 1175 808 1204 merita
818 1176 937 1211 nostra,

167 1232 197 1259 et
212 1229 374 1266 demerita,
388 1231 418 1259 et
432 1229 545 1259 merita
559 1231 633 1258 sunt
643 1237 661 1258 a
671 1228 772 1265 nobis,
785 1230 815 1258 et
825 1237 844 1257 a
856 1227 918 1257 Deo
932 1238 938 1257 :

167 1283 236 1314 ideo
255 1284 294 1313 ad
307 1283 554 1323 dispensandum
570 1283 779 1322 quantitatem
792 1284 822 1312 et
836 1281 942 1320 digni—

168 1338 265 1366 tatem
282 1336 486 1373 meritorum,
505 1344 630 1365 necesse
647 1338 693 1365 est
708 1335 829 1374 aperire
844 1334 941 1364 libros

168 1390 447 1425 conscientiarum,
470 1391 500 1419 et
515 1389 632 1419 librum
649 1389 738 1426 vitre⁷
760 1388 792 1418 in
809 1397 871 1427 quo
886 1397 941 1427 ap-

168 1444 256 1482 paret
271 1442 432 1481 quantitas
448 1442 561 1480 gratiae
572 1442 745 1472 secundum
757 1450 941 1471 mensnram

168 1496 363 1527 liberalitaffis
385 1496 520 1533 divinae,
542 1496 716 1526 secundum
738 1496 829 1534 cujus
851 1504 940 1525 men-

168 1558 275 1580 suram
287 1551 334 1579 est
343 1549 438 1579 etiam
451 1549 570 1587 gloria:
583 1551 613 1579 et
624 1557 663 1578 cx
674 1548 733 1578 hoc
745 1550 828 1586 patet
840 1548 941 1587 primo

168 1603 349 1643 quaesitum.

208 1656 255 1686 Ad
270 1656 346 1686 illud
362 1656 446 1695 quod
465 1655 630 1695 quaeritur,
653 1655 769 1694 quibus
788 1656 939 1695 aperitur,

169 1709 336 1739 dicendum
354 1709 437 1748 quod
455 1708 619 1748 dupliciter
634 1710 680 1738 est
699 1708 786 1747 loqui
801 1709 838 1738 de
850 1718 943 1748 aper—

169 1763 253 1793 tione
270 1773 276 1792 :
294 1763 350 1792 aut
363 1763 518 1801 quantum
534 1761 573 1791 ad
591 1761 690 1800 ipsius
706 1761 777 1791 libri
798 1751 941 1792 intuitio-

168 1825 256 1853 nem,
275 1818 329 1845 aut
344 1819 498 1854 quantum
514 1815 552 1844 ad
573 1814 816 1853 subsequentem
836 1816 943 1853 cogni-

168 1869 299 1899 tionem.
327 1868 487 1904 Quantum
513 1867 551 1897 ad
574 1867 777 1897 intuitione-m
803 1868 944 1906 aperitur

167 1923 290 1952 tantum
312 1922 440 1960 propter
462 1920 576 1956 bonos,
600 1920 674 1959 quia
697 1919 754 1958 ipsi
777 1920 832 1949 soli
854 1920 940 1951 vide-

168 1974 263 2011 bunt;
285 1976 441 2013 quantum
465 1973 502 2003 ad
525 1973 768 2012 subsequentem
787 1974 940 2011 cognitio-

169 2035 258 2061 nem,
281 2026 446 2060 omnihus,
473 2026 548 2065 quia
571 2026 643 2056 boni
666 2035 698 2055 se
722 2026 763 2055 ibi
785 2026 941 2065 legentes,

168 2082 363 2118 cognoscent
374 2088 406 2109 se
421 2079 658 2118 praedestinatos
668 2088 749 2116 esse3
767 2079 841 2109 mali
853 2089 940 2116 vero,

168 2141 208 2162 ex
226 2132 285 2162 hoc
306 2133 373 2172 ipso
388 2133 470 2172 quod
488 2133 520 2162 in
537 2132 616 2162 libro
633 2134 740 2171 aperte
756 2132 864 2171 legere
879 2142 942 2163 non

169 2188 332 2224 poterunt,
353 2186 452 2215 scient
467 2194 498 2215 se
515 2194 580 2215 non
595 2194 662 2215 esse
677 2186 916 2224 praedestinatos
934 2197 940 2216 :

169 2240 199 2268 et
210 2239 253 2269 sic
263 2240 347 2278 patet
358 2238 518 2278 responsio
529 2238 568 2268 ad
583 2238 633 2277 obj
639 2241 716 2269 ecta.
731 2239 767 2268 Et
781 2241 827 2269 est
837 2248 943 2269 exem-

171 2290 257 2330 plum
271 2300 278 2320 :
294 2290 381 2321 Sicut
392 2291 416 2320 si
431 2299 550 2330 pauper
564 2300 627 2321 non
642 2291 763 2321 habens
777 2292 942 2322 merellum

170 2345 272 2383 regis„
297 2344 328 2374 id
353 2346 415 2381 est,
446 2344 648 2382 signaculum
677 2344 760 2383 quod
789 2354 944 2384 pauperes

171 2400 296 2437 portant
310 2397 349 2427 ad
365 2398 599 2437 eleemosynam
619 2398 866 2437 percipiendam,
887 2399 944 2429 scit

172 2452 251 2481 bene
267 2452 351 2491 quod
366 2451 481 2482 recedit
502 2460 638 2488 vacuus,
659 2461 722 2481 non
741 2461 795 2490 per
814 2452 940 2491 positIO-

172 2514 260 2541 nem,
284 2505 336 2535 sed
358 2514 414 2545 per
434 2504 643 2544 privationem
665 2513 858 2543 cognoscens
876 2516 881 2535 ς
900 2506 944 2535 sic

172 2558 311 2588 damnati
332 2567 405 2588 cum
429 2567 491 2588 non
519 2558 625 2595 legent
647 2557 688 2587 ibi
714 2558 843 2587 nomina
868 2567 940 2594 sna,

207 2658 209 2668 ¹
225 2656 266 2685 Cl'.
282 2658 307 2679 μ’.
323 2655 424 2685 'l'b0m.,
440 2655 464 2678 in
480 2655 566 2686 Suppl.
583 2663 607 2685 p.
625 2656 669 2683 ΙΙΙ,
686 2662 708 2685 q.
725 2661 839 2684 mxxvn,
853 2658 899 2679 art.
913 2659 941 2685 33

174 2693 198 2715 et
217 2692 247 2714 tv
270 2692 349 2719 Sem„
367 2691 423 2713 dist.
447 2696 523 2720 xmu,
549 2698 573 2721 q.
598 2697 641 2718 ιιι,
666 2693 712 2714 art,
742 2694 766 2720 13
790 2691 942 2719 llichardns,

175 2727 204 2750 lV
231 2727 310 2756 Seni„
332 2725 389 2749 dist.
414 2731 492 2755 ani,
518 2728 563 2749 art.
587 2727 611 2755 7,
631 2733 656 2756 q.
683 2732 706 2755 ¹3
731 2726 819 2756 steph.
842 2727 943 2757 Brnlcf.,

1700 267 1757 295 467

991 326 1087 356 scient
1101 334 1133 356 se
1144 335 1208 356 non
1216 334 1283 355 esse
1297 327 1427 366 scriptos
1437 329 1475 359 ad
1492 330 1639 369 gloriam,
1655 340 1691 361 ac
1705 341 1760 371 per

991 378 1051 408 hoc
1074 378 1172 408 scient
1195 387 1235 408 ex
1257 381 1345 418 parte
1369 379 1438 418 Dei,
1467 382 1551 421 quod
1575 382 1657 413 Deus
1678 383 1761 423 ipsos

992 431 1174 468 da11rnabit;
1211 433 1242 461 et
1273 441 1312 462 ex
1346 435 1433 471 parte
1461 443 1528 465 suae
1561 435 1760 467 conscientiae

993 484 1108 521 scient,
1136 485 1219 523 quod
1241 486 1315 515 sunt
1339 485 1430 524 digni
1451 496 1545 526 poena
1568 499 1574 518 z
1602 490 1632 518 et
1654 489 1697 519 ita
1721 499 1761 520 ex

992 538 1224 577 comparatione
1238 538 1405 578 utriusque
1417 539 1488 570 libri
1502 541 1562 571 hoc
1575 541 1683 580 scient,
1697 551 1763 573 non

993 592 1099 621 tamen
1126 591 1169 621 sic
1196 591 1350 630 legendo,
1383 592 1464 622 sieut
1486 592 1600 632 legunt
1629 594 1704 625 boni
1730 596 1764 625 in

994 642 1074 674 libro
1089 644 1173 674 vitae.

1215 757 1456 792 ARTICULUS
1485 759 1541 792 III.

1034 857 1277 897 Consequenter,
1299 862 1456 898 quantum
1478 861 1517 891 ad
1539 862 1668 892 tertium
1690 863 1766 893 arti-

995 911 1117 948 culum,
1141 912 1222 941 circa
1242 912 1329 942 hunc
1350 914 1505 952 quaeritur
1523 914 1561 945 de
1580 915 1671 945 libris
1691 924 1766 946 con—

995 964 1219 1002 scientiarum;
1251 968 1281 995 et
1312 965 1349 996 de
1375 966 1433 997 hoc
1463 967 1523 997 tria
1552 971 1765 1007 quaeruntur:

995 1017 1098 1056 primo
1113 1018 1268 1056 quaeritur
1285 1021 1392 1049 utrum
1408 1020 1515 1050 omnia
1529 1021 1643 1052 merita
1656 1021 1769 1061 legan-

994 1072 1049 1099 tur
1070 1070 1102 1099 in
1125 1071 1332 1109 conscientia,
1356 1072 1405 1102 vel
1427 1074 1591 1112 quaedam;
1618 1075 1767 1112 secundo,

996 1124 1106 1152 utrum
1132 1123 1263 1162 quilibet
1286 1124 1371 1163 legat
1394 1126 1502 1157 omnia
1524 1127 1557 1156 in
1581 1129 1770 1159 conscientia

997 1175 1138 1213 alterius;
1161 1177 1262 1214 tertio,
1280 1180 1389 1209 utrum
1404 1179 1499 1209 simnl
1516 1180 1624 1211 omnia
1637 1181 1769 1212 videan-

997 1230 1049 1258 tur
1064 1229 1103 1258 ab
1119 1230 1278 1261 omnibus.

1261 1338 1439 1375 QUAESTch»
1463 1340 1487 1370 Ι.

1060 1417 1104 1442 An
1118 1419 1148 1443 in
1163 1419 1325 1445 conscientia
1340 1420 1461 1453 quantur
1473 1423 1563 1448 omnia
1576 1424 1672 1449 merita
1685 1428 1701 1449 ¹.

1038 1495 1123 1526 Ωιι-οτι
1147 1506 1243 1535 qnam
1266 1498 1310 1528 sic
1332 1500 1524 1538 proceditur,
1547 1503 1577 1531 et
1596 1503 1771 1535 ostenditur

999 1549 1082 1587 qnod
1101 1550 1206 1579 onmia
1229 1550 1377 1589 legentur
1396 1553 1427 1582 in
1449 1553 1537 1583 libris
1558 1556 1767 1588 conscientiae.

999 1602 1199 1640 Augustinus
1219 1604 1294 1634 dicit
1304 1608 1325 1642 ²,
1350 1606 1435 1644 quod
1456 1607 1504 1637 vis
1527 1607 1637 1639 divina
1657 1610 1768 1648 aderit,

998 1664 1061 1694 qna
1074 1656 1126 1685 fiet
1139 1658 1174 1686 ut
1188 1657 1296 1686 omnia
1310 1658 1349 1688 ad
1363 1660 1551 1691 memoriam
1567 1666 1768 1695 revocentur.

1040 1708 1116 1738 Item
1127 1709 1186 1739 hoc
1196 1709 1303 1748 ipsum
1312 1711 1438 1742 videtur
1449 1714 1585 1745 ratione:
1597 1716 1672 1755 quia
1682 1716 1771 1748 lectio

998 1763 1044 1790 est
1059 1761 1117 1798 ibi⁷
1136 1763 1172 1791 ut
1184 1762 1300 1792 sciatur
1314 1765 1474 1803 quantitas
1489 1767 1676 1799 meritorum
1694 1780 1700 1799 :
1718 1771 1771 1801 sed

999 1815 1149 1844 meritum
1164 1814 1302 1845 hominis
1317 1816 1361 1847 sic
1375 1817 1504 1857 legitur,
1522 1822 1557 1850 ut
1567 1822 1682 1852 sciatur
1696 1826 1770 1862 quot

999 1869 1028 1896 et
1043 1870 1163 1906 quanta
1179 1867 1276 1906 bona,
1295 1871 1324 1899 et
1339 1873 1416 1908 quot
1435 1872 1534 1910 mala,
1553 1876 1583 1903 et
1595 1878 1713 1913 quanta
1727 1877 1768 1906 fe-

999 1920 1075 1949 cerit
1091 1931 1097 1950 :
1115 1929 1194 1959 ergo
1217 1921 1243 1950 si
1265 1922 1306 1952 ibi
1325 1922 1416 1961 plene
1437 1926 1612 1957 ostenditur
1630 1929 1769 1966 justitia,

998 1976 1083 2012 patet
1097 1974 1182 2013 quod
1197 1975 1304 2005 omnia
1318 1976 1362 2006 ibi
1376 1977 1488 2008 debent
1502 1979 1576 2018 legi.

1040 2027 1116 2056 Item
1136 2027 1173 2057 de
1192 2028 1314 2067 jiistitia
1329 2029 1539 2062 declarabitur
1562 2033 1603 2063 ibi
1629 2044 1768 2072 sumine,

998 2082 1026 2109 et
1033 2082 1190 2119 qnantum
1200 2081 1238 2111 ad
1245 2082 1486 2114 retributionem
1496 2085 1644 2124 gloriaeet
1652 2098 1770 2128 poenae:

998 2142 1077 2171 ergo
1102 2134 1214 2164 merita
1238 2134 1352 2165 dehent
1373 2145 1499 2167 summe
1517 2139 1667 2171 declarari
1690 2153 1696 2172 ;
1718 2143 1771 2174 sed

998 2193 1061 2214 non
1088 2187 1236 2223 possunt,
1262 2186 1322 2216 nisi
1344 2188 1451 2218 omnia
1474 2190 1556 2221 bona
1578 2194 1608 2222 et
1629 2194 1712 2224 mala
1732 2196 1769 2225 ad

1001 2238 1186 2268 memoriam
1203 2243 1390 2271 revocentur
1406 2251 1414 2272 :
1431 2252 1520 2281 ergo,
1538 2248 1595 2276 etc.

1039 2290 1171 2321 Contra:
1186 2294 1214 2322 1.
1232 2291 1319 2329 Quod
1333 2303 1395 2324 non
1406 2297 1525 2334 omnia,
1538 2298 1678 2338 videtur;
1696 2302 1770 2341 quia

999 2343 1041 2373 ibi
1061 2344 1119 2374 erit
1137 2346 1261 2375 tantum
1282 2348 1435 2378 memoria
1451 2358 1576 2389 eorum,
1597 2352 1636 2383 de
1654 2355 1770 2393 quibus

999 2398 1057 2427 erit
1072 2398 1238 2429 retributio
1256 2408 1263 2429 :
1281 2400 1333 2430 sed
1354 2410 1412 2440 pro
1428 2403 1518 2433 malis
1533 2404 1571 2435 de
1584 2406 1700 2445 quibus
1714 2409 1766 2438 suit

999 2451 1193 2490 poenitentia,
1206 2461 1268 2482 non
1280 2454 1491 2493 retribuetnr;
1508 2467 1565 2497 pro
1576 2458 1665 2489 bonis
1675 2461 1768 2490 etiam

999 2504 1030 2534 in
1052 2505 1168 2543 quibus
1191 2515 1254 2535 non
1281 2513 1565 2545 perseveraverunt
1589 2512 1678 2549 mali,
1707 2523 1767 2543 nun

1001 2558 1192 2588 retribuetur
1209 2570 1214 2588 :
1233 2568 1310 2597 ergo
1324 2560 1398 2590 talia
1412 2570 1476 2592 non
1492 2562 1648 2601 legentur.

1001 2657 1030 2678 IV
1048 2656 1126 2685 Seni„
1143 2656 1199 2679 dist.
1217 2663 1290 2688 Χιιιι,
1304 2665 1328 2688 q,
1344 2665 1373 2689 ,η
1389 2661 1454 2683 petr,
1472 2662 1502 2684 de
1518 2663 1629 2694 'I‘nrant.,
1647 2665 1676 2687 ΙΥ
1691 2666 1768 2696 Stra„

1000 2692 1148 2749 ἓίηιξιέιιιι,
1164 2698 1188 2722 q.
1208 2698 1252 2716 xn.
1271 2705 1299 2710 —
1318 2694 1325 2706 ²
1341 2695 1416 2725 Aug,
1434 2696 1462 2717 dr:
1484 2697 1557 2720 civit.
1578 2699 1634 2724 Deiv
1652 2700 1694 2724 lib.
1719 2703 1769 2734 λλ,

1787 1510 1890 1533 Γυιιάιιιι.

1788 2308 1820 2329 Ad
1837 2314 1888 2335 opp.
