1991 3006
65 441 143 468 Opinio
150 444 169 460 ι’.

66 473 162 493 Fructus.

83 1060 161 1080 Aurea.

67 1092 165 1112 Aureola.

68 1596 163 1622 improb.

89 1919 167 1946 Opinw

72 1952 175 1972 Doctoris.

88 2238 166 2258 Aurea.

77 2270 172 2290 Fructus.

186 202 244 231 314

185 268 278 298 betur
291 267 429 304 aureola,
446 267 499 297 sed
515 267 610 297 etiam
625 267 658 298 in
670 269 802 307 justitia,
819 277 890 307 quae
909 270 955 298 est

185 322 337 360 perpetua
351 322 381 350 et
396 319 595 357 immortalis,
611 323 641 351 et
656 321 686 350 in
706 321 859 351 charitate
881 330 954 359 quae

185 382 350 412 nunquam
373 373 512 403 excidit:
530 375 561 403 et
587 373 654 404 ideo
681 374 793 405 modus
818 374 874 404 iste
899 383 954 403 su-

186 427 289 457 mendi
301 436 365 457 non
378 427 502 457 videtur
513 427 716 457 conveniens,
732 427 830 457 Aliter
846 427 953 457 dicunt

185 480 247 517 alii,
265 479 349 519 quod
365 479 534 518 praemiuni
558 489 664 510 aureae
681 480 812 510 debetur
830 480 888 519 ipsi
905 488 953 510 ra-

184 533 245 564 dici
260 533 431 570 charitatis,
450 533 503 563 sed
519 534 642 564 fructus
654 534 774 563 ratione
789 533 953 563 difficulta-

185 587 244 624 tis,
269 589 298 616 et
320 586 448 616 aureola
470 587 590 617 ratione
620 586 836 626 perfectionis:
855 586 954 623 uude,

184 639 259 678 quia
281 639 448 670 difficultas
474 640 613 669 maxima
641 642 686 669 est
710 640 741 669 in
767 639 957 669 continendo

185 691 326 729 omnino,
356 691 420 722 imo
451 692 610 731 quoddam
640 692 850 731 martyrium,
873 694 903 720 et
925 691 957 720 in

185 745 369 776 sustinendo
384 746 537 776 terribilia
553 755 625 785 quae
640 748 772 775 mortem
790 745 955 781 inducunt;

187 798 257 829 ideo
272 799 391 828 fructus
406 798 538 829 debetur
549 798 745 838 martyribus
757 800 787 828 et
799 799 958 828 continen-

186 851 280 882 tibus.
298 851 447 882 Perfectio
463 861 538 881 vero
555 851 696 881 maxima
715 853 761 881 est
785 851 817 880 iu
835 850 958 880 actibus

187 905 287 935 tribus
303 905 403 944 ipsius
417 906 543 943 animer,
562 905 676 935 scilicet
694 904 867 941 rationalis,
879 913 958 934 con-

187 958 387 998 cupiscibilis,
405 961 435 988 et
451 958 632 995 irascibilis-3
651 962 681 988 ct
694 958 753 988 hoc
768 957 934 997 dupliciter
950 968 955 986 :

189 1013 219 1041 et
233 1020 287 1050 per
298 1011 536 1042 conversionem
553 1011 591 1042 ad
608 1012 717 1048 Deum,
728 1013 757 1041 et
774 1011 815 1040 ita
828 1010 959 1040 debetur

187 1065 256 1103 ejus
274 1065 457 1104 perfectioni
478 1074 574 1095 aurea
594 1065 650 1104 (a);
669 1067 697 1095 et
718 1073 774 1103 per
795 1072 957 1102 compara-

188 1118 308 1149 tionem
321 1118 357 1148 ad
375 1118 494 1148 bonum
511 1118 651 1155 inferius,
662 1120 691 1148 et
707 1118 748 1147 ita
758 1117 892 1147 debetur
906 1126 960 1146 au-

187 1171 282 1209 reola,
300 1180 372 1210 quae
387 1173 430 1201 est
448 1171 689 1208 diminutivum,
702 1171 777 1210 quia
791 1174 836 1200 est
852 1179 957 1200 remu-

188 1224 309 1255 neratio
325 1224 357 1254 in
373 1225 455 1254 bono
471 1227 596 1255 creato:
614 1227 644 1254 et
659 1224 835 1254 secundum
853 1225 958 1253 actum

187 1278 360 1318 perfectum
376 1278 508 1317 triplicis
527 1277 674 1316 potentiae
695 1278 892 1316 assignatur,
909 1276 960 1306 vel

186 1331 326 1362 redditur
341 1331 480 1361 aureola.
499 1330 577 1360 Nam
602 1331 847 1370 perfectissimus
871 1332 960 1360 actus

187 1384 347 1414 rationalis
363 1394 418 1424 per
434 1384 704 1423 comparationem
719 1383 756 1413 ad
772 1383 902 1413 inferius
915 1385 961 1412 est

187 1437 354 1468 veritatem
375 1437 446 1468 fidei
472 1437 661 1476 praedicare3
689 1434 961 1475 concupiscibilis,

187 1500 314 1520 carnem
330 1491 459 1520 omnino
475 1500 493 1520 a
507 1490 591 1520 coitu
606 1490 780 1527 refrenare3
798 1487 962 1518 irascibilis

188 1546 321 1573 mortem
351 1543 521 1579 sustinere3
548 1545 578 1573 et
608 1543 678 1573 ideo
704 1542 806 1572 tribus
830 1541 963 1571 debetur

187 1596 315 1627 aureola
330 1596 455 1636 triplex.
473 1595 540 1635 ,Sed
561 1595 666 1626 adhuc
691 1595 802 1635 positio
825 1595 884 1624 ista
899 1603 962 1624 non

190 1650 314 1680 videtur
327 1650 458 1680 omnino
473 1649 668 1680 conveniens
679 1674 686 1683 ,
705 1649 781 1688 quia
804 1651 901 1678 tantae
918 1650 964 1678 est

189 1704 387 1743 perfectionis
413 1704 521 1734 onmia
548 1703 747 1742 relinquere,
769 1705 800 1732 et
823 1702 963 1741 seipsum

189 1758 362 1796 abnegare,
380 1757 459 1787 sicut
475 1757 658 1796 praedicare,
676 1759 707 1786 et
719 1755 850 1785 omnino
868 1754 964 1784 conti-

189 1819 264 1840 nere
277 1821 283 1840 z
301 1810 371 1841 ideo
386 1819 449 1840 non
465 1810 590 1841 videtur
605 1809 690 1849 quod
705 1808 880 1839 secundum
896 1816 964 1847 per-

190 1863 367 1901 fectionem,
384 1863 434 1893 vel
451 1863 571 1893 ratione
588 1862 806 1902 perfeetionis,
826 1860 962 1899 virgini-

191 1917 246 1947 tati
267 1917 418 1947 debeatur
446 1916 584 1947 aureola.
610 1915 709 1946 Aliter
730 1914 830 1953 igitur
857 1914 963 1944 dicen-

191 1971 279 2007 dum,
296 1970 393 2010 quod,
410 1970 490 2000 sicut
504 1970 622 1999 dictum
638 1970 683 1998 est
698 1976 805 2007 supra,
822 1966 907 2006 quod
932 1966 965 1996 in

191 2023 375 2062 virginitate
404 2023 463 2053 tria
487 2023 738 2058 considerantur,
757 2020 874 2051 scilicet
904 2020 964 2050 ha—

193 2076 293 2114 bitus⁷
321 2078 440 2113 status,
466 2078 496 2105 et
525 2075 638 2112 decor;
655 2074 778 2105 habitui
797 2072 966 2112 respondet

194 2138 306 2165 aurea,
330 2128 425 2159 statui
447 2129 588 2164 tractim,
616 2127 669 2158 sed
696 2127 798 2157 decori
834 2126 963 2164 integri-

195 2182 266 2212 tatis
290 2181 429 2212 aureola.
460 2180 497 2211 Et
518 2180 602 2220 quod
624 2179 747 2210 habitui
769 2188 866 2209 aurea
879 2202 886 2216 ⁷
906 2179 966 2209 hoc

195 2247 259 2268 non
273 2240 320 2268 est
335 2238 488 2275 dubium;
506 2237 590 2277 quod
615 2245 692 2267 vero
717 2235 814 2266 statui
826 2235 964 2271 fructus,

195 2293 254 2322 hoc
281 2293 367 2331 patet
398 2292 442 2321 sic
466 2303 472 2321 z
500 2291 575 2331 quia
603 2290 685 2320 sicut
716 2290 836 2319 fructus
865 2288 968 2326 major

196 2349 226 2376 et
255 2346 370 2382 minor,
398 2354 494 2384 quem
523 2345 611 2384 ponit
642 2343 791 2374 Dominus
815 2343 848 2372 in
864 2341 965 2372 Evan-

198 2399 293 2438 gelio,
305 2398 480 2429 attenditur
491 2398 667 2429 secundum
691 2397 889 2428 nobilitatem
903 2398 967 2426 ter—

198 2461 254 2490 rae,
271 2452 313 2481 sic
342 2452 462 2481 fructus
478 2452 580 2490 maj0r
604 2453 634 2480 et
663 2450 768 2480 minor
795 2449 969 2480 secundum

199 2507 326 2536 statum.
346 2503 418 2534 Esto
433 2503 517 2534 enim
533 2503 619 2543 quod
634 2505 697 2533 tres
713 2503 745 2532 in
770 2502 873 2532 tribus
888 2501 971 2532 stati-

198 2559 258 2589 bus
269 2557 461 2594 contineant,
478 2556 653 2587 secundum
670 2555 755 2595 quod
772 2555 885 2585 melius
898 2564 971 2594 pos-

232 2639 263 2667 (a)
291 2637 349 2660 Coel.
370 2636 430 2660 edit.
452 2635 573 2666 perfusi-tio
595 2641 686 2659 aureae.
709 2647 731 2651 -
756 2633 790 2663 (b)
810 2634 849 2658 Al.
871 2634 913 2663 qui
934 2640 970 2657 se.

201 2686 229 2692 ——-
246 2674 272 2703 (r)
293 2673 387 2696 dicant,

751 200 1057 232 s1⁴3N'1‘1‹1N'r1ARm{
1084 200 1153 231 12113.
1185 200 1230 230 tV.

1010 270 1094 304 sunt,
1112 267 1215 298 adhuc
1226 267 1346 298 excedit
1356 268 1549 298 continentia
1564 268 1698 298 vidualis
1708 277 1778 299 con-

1005 321 1164 360 Jugalem‚
1179 323 1209 351 et
1225 321 1394 359 virginalis
1408 321 1581 352 vidualem.
1599 321 1686 352 Unde
1704 322 1780 361 quia

1009 375 1042 404 in
1058 375 1252 405 continentia
1270 375 1408 405 maxime
1432 377 1532 405 status
1547 375 1663 405 diversi
1679 375 1780 405 consi-

1009 428 1171 465 derantur,
1189 430 1218 457 et
1233 428 1409 458 secundum
1425 428 1510 458 illam
1527 428 1780 466 distinguuntur;

1010 480 1079 510 ideo
1092 480 1148 510 soli
1165 480 1368 510 continentiae
1390 481 1558 519 praemium
1584 481 1706 511 fructus
1727 489 1784 520 ap-

1011 534 1104 568 tatum
1124 542 1187 562 non
1203 533 1282 572 quin
1297 535 1328 563 et
1347 533 1416 563 aliis
1439 534 1535 572 possit
1557 533 1678 572 aptari,
1697 533 1722 563 si
1738 535 1783 564 est
1799 539 1902 560 Aureola.

1011 584 1153 615 diversos·
1168 587 1266 615 status
1285 586 1458 625 assignare.
1483 586 1572 623 Quod
1596 588 1703 616 autem
1726 595 1783 616 au-

1012 638 1097 668 reola
1112 639 1298 678 respondeat
1315 639 1408 669 alicui
1421 639 1525 669 decori
1543 638 1710 676 exteriori,
1725 647 1782 678 pa—

1013 694 1070 728 tet,
1089 692 1163 731 quia
1190 692 1326 722 aureolae
1351 693 1556 731 assignantur
1578 692 1629 722 his
1651 691 1784 728 actibus,

1014 745 1068 784 qui
1085 745 1281 775 considerant
1295 745 1414 784 aliquid
1428 746 1653 781 extrinsecum,
1673 746 1785 784 utputa

1013 797 1096 836 quod
1114 799 1160 827 cst
1173 798 1263 834 infra,
1276 800 1311 827 ut
1324 806 1438 836 corpus
1449 808 1455 834 ;
1466 798 1516 828 vel
1526 797 1610 836 quod
1625 799 1671 827 est
1679 798 1782 836 juxta,

1014 854 1049 880 ut
1065 850 1242 889 proximus,
1260 859 1355 889 quem
1373 850 1537 887 convertit,
1554 852 1585 881 et
1599 850 1638 880 ad
1653 850 1787 890 patriam

1014 912 1070 943 per
1085 904 1201 933 bonam
1217 904 1394 933 doctrinam
1405 903 1501 933 ducit.
1513 903 1599 934 Unde
1612 903 1705 934 decor
1719 903 1785 942 qui-

1015 958 1090 988 dam
1106 959 1165 988 erit
1185 958 1365 988 doctoribus
1378 958 1416 988 de
1431 957 1593 988 conversis
1615 965 1671 996 per
1686 957 1787 996 ipsos,

1014 1015 1043 1042 et
1059 1011 1189 1051 quidam
1204 1012 1301 1042 etiam
1317 1012 1409 1042 decor
1420 1013 1450 1042 et
1466 1011 1622 1050 gaudium
1637 1010 1696 1041 crit
1709 1019 1791 1040 mar-

1014 1065 1139 1105 tyribus
1155 1065 1185 1094 in
1200 1073 1341 1104 corpore,
1360 1064 1444 1103 quod
1457 1064 1496 1101 (bl
1512 1073 1568 1103 pro
1584 1063 1704 1094 Christo
1720 1072 1789 1102 pas-

1015 1118 1158 1148 sionibus
1173 1120 1389 1157 exposuerunt
1403 1128 1409 1154 ;
1427 1117 1558 1156 quidam
1573 1117 1666 1147 decor
1682 1117 1756 1155 virg
1764 1117 1789 1146 i-

1015 1171 1110 1200 nibus
1125 1171 1158 1200 in
1183 1179 1333 1209 corpore,
1351 1170 1437 1209 quod
1462 1178 1518 1208 pro
1542 1169 1664 1199 Christo
1688 1169 1790 1199 incor-

1015 1226 1148 1263 ruptum
1160 1225 1386 1259 servaverunt;
1405 1225 1435 1252 et
1453 1222 1504 1253 ille
1518 1222 1622 1259 decor,
1639 1222 1690 1253 vel
1708 1231 1790 1261 gau-

1016 1277 1105 1307 dium
1126 1277 1164 1306 de
1185 1276 1238 1306 illo
1254 1276 1383 1312 decore,
1401 1275 1529 1305 aureola
1554 1276 1637 1305 recte
1662 1275 1788 1305 dicitur.

1017 1330 1115 1361 Credo
1128 1333 1233 1360 tamen
1248 1329 1376 1365 melius,
1393 1328 1476 1368 quod
1493 1328 1543 1359 ille
1559 1327 1652 1358 decor
1665 1327 1795 1358 aureola

1017 1384 1152 1420 dicatur,
1169 1391 1267 1422 quam
1283 1382 1439 1421 gaudium
1453 1406 1462 1419 ,
1479 1382 1555 1421 quia
1576 1384 1688 1412 omnes
1711 1389 1792 1420 gau-

1017 1437 1136 1467 debunt
1152 1436 1189 1466 de
1208 1436 1334 1472 decore,
1359 1444 1424 1465 non
1445 1437 1552 1465 tamen
1572 1443 1682 1466 omnes
1696 1434 1792 1464 hahe-

1018 1491 1097 1520 buut
1105 1489 1278 1519 aureolam.
1293 1488 1354 1518 Sed
1363 1490 1399 1517 ut
1406 1489 1509 1518 totum
1520 1497 1623 1518 unum
1632 1487 1735 1518 dicam
1744 1487 1777 1526 (c)
1785 1510 1792 1523 ‚

1019 1543 1132 1573 melius
1147 1544 1193 1571 est
1216 1541 1337 1577 dicere,
1362 1540 1447 1579 quod
1472 1542 1662 1580 utrumque,
1679 1540 1795 1570 scilicet

1020 1596 1113 1626 decor
1129 1603 1202 1625 cum
1217 1594 1346 1633 gaudio,
1363 1595 1393 1623 et
1409 1593 1564 1631 gaudium
1579 1601 1654 1623 cum
1669 1593 1792 1623 decore.

1020 1650 1075 1680 His
1090 1649 1177 1685 visis,
1195 1650 1302 1688 patent
1321 1647 1454 1686 objecta.

1062 1706 1089 1738 1,
1104 1705 1122 1732 *2
1138 1705 1167 1731 et
1179 1704 1208 1731 3.
1228 1700 1316 1737 Quod
1332 1700 1416 1730 enim
1432 1700 1594 1739 objicitur,
1609 1700 1693 1740 quod
1708 1700 1797 1731 debe-

1022 1759 1072 1787 tur
1087 1755 1185 1786 radici
1200 1754 1361 1785 charitatis
1383 1762 1477 1784 omne
1504 1754 1652 1784 meritum
1665 1778 1672 1790 ,
1690 1754 1795 1784 dicen-

1021 1810 1097 1840 dum
1119 1808 1204 1848 quod
1228 1815 1342 1837 verum
1366 1809 1412 1836 est
1437 1806 1475 1836 de
1500 1806 1633 1846 praemio
1657 1807 1798 1837 substan-

1021 1862 1086 1893 tiali
1095 1873 1102 1899 ;
1112 1862 1166 1892 sed
1180 1859 1413 1899 dejaceidentali
1427 1868 1491 1890 non
1505 1862 1552 1889 est
1566 1868 1679 1890 verum
1694 1860 1798 1900 primo

1021 1919 1051 1947 et
1061 1925 1116 1956 per
1131 1924 1174 1952 se,
1193 1914 1247 1944 sed
1267 1922 1330 1944 non
1354 1912 1422 1943 sine
1440 1912 1505 1943 illo.
1532 1912 1618 1943 Unde
1635 1915 1681 1943 est
1704 1921 1799 1944 causa

1022 1970 1089 1999 sine
1105 1977 1169 2008 qua
1184 1976 1257 1997 non.
1276 1966 1427 1997 Similiter
1442 1968 1527 2005 patet
1540 1974 1641 2005 quare
1667 1965 1799 2005 virgini-

1022 2022 1075 2052 tati
1093 2022 1245 2051 debeatur
1256 2019 1394 2056 aureola,
1414 2028 1477 2049 non
1497 2019 1618 2049 ratione
1634 2019 1797 2058 perfectio-

1023 2072 1083 2110 nis,
1101 2071 1154 2101 sed
1171 2070 1291 2100 ratione
1306 2069 1441 2099 decoris:
1459 2070 1580 2099 ratione
1595 2069 1795 2108 perfectionis

1024 2126 1136 2161 status,
1162 2123 1295 2153 debetur
1316 2122 1435 2151 fructus
1451 2121 1661 2158 centesimus;
1679 2122 1732 2152 sed
1746 2130 1796 2152 ra-

1024 2178 1110 2208 tione
1125 2176 1258 2212 decoris,
1279 2174 1420 2205 aureola.
1850 2190 1883 2211 Ad

1065 2233 1093 2260 Ji.
1123 2230 1169 2260 Ad
1190 2229 1266 2260 illud
1283 2228 1367 2268 quod
1379 2228 1553 2268 quaeritur,
1570 2227 1693 2258 ratione
1707 2228 1800 2267 cujus
1813 2220 1919 2271 ῗζπξῗζηξῗ

1025 2283 1272 2323 incorruptionis
1293 2282 1444 2312 debeatur
1464 2281 1608 2318 aureola,
1624 2280 1740 2320 triplex
1754 2283 1800 2311 est
1814 2280 1918 2307 opinion.

1025 2337 1065 2368 ad
1082 2337 1142 2367 hoc
1164 2336 1283 2375 opinio.
1309 2334 1442 2371 Quidam
1459 2334 1545 2364 enim
1567 2333 1692 2369 dicunt,
1713 2333 1800 2373 quod

1025 2400 1100 2422 cum
1114 2389 1265 2420 meritum
1287 2388 1437 2418 consistat
1455 2387 1488 2417 in
1508 2386 1630 2423 anima,
1649 2386 1734 2426 quod
1749 2386 1798 2416 in-

1026 2442 1223 2482 corruptioni
1244 2442 1359 2472 mentis
1382 2441 1534 2471 debeatur
1549 2438 1694 2476 aureola3
1712 2439 1799 2469 simi-

1027 2498 1098 2528 liter
1119 2496 1263 2535 perfectae
1288 2494 1445 2525 voluntati
1471 2492 1647 2523 sustinendi
1666 2494 1800 2523 mortem

1030 2560 1088 2591 pro
1099 2550 1236 2580 Christo:
1247 2551 1278 2579 et
1288 2548 1347 2579 hoc
1357 2548 1546 2578 confirmant
1552 2555 1608 2586 per
1617 2545 1707 2583 illud,
1715 2544 1801 2585 quod
1817 2559 1912 2585 humb,

1030 2604 1144 2634 dicitur
1162 2602 1200 2632 de
1216 2602 1307 2632 beato
1328 2600 1463 2631 Martino
1479 2601 1487 2616 ¹
1505 2610 1512 2630 z
1533 2599 1556 2630 Ο
1572 2599 1661 2631 beata
1676 2598 1799 2636 anima,

1063 2667 1066 2678 ¹
1084 2664 1184 2695 Antipb.
1201 2664 1231 2687 ad
1247 2663 1355 2693 ,lluynisi
