1991 3006
804 166 920 197 LIBER
941 166 1069 196 TERTII
1087 168 1118 196 S.

369 287 586 319 DISTINCTIO
607 287 726 319 XXXII.

418 365 456 390 De
470 364 602 390 charitate
617 364 673 390 Dei.

221 444 359 468 Praemissis
370 443 541 474 adjiciendum
554 445 605 473 est,
620 444 651 466 de
667 442 798 467 dilectione
807 460 814 472 ‚
827 443 874 465 etc.

203 500 269 538 Nil,
290 500 390 538 Deus⁷
415 500 505 530 odisti
527 509 633 530 rerum
658 500 774 539 quibus
795 508 862 529 esse
877 499 929 529 de-

241 554 325 584 disti.

162 607 369 638 Praedilexisti
384 609 489 637 tamen
504 607 594 637 illum
610 616 705 646 quein
720 606 867 645 genuisti.

161 659 218 690 Hic
234 662 272 697 (a)
291 660 322 690 in
342 669 449 690 amore
469 660 569 690 Patris
588 660 717 690 effectus
739 662 768 690 et
790 667 856 689 esse
872 666 927 688 no-

240 715 334 743 tatur.

161 765 305 797 Primum
323 769 477 803 mutatur,
503 767 660 806 reliquum
681 775 847 806 nunquam
872 775 928 796 va-

238 820 351 850 riatur.

160 872 349 912 Simpliciter
362 873 513 903 Dominus
527 873 641 903 electos
656 881 780 912 semper
794 872 923 902 amavit.

160 925 310 956 Similiter
325 926 474 965 reprobos
489 926 586 956 odivit
601 928 631 955 et
645 926 834 965 reprobavit.

355 1031 568 1062 DISTINCTIO
590 1032 724 1062 XXXIII.

265 1108 300 1134 De
317 1110 431 1141 quatuor
446 1109 591 1134 virtutibus
605 1109 815 1142 principalibus.

241 1189 299 1212 Post
315 1188 451 1218 praedicta,
463 1188 493 1211 de
505 1190 613 1218 quatuor
627 1188 772 1217 virtutibus,
785 1190 833 1211 ete.

193 1245 382 1283 Prudentes,
407 1245 500 1275 sobrii
514 1269 521 1282 ‚
550 1245 627 1284 justi
638 1270 645 1281 ,
678 1246 833 1284 fortesque
862 1254 921 1276 vo-

233 1301 356 1336 cantur,

153 1353 291 1383 Virtutes
304 1353 477 1383 cardinales
492 1362 571 1392 quos
586 1353 850 1383 concomitantur.

152 1408 228 1445 Quae
244 1416 307 1438 non
322 1407 482 1445 tollentur,
500 1407 552 1438 sed
566 1416 640 1438 vere
651 1407 864 1446 perficientur.

152 1461 271 1492 Harum
288 1463 453 1491 mutantur
468 1470 555 1497 usus,
571 1470 635 1491 non
648 1463 852 1491 evacuantur.

350 1566 565 1597 DISTINCTIO
588 1565 718 1596 XXXIV.

292 1644 329 1669 De
342 1644 440 1676 septem
454 1642 529 1668 dom-'s
547 1643 666 1676 Spiritus
680 1644 776 1669 sancti.

235 1724 307 1747 Nunc
323 1723 353 1747 de
368 1724 464 1753 septem
477 1722 550 1746 donis
563 1722 669 1752 Spiritus
682 1722 760 1746 sancti
769 1741 774 1751 ,
791 1724 840 1745 etc.

191 1782 226 1812 In
243 1781 343 1821 patria
355 1781 437 1811 dona
453 1782 571 1819 septem
586 1789 650 1810 non
665 1782 871 1810 evacuantur.

150 1836 184 1866 In
205 1835 326 1866 Christo
348 1834 423 1864 Jesu
442 1833 589 1872 praedicta
610 1833 706 1863 fuisse
731 1833 915 1872 probantur.

149 1889 228 1919 Usus
242 1886 463 1927 quorumdam,
481 1886 506 1916 si
523 1886 693 1923 discernas,
708 1886 882 1916 variantur.

148 1939 226 1970 Nam
238 1938 347 1978 patriae
357 1946 454 1975 more,
467 1937 631 1975 revereri&
641 1936 772 1974 Christe,
786 1937 898 1967 timore
908 1948 914 1974 ;

148 1993 205 2024 Dat
217 1991 394 2022 naturalem
408 1990 512 2021 solum
527 1992 641 2020 natura
656 1990 813 2020 timorem.

148 2045 238 2076 Hunc
273 2045 385 2075 habuit
417 2044 560 2075 Christus
599 2044 707 2074 mortis
747 2044 916 2074 metuendo

226 2098 378 2129 dolorem.

148 2152 217 2191 Ipsa
236 2152 332 2182 libido
362 2151 464 2190 parit,
486 2150 666 2180 humanum
688 2160 802 2190 nempe
827 2150 913 2181 dolo-

226 2214 309 2242 rem3

147 2259 183 2290 Et
198 2260 267 2298 post
278 2258 487 2294 mundanum,
499 2266 565 2296 prae
578 2257 699 2288 cunetis
715 2257 913 2296 deteriorem,

146 2311 310 2348 Servilem,
328 2313 398 2350 post
413 2309 565 2340 initialem
580 2310 666 2349 fique
679 2309 799 2347 lialem,

146 2366 251 2396 Gratia
264 2365 437 2405 praestabit,
454 2365 554 2404 ipsam
571 2365 597 2395 si
611 2365 683 2404 quis
698 2365 875 2405 triplicabit.

179 2440 181 2449 ’
201 2435 289 2464 Ε.τοι1.,
307 2441 333 2459 xi
349 2437 373 2458 el
388 2441 433 2458 xu.

178 2481 212 2510 (a)
230 2480 303 2504 Hinc.
319 2492 348 2496 -
362 2478 397 2510 (b)
415 2479 475 2503 Coet.
493 2478 552 2503 edit.
570 2479 624 2502 Dei.

1698 169 1753 196 ⁶47

1196 285 1411 317 DISTINCTIO
1430 286 1546 317 XXXV.

1066 362 1121 394 Quo
1136 363 1211 389 modo
1227 363 1357 396 differant
1369 363 1503 397 sapientia
1518 364 1541 389 et
1555 364 1673 389 scientia.

1002 443 1060 467 Post
1072 443 1203 473 praemissa
1237 442 1370 473 diligenter
1383 442 1595 466 considerandum
1616 445 1653 467 est
1666 463 1671 471 ,
1688 445 1736 467 etc.

1025 500 1190 531 AEternum
1207 501 1330 540 sapiens
1349 501 1510 531 mundana
1529 501 1628 531 sciens
1650 501 1753 531 medi—

1064 556 1163 591 tatum

984 608 1040 638 Ast
1056 607 1230 637 intellectus
1246 607 1361 637 animae
1376 609 1481 637 motus
1496 606 1687 646 speculatur.

1181 713 1395 744 DISTINCTIO
1422 713 1552 745 XXXVI.

1018 792 1054 817 De
1068 792 1228 817 connexione
1241 792 1386 821 virtutum,
1404 799 1461 824 qnoe
1477 798 1528 817 non
1545 793 1713 824 separantur.

1090 870 1159 894 Solet,
1173 871 1248 894 ctiam
1266 870 1357 901 quaeri,
1367 872 1450 893 utrum
1464 870 1578 898 virtutes,
1593 872 1640 893 etc.

1020 928 1157 959 Virtutes
1171 929 1225 959 ubi
1236 931 1319 966 sunt,
1332 937 1443 959 omnes
1456 930 1541 964 sunt,
1557 930 1651 967 atque
1660 937 1748 967 pares

1061 984 1144 1012 sunt.
1365 984 1368 985 ’
1765 976 1768 978 ’

980 1034 1137 1065 Connexae
1165 1035 1223 1065 sibi
1248 1037 1341 1072 sunt,
1367 1036 1472 1065 tamen
1499 1043 1561 1064 usu
1582 1033 1747 1064 dissimiles

1058 1091 1141 1119 sunt.

979 1142 1005 1172 Α
1021 1142 1104 1172 vitiis
1119 1151 1192 1173 vere
1208 1144 1309 1172 totum
1324 1142 1418 1172 debes
1430 1150 1604 1172 removere.

979 1195 1115 1226 Crimina
1126 1196 1174 1225 dic
1189 1205 1263 1226 vere
1278 1205 1375 1233 nexu,
1393 1196 1523 1235 paritate
1535 1204 1650 1225 carere.

978 1248 1009 1279 Si
1023 1251 1179 1288 praecepta
1194 1249 1245 1279 Dei
1259 1249 1393 1278 finaliter
1410 1249 1618 1287 accipiuntur,

978 1301 1089 1332 Omnia
1112 1301 1229 1332 claudit
1253 1310 1362 1339 amor,
1387 1303 1418 1331 et
1438 1301 1478 1331 ob
1503 1301 1605 1340 ipsum
1632 1300 1742 1340 praeci-

1057 1354 1201 1393 piuntur.

1170 1460 1383 1491 DISTINCTIO
1405 1460 1551 1491 XXXVII.

1013 1540 1048 1565 De
1071 1539 1156 1565 decem
1177 1540 1331 1573 proeceptz's‚
1357 1547 1407 1573 quo
1429 1539 1503 1565 modo
1526 1540 1710 1565 contineantur

1210 1585 1239 1609 in
1255 1584 1355 1610 duobus
1369 1583 1512 1610 mandatis.

1007 1666 1054 1689 Sed
1065 1666 1117 1695 jam
1132 1666 1273 1689 distributio
1289 1665 1416 1696 decalogi,
1431 1672 1488 1696 quae
1503 1665 1528 1688 in
1541 1665 1650 1695 duobus,
1663 1666 1709 1687 etc.

1015 1727 1094 1758 Sunt
1123 1729 1280 1767 praecepta
1309 1727 1416 1757 decem
1450 1736 1457 1756 :
1489 1726 1547 1756 tria
1572 1726 1743 1765 respiciunt

974 1779 1140 1817 Deitatem;

974 1832 1034 1863 Sed
1054 1836 1173 1872 septem
1193 1834 1334 1872 spectant
1354 1832 1392 1862 ad
1410 1833 1546 1862 fratrum
1568 1832 1741 1862 commodi-

1054 1888 1160 1916 tatem.

974 1940 1059 1970 Idola
1071 1949 1134 1970 non
1147 1942 1231 1976 sunt,
1244 1939 1269 1969 si
1287 1939 1458 1969 formaliter
1475 1937 1647 1977 accipiatur
1666 1946 1672 1966 :

972 1992 1051 2023 Nam
1068 1993 1165 2023 deitas
1179 1992 1211 2022 in
1228 1992 1273 2022 eis
1287 2001 1350 2021 non
1366 1993 1426 2028 est,
1446 1991 1530 2030 quod
1545 1999 1626 2029 gens
1645 1999 1740 2020 vene-

1050 2048 1150 2076 ratur.

974 2098 1131 2138 AEgyptus
1154 2108 1209 2138 per
1237 2100 1433 2138 praeceptum
1458 2097 1579 2128 Domini
1607 2097 1642 2135 (b)
1667 2106 1737 2136 spo-

1053 2151 1147 2182 liatur
1163 2152 1170 2168 ¹
1189 2163 1196 2181 :

972 2205 1052 2236 Hinc
1065 2207 1234 2236 excusatur
1246 2205 1349 2244 plebs;
1363 2213 1419 2235 nec
1429 2205 1551 2234 furtum
1561 2205 1738 2243 reputatur,

972 2259 1132 2299 AEgyptus
1153 2259 1276 2289 Domini
1293 2260 1387 2298 jussu
1407 2257 1558 2297 quoniam
1576 2257 1738 2297 spoliatur.

972 2313 1062 2343 Plebs
1076 2314 1257 2350 excusatur,
1274 2312 1396 2341 furtum
1410 2311 1475 2340 fore
1488 2319 1545 2340 nec
1561 2311 1737 2349 reputatur.

1157 2417 1368 2449 DISTINCTIO
1391 2417 1550 2448 XXXVIII.

1144 2496 1179 2521 De
1195 2495 1299 2529 triplici
1313 2501 1405 2528 qenere
1418 2494 1560 2520 mendacii.

1079 2575 1212 2599 Sriendum
1223 2576 1308 2599 tamen
1324 2574 1370 2598 tria
1382 2580 1437 2598 esse
1450 2580 1543 2604 genera
1553 2591 1560 2602 ‚
1580 2574 1628 2596 etc.

972 2634 1129 2665 Delectant
1143 2633 1287 2664 homines
1303 2631 1464 2664 mendacia
1479 2631 1560 2662 dicta
1571 2632 1678 2669 jocosa
