1991 3006
224 211 282 239 648

224 276 301 313 Quae
316 276 460 314 prosunt,
477 273 529 304 sed
546 283 610 305 non
625 275 759 311 obsunt,
780 275 828 305 dic
843 275 991 306 officiosa.

224 329 361 365 obsunt,
383 337 440 358 nec
460 329 607 367 prosunt,
623 328 787 358 mendacia
807 328 990 368 perniciosa.

224 382 354 412 Mortem
376 383 533 420 postrema
558 381 621 411 duo
643 381 786 420 perfectis
807 383 991 421 operantur.

225 434 386 465 Praedictae
402 434 519 473 species
535 433 567 463 in
584 434 690 473 plures
706 435 935 464 ramificantur.

224 487 303 519 Sunt
318 487 499 518 obstetrices
516 491 522 506 ¹
540 487 679 517 mentitae
694 496 767 517 cum
783 487 912 527 pietate,

224 541 300 570 Cum
317 540 452 580 propriae
464 540 538 570 viiae
554 540 718 571 servandae
733 540 915 571 sollicitatae.

225 593 408 633 Mysterium
426 593 521 623 Jacob
538 594 549 609 ²
570 596 698 624 excusat
721 605 726 623 :
752 603 824 624 nam
847 593 930 633 quod
946 594 991 624 sa-

303 646 417 682 ciebat,

224 700 261 731 Et
276 699 359 739 quod
382 700 516 736 dicebat,
539 699 597 729 hoc
622 708 747 730 sacrum
775 700 916 730 Pneuma
935 700 993 730 do-

304 752 403 783 rebat.

425 856 638 887 DISTINCTlu
662 856 791 888 XXXIX.

287 935 326 960 An
340 933 491 967 pevffurz‘um
505 934 557 964 sit,
574 932 621 959 ubi
634 941 687 960 non
701 936 737 960 est
752 933 926 960 mendacium.

371 1013 442 1036 Nunc
457 1012 486 1036 de
502 1013 612 1043 perjurio
627 1013 758 1037 videmnus
772 1030 778 1041 ,
791 1015 838 1037 etc.

224 1075 255 1105 Si
270 1074 360 1114 large,
373 1078 498 1115 sumpta
515 1075 678 1105 mendacia
695 1075 946 1112 consideremus,

224 1127 354 1167 Semper
369 1128 530 1165 mentitur,
547 1137 641 1167 quem
660 1129 723 1167 perj
731 1137 822 1158 urare
837 1128 991 1158 videmus.

223 1181 254 1211 Si
279 1181 384 1211 stricte
412 1190 536 1218 sumas,
563 1190 813 1221 praeconcessum
844 1181 991 1220 reprobe-

304 1243 384 1264 muS.

574 1380 733 1420 LIBER
768 1378 1018 1427 QUARTUS

480 1501 694 1532 DISTlNCTIO
719 1502 739 1531 l.

402 1579 438 1605 De
451 1578 629 1605 Sacramerztt's
645 1580 673 1604 z'n
687 1578 817 1611 generali.

288 1657 459 1682 Samaritanus
474 1658 539 1681 euim
554 1658 685 1681 vulnerato
703 1658 866 1688 appropians,
883 1658 931 1681 etc.

267 1715 398 1745 Sarrum
413 1716 585 1754 signatum,
604 1725 688 1745 sacra
705 1715 849 1754 signans,
867 1715 933 1744 sive
951 1723 996 1743 sa-

306 1770 428 1798 eratum

227 1823 400 1858 Secretum,
417 1820 656 1851 Sacramentum
677 1821 724 1851 dic
745 1830 811 1851 esse
834 1822 993 1850 vocatum.

228 1875 401 1914 Signorum
410 1874 556 1913 quaedam
567 1874 648 1909 data,
665 1874 822 1904 naturalia
833 1873 994 1912 quaedam;

228 1927 378 1965 Quaedam
408 1928 500 1966 sigua
525 1927 597 1957 data
618 1929 693 1957 sunt
715 1928 911 1957 sacramenta
937 1935 998 1956 vo-

307 1982 386 2010 cata.

232 2034 268 2063 Ut
283 2033 429 2063 meritum
444 2033 516 2063 fidei
530 2035 659 2070 crescat,
677 2033 839 2073 fastusque
855 2034 995 2071 fugetur,

231 2086 300 2116 Otia
312 2095 352 2115 ne
366 2088 512 2124 regnent,
529 2088 603 2116 sunt
619 2088 814 2116 sacramenta
830 2088 956 2116 statuta.

234 2138 337 2168 Prima
353 2141 547 2169 sacramenta
562 2139 651 2169 uobis
665 2148 748 2169 nova
767 2139 996 2177 significabant,

232 2191 270 2222 Et
284 2201 347 2222 non
363 2192 539 2230 salvabant,
555 2193 607 2222 sed
624 2193 823 2223 circumcisio
839 2202 911 2223 vere

232 2244 302 2275 vim
319 2245 537 2284 baptismalem
549 2248 622 2275 tunc
637 2245 820 2275 credebatur
831 2246 958 2275 habere.

234 2297 280 2327 Ex
296 2297 400 2328 verbis
415 2297 541 2336 pariter,
560 2300 590 2328 et
604 2298 698 2328 rebus
714 2298 933 2328 conficiuntur.

234 2350 405 2387 Erudiunt,
434 2351 612 2390 reprimunt
626 2375 634 2388 ,
665 2353 828 2388 exercent,
858 2352 909 2381 hic
935 2354 1001 2382 sta-

314 2405 459 2434 tuuntur.

238 2456 289 2486 Est
303 2456 507 2486 circumcisus
522 2456 676 2495 Abraam3
695 2457 797 2497 proles
812 2458 961 2495 sociatur,

237 2508 276 2539 Ut
290 2509 518 2548 distinguatur,
534 2509 648 2547 credat,
666 2510 799 2549 placeat,
817 2511 1001 2541 redimatur.

273 2593 280 2609 ¹
296 2593 385 2618 Eoeozl„
401 2599 456 2616 1.-
471 2593 481 2609 2
498 2595 568 2622 Gen„
585 2600 664 2618 xxvu.

272 2642 302 2670 (α)
317 2643 374 2666 Sed.
387 2655 413 2659 —
431 2642 464 2673 (b)
484 2643 543 2667 Coet.
558 2643 617 2666 vdit.
633 2642 689 2666 add.
706 2650 762 2673 qua.
778 2657 806 2660 —
825 2650 851 2671 ,ri
869 2646 928 2667 [φῖ.
942 2645 1004 2667 edit.

238 2677 302 2700 deest
319 2677 374 2701 hor.

733 207 963 238 SENTENTIAE
985 206 1303 238 SENTENTJARuu.

1050 274 1107 310 Qui
1124 274 1235 304 falsum
1251 274 1342 312 dicet,
1360 274 1445 305 hunc
1461 277 1623 315 perjurare
1638 277 1789 315 sciemus;

1051 327 1087 358 Et
1101 327 1154 366 qui
1171 328 1324 357 mentitur
1334 329 1459 367 JuranS,
1477 329 1552 359 huic
1566 330 1768 361 associemus.

1050 380 1216 420 Compulso
1230 390 1286 420 pro
1301 390 1335 410 re
1348 381 1430 411 licita
1444 383 1553 421 jurare
1568 383 1684 413 licebit.

1050 433 1099 464 Sic
1109 434 1327 472 Juramentum
1343 435 1414 474 quis
1428 438 1588 475 acceptare
1604 436 1729 468 valebit.

1050 486 1082 517 Si
1098 486 1306 526 compellaris,
1324 496 1436 517 verum
1447 489 1560 526 jurare
1576 488 1693 519 licebit.

1050 539 1100 570 Sic
1115 542 1145 569 et
1155 541 1265 578 *jurare
1276 540 1456 579 permittere
1471 541 1604 581 quisque
1621 541 1748 572 valebit.

1050 593 1082 623 Si
1096 592 1178 622 male
1190 593 1326 632 juratur,
1337 594 1559 632 juramentum
1575 594 1737 625 nihilatur.

1050 645 1110 676 Nec
1122 647 1304 685 juramento
1315 648 1430 685 jurans
1440 647 1477 677 de
1488 648 1561 686 jure
1575 647 1708 687 ligatur.

1286 752 1501 784 DlSTlNCTIO
1525 752 1585 784 XL.

1086 833 1121 858 De
1135 833 1207 858 sarto
1223 834 1245 857 et
1264 831 1377 865 septimo
1390 832 1521 865 praecepto
1539 830 1658 857 secundm
1676 831 1782 858 tabulae.

1229 911 1332 935 Sextum
1350 911 1504 940 praeceptum
1520 911 1557 933 est
1570 929 1576 938 ‚
1592 911 1640 934 ete.

1091 968 1198 1000 Diffcrt
1212 978 1230 999 a
1253 968 1348 999 veteri
1370 977 1452 998 nova
1473 967 1525 998 lex
1542 979 1548 998 :
1572 977 1645 999 nam
1662 969 1763 1008 prima
1781 969 1821 1000 ti-

1131 1022 1226 1052 moris

1050 1074 1117 1111 Est3
1147 1075 1199 1105 sed
1226 1074 1365 1104 dulcoris
1392 1076 1477 1104 extat
1505 1083 1586 1104 nova
1614 1074 1664 1105 lex
1681 1098 1688 1111 ,
1721 1076 1751 1105 et
1778 1075 1817 1112 (α)

1129 1127 1258 1157 amoris.

1051 1179 1219 1219 Praeceptis
1233 1182 1263 1209 et
1284 1180 1446 1219 promissis
1460 1179 1587 1210 differre
1603 1181 1789 1220 probantur,

1050 1233 1087 1263 Et
1102 1233 1315 1270 sacramentis,
1332 1233 1355 1262 si
1372 1233 1459 1272 leges
1474 1233 1694 1264 discutiantur.

1055 1377 1473 1420 SENTENTIARUM

1051 1501 1231 1540 Octavaque
1247 1500 1296 1531 die
1312 1499 1467 1539 praeputia
1479 1502 1564 1539 petra
1581 1500 1705 1530 secabat
1721 1511 1726 1529 :

1052 1556 1128 1592 Quae
1152 1558 1240 1595 petra
1269 1555 1428 1585 Christum
1457 1557 1629 1585 venturum
1657 1554 1819 1594 significa-

1132 1608 1195 1638 bat.

1051 1661 1133 1691 Ante
1147 1661 1213 1690 dies
1227 1663 1307 1696 octo,
1325 1669 1459 1700 puerum
1476 1660 1502 1690 si
1519 1669 1605 1691 mors
1621 1660 1772 1700 rapiebat,

1053 1714 1121 1753 lpsa
1132 1716 1261 1753 paterna
1279 1713 1354 1743 tides
1368 1713 1516 1752 praedicto
1528 1713 1713 1754 sufficiebat.

1052 1766 1115 1797 Lex
1129 1766 1281 1796 naturalis
1297 1766 1402 1805 pueris
1417 1766 1459 1795 sic
1474 1766 1692 1796 subveniebat.

1054 1819 1112 1850 Per
1127 1819 1250 1850 Domini
1267 1819 1371 1849 cultus
1388 1821 1463 1849 tunc
1479 1818 1662 1849 salvabatur
1681 1819 1818 1850 adultus.

1302 1924 1515 1956 DISTlNCTlO
1538 1925 1575 1955 Il.

1235 2003 1271 2028 De
1285 2001 1464 2028 Sacramentz's
1479 2009 1550 2028 7102)oe
1566 2001 1640 2035 legis.

1101 2082 1157 2105 Jam
1169 2082 1199 2105 ad
1214 2083 1372 2105 sacramenta
1387 2087 1461 2105 novae
1474 2080 1536 2111 legis
1551 2081 1711 2112 accedamus,
1726 2082 1775 2105 etc.

1096 2138 1251 2178 Baptizat,
1271 2138 1403 2177 jungit,
1422 2138 1545 2175 firmat,
1562 2138 1661 2174 cibat,
1680 2138 1822 2176 ordinat,

1137 2192 1243 2230 ungit,

1058 2245 1210 2275 Poenitet:
1227 2245 1294 2275 haec
1308 2244 1419 2275 Christi
1434 2244 1484 2284 pia
1501 2246 1697 2274 sacramenta
1709 2244 1823 2284 petisti.

1057 2298 1167 2328 Totam
1178 2298 1329 2329 virtutem
1339 2299 1544 2337 sumpserunt
1553 2297 1590 2327 de
1601 2306 1692 2328 cruce
1701 2297 1825 2328 Christi.

1059 2351 1191 2382 Devictis
1207 2351 1328 2391 primis,
1351 2351 1434 2390 quod
1452 2350 1505 2380 lex
1520 2359 1584 2380 non
1607 2350 1824 2389 sanctificavit,

1059 2405 1194 2435 Advenit
1209 2404 1362 2442 Christus,
1378 2413 1470 2434 cruce
1490 2403 1645 2434 mundum
1662 2403 1716 2443 qui
1731 2412 1827 2444 repa-

1139 2458 1230 2488 ravit.

1061 2512 1095 2541 ln
1113 2511 1319 2542 Praecursoris
1330 2510 1516 2549 baptismate
1532 2509 1620 2539 nulla
1635 2509 1773 2540 dabatur*

1062 2564 1182 2602 Gratia;
1202 2564 1238 2602 (b)
1255 2566 1417 2603 propterea
1432 2563 1546 2594 sanetis
1562 2565 1629 2602 post
1645 2563 1702 2593 hoc
1720 2564 1754 2602 (c)
1775 2564 1829 2595 ite-

1141 2620 1241 2648 ratur.

1063 2671 1138 2700 Cum
1157 2670 1340 2709 baptizabat.
1360 2671 1527 2699 venturum
1544 2668 1752 2707 significabat.
