1991 3006
633 206 729 237 DIST.
754 206 886 237 XXXIII.
913 207 1000 238 ART.
1027 209 1048 239 1.
1073 209 1221 246 QUAEST.
1247 211 1297 241 ΠΙ.

169 275 221 305 sed
236 276 272 305 ut
286 274 492 313 significetur,
509 272 592 312 quod
612 282 649 303 eo
664 273 777 303 affectu
797 282 866 303 eam
884 282 935 303 co-

170 329 282 368 gnovit
308 337 371 367 quo
395 330 425 358 et
456 335 600 357 uxorem.
627 326 711 357 Unde
740 327 938 365 Augustinus

170 384 261 412 vocat
282 381 385 420 ipsum
411 380 516 410 virum
541 379 664 409 feminis
689 379 822 410 viriliter
845 382 936 409 uten-

170 436 248 470 tem,
275 442 373 463 uxore
397 434 618 471 temperanter,
642 432 753 462 ancilla
774 433 938 472 obtempe-

170 489 285 521 ranter,
312 485 399 514 nulla
420 484 678 523 intemperanter.
707 485 752 515 Ex
776 485 836 515 hoc
856 488 939 524 patet

169 538 252 577 quod
276 538 345 568 haec
371 537 561 576 dispensatio
586 547 649 567 non
677 547 708 568 se
737 538 877 568 extendit
900 538 938 568 ad

170 593 295 630 teinpus
310 593 433 620 naturae
450 590 618 627 institutae,
646 600 702 621 nec
721 591 850 629 gratiae,
865 591 940 629 quia

173 644 205 673 in
220 646 334 674 natura
352 643 495 673 instituta
510 653 575 673 non
590 646 656 674 erat
671 646 796 683 tenipus
811 645 938 682 figurae,

174 708 230 728 nec
245 699 413 728 necessitas
434 698 615 728 sterilitatis.
633 698 783 729 Similiter
803 699 835 728 in
858 701 939 728 teni-

172 760 246 789 pore
270 751 381 789 gratiae
401 753 603 781 cessaverunt
627 752 758 789 figura*⁷
783 753 812 781 et
831 760 941 781 omnes

171 806 328 834 vocantur
346 804 384 834 ad
403 804 515 834 Christi
532 804 651 834 cultum
670 805 722 843 (α),
740 804 770 834 et
790 804 939 843 multipli-

171 858 276 887 catum
299 860 344 887 est
365 867 468 896 genus
491 859 668 887 humanum
690 858 791 887 valde.
813 857 942 887 Ratione

173 910 315 940 utilitatis
335 920 368 941 se
390 911 528 940 extendit
553 913 624 940 ante
645 913 770 950 tempus
791 911 940 948 Abrahae,

172 964 248 1003 quia
269 966 340 993 ante
366 973 429 993 non
455 963 745 1002 multiplicabantur
765 964 803 993 ad
823 964 942 993 cultum

173 1016 240 1051 Dei,
266 1016 319 1046 sed
339 1016 377 1046 ad
401 1015 537 1053 malum3
562 1016 636 1054 quia
657 1016 831 1045 imitatores
855 1018 941 1046 erant

173 1071 376 1108 paternorum
405 1068 578 1106 scelerum,
607 1070 637 1098 et
660 1068 729 1098 ideo
755 1068 846 1098 deleti
871 1071 945 1098 sunt

173 1131 245 1152 cum
266 1123 361 1152 terra.
382 1121 510 1151 Ratione
529 1130 604 1151 vero
625 1121 798 1151 honestatis
817 1122 855 1151 ad
876 1122 944 1151 illos

173 1175 255 1205 solos
271 1184 303 1204 se
318 1175 468 1211 extendit,
486 1175 540 1214 qui
556 1175 712 1205 uxoribus
723 1176 752 1204 et
763 1175 946 1205 concubinis

173 1230 394 1267 temperanter,
413 1228 497 1258 etad
517 1228 638 1257 cultum
660 1228 712 1258 Dei
733 1228 944 1267 multiplican-

175 1281 263 1319 dum,
282 1281 422 1311 sciebant
438 1283 467 1310 et
484 1280 632 1311 volebant
648 1281 710 1318 uti;
728 1280 817 1310 aliter
829 1281 874 1310 eis
889 1281 947 1310 dis-

178 1335 320 1373 pensatio
336 1344 399 1364 non
415 1334 552 1364 valebat.
567 1333 626 1364 lsta
639 1337 743 1364 antem
759 1334 947 1373 dispensatio

174 1387 256 1417 facta
266 1391 312 1417 est
327 1387 435 1417 divina
450 1387 652 1426 inspiratione
669 1387 699 1417 in
715 1387 902 1426 patriarchis
917 1390 947 1417 et

174 1449 251 1479 rege
280 1440 394 1477 David,
421 1440 571 1479 quoniam
599 1441 742 1479 utrisque
769 1441 806 1470 de
829 1441 947 1470 semine

174 1494 252 1524 facta
268 1495 314 1523 est
328 1493 531 1532 repromissio
547 1503 552 1522 :
581 1495 611 1522 et
633 1493 709 1532 quia
723 1493 773 1522 isti
789 1495 878 1523 erant
893 1503 946 1523 ca-

174 1546 255 1586 pita,
281 1547 311 1576 et
329 1545 473 1575 imitandi
496 1547 586 1575 erant
600 1547 752 1585 tanquam
776 1546 894 1584 sancti,
918 1549 947 1576 ct

174 1598 400 1629 intellexerunt
418 1600 501 1628 recte
522 1598 787 1638 dispensationem
806 1599 889 1628 hanc
909 1600 947 1629 ad

175 1661 284 1682 omnes
299 1652 443 1689 extendi,
461 1651 515 1691 qui
535 1654 625 1682 crant
646 1651 822 1682 imitatores
837 1661 946 1682 eorum

177 1705 208 1734 in
221 1705 361 1735 castitate
378 1715 385 1735 :
403 1707 433 1735 et
448 1714 516 1735 mos
537 1705 595 1735 suit
609 1714 649 1735 ex
664 1705 723 1735 hoc
738 1705 947 1743 introductus,

176 1758 294 1788 durans
311 1767 410 1798 usque
421 1758 460 1789 ad
476 1758 589 1789 Christi
606 1758 859 1789 adventum.Sed
873 1761 949 1789 tunc

175 1812 325 1849 cessavit,
345 1811 420 1850 quia
439 1812 573 1841 cessavit
591 1811 775 1850 congruitas
797 1814 824 1841 et
842 1821 948 1842 neces—

175 1864 270 1902 sitas,
288 1867 322 1894 ut
341 1864 445 1894 visum
460 1866 518 1893 est.
542 1863 629 1893 Unde
651 1864 812 1900 omnihus,
833 1865 949 1904 quibus

176 1917 279 1954 licuit,
304 1917 391 1946 licuit
414 1916 515 1946 solum
541 1926 579 1946 ex
605 1917 853 1956 dispensatione,
878 1927 949 1957 quae

180 1970 237 2000 fuit
248 1979 303 2009 per
313 1970 550 2009 inspirationem
564 1980 570 1999 z
585 1972 614 1999 et
625 1970 684 1999 hoc
695 1969 820 2007 dicitur,
833 1971 947 2009 Eoelra,

179 2023 218 2054 cle
234 2022 435 2057 Div02·1i0‚in
451 2022 587 2061 quadam
605 2022 751 2052 decretali
765 2022 947 2062 innocentii,

178 2076 230 2107 ubi
253 2077 369 2107 dicitur
383 2076 467 2115 quod
483 2084 650 2115 nunquam
670 2075 757 2105 licuit
773 2075 865 2106 alicui
887 2077 947 2106 nisi

180 2129 287 2159 divina
302 2129 517 2169 inspiratione.

217 2186 246 2213 1.
266 2183 312 2213 Ad
329 2182 403 2212 illud
416 2182 500 2221 quod
518 2181 673 2221 obiicitur,
690 2182 773 2221 quod
789 2182 870 2213 Deus
884 2192 948 2213 non

179 2236 250 2266 facit
266 2237 375 2266 contra
386 2237 440 2275 jus
458 2237 594 2271 naturae,
610 2235 777 2265 dicendum
793 2237 877 2274 quod
893 2246 948 2267 ve-

179 2298 249 2319 rum
266 2291 311 2319 est
325 2290 437 2319 contra
450 2289 503 2328 jus
518 2290 660 2325 naturae,
677 2289 761 2327 quod
778 2290 900 2321 ordInat
916 2291 947 2320 in

180 2341 298 2381 ipsum;
316 2342 366 2372 sed
381 2344 490 2372 contra
501 2343 556 2381 ¹ius
571 2344 707 2379 naturae,
724 2343 809 2381 quod
825 2344 949 2373 ordinat

178 2395 215 2425 ad
231 2396 431 2434 proximum,
448 2397 564 2435 potest:
583 2404 647 2425 non
668 2397 772 2426 tamen
788 2396 858 2426 facit
873 2406 948 2427 con-

178 2449 241 2483 tra,
269 2448 321 2478 sed
346 2457 457 2487 supra;
479 2448 553 2486 quia
577 2448 657 2478 ratio
681 2450 764 2478 recta
788 2449 831 2479 sic
855 2450 949 2480 dictat

180 2501 239 2530 hoc
257 2509 318 2530 non
340 2510 407 2531 esse
422 2501 598 2531 faciendum
609 2525 616 2539 ,
633 2503 667 2531 ut
679 2504 783 2532 tamen
799 2503 891 2539 dicat,
917 2504 946 2533 in

179 2554 247 2592 ejus
262 2554 414 2592 opposito,
431 2554 492 2585 Deo
507 2564 574 2584 csse
589 2555 811 2585 obediendum.

213 2614 246 2644 ιιι)
263 2615 322 2638 Cart.
338 2615 397 2638 eda.
414 2616 545 2640 culturam,
560 2630 586 2633 —
604 2616 635 2647 (h)
651 2616 737 2647 Suppl.
754 2618 879 2641 inus-‘iiten

1702 218 1758 245 309

1033 278 1060 306 ⁵2.
1078 277 1124 306 Ad
1148 277 1225 307 illud
1246 278 1329 316 quod
1349 279 1507 318 objicitur,
1530 281 1614 320 quod
1636 290 1700 311 nna
1722 282 1762 311 sit

993 328 1149 367 plurium,
1166 330 1332 360 dicendum
1354 332 1437 370 quod
1457 333 1483 362 si
1506 343 1571 364 una
1589 336 1669 364 esset
1688 334 1759 374 plu-

993 381 1077 411 rium
1089 406 1096 418 ⁷
1118 382 1204 412 nulla
1219 385 1299 412 esset
1314 384 1443 421 utilitas,
1466 386 1540 425 quia
1561 396 1644 416 unus
1661 389 1762 426 potest

993 434 1160 465 fecundare
1181 435 1300 474 plures,
1325 436 1379 465 sed
1401 445 1463 467 non
1485 447 1550 468 una
1571 448 1589 468 a
1604 439 1760 478 pluribus,

995 486 1081 517 Esset
1095 488 1189 517 etiam
1201 488 1362 526 damnum,
1375 489 1448 528 quia
1459 490 1596 521 desectus
1611 493 1763 531 tranquil-

994 539 1104 570 litatis:
1122 549 1185 570 non
1201 540 1285 570 enini
1298 543 1398 579 potest
1413 551 1484 571 cum
1501 552 1575 581 pace
1589 553 1674 574 unus
1689 545 1764 575 duo-

995 591 1054 620 bus
1077 592 1212 621 ‹tominis
1234 592 1371 629 servire⁷
1404 593 1484 623 sicut
1510 603 1593 624 unus
1617 596 1764 626 dominus

995 644 1118 674 duobus
1133 645 1231 674 servis
1245 645 1420 684 imperare:
1439 649 1469 676 et
1486 647 1535 677 vir
1551 650 1644 687 caput
1660 651 1716 685 est,
1733 652 1763 679 et

996 697 1179 727 dominatur
1202 698 1339 728 mulieri.
1369 699 1492 729 Deesset
1520 700 1616 730 etiam
1643 702 1764 732 bonum

996 751 1193 787 sacramenti,
1211 752 1284 790 quia
1299 761 1363 781 una
1378 752 1485 782 anima
1501 762 1564 783 non
1580 754 1703 784 duobus
1718 756 1765 785 vi-

997 803 1050 839 ris⁷
1064 803 1116 833 sed
1133 804 1275 834 Christus
1291 805 1397 834 multis
1409 806 1575 844 copulatur
1585 807 1762 838 animabus.

998 856 1033 884 let
1049 856 1185 895 amplius
1200 859 1281 887 esset
1296 858 1486 888 incertitudo
1508 859 1616 898 proli5‚
1639 862 1669 889 et
1691 869 1763 890 eon-

998 909 1077 938 tusio
1092 909 1294 940 haereditatis.

1039 964 1067 991 3.
1082 962 1127 991 Aa
1144 962 1220 992 illud
1236 964 1319 1002 quod
1333 964 1492 1002 objicitur7
1512 965 1593 1004 quod
1612 965 1693 996 Deus
1709 966 1770 995 ins-

1000 1014 1092 1051 titnit⁷
1106 1015 1187 1054 quod
1201 1015 1275 1052 duo⁷
1293 1019 1364 1050 eto„
1381 1017 1547 1047 dicendum
1559 1019 1643 1057 quod
1655 1028 1770 1049 verum

998 1069 1043 1096 est
1057 1069 1196 1106 tempore
1208 1068 1289 1107 legis
1299 1071 1432 1105 naturae,
1446 1072 1475 1099 et
1490 1072 1631 1109 tempore
1647 1071 1768 1109 gratiae.

1001 1120 1058 1150 Sed
1082 1129 1121 1149 ex
1141 1130 1235 1150 causa
1256 1123 1396 1161 tempore
1419 1123 1496 1161 legis
1512 1123 1547 1162 (b)
1575 1123 1683 1153 debuit
1705 1124 1770 1154 dis-

1001 1183 1146 1213 pensare:
1164 1184 1220 1204 nec
1231 1175 1304 1205 t'acit
1318 1178 1426 1206 contra
1437 1185 1525 1206 suani
1541 1177 1771 1208 institutionem

1000 1228 1078 1267 ipse,
1094 1229 1147 1267 qui
1170 1237 1237 1258 rem
1254 1229 1397 1267 instituit,
1418 1238 1488 1259 cum
1504 1239 1561 1269 pro
1574 1230 1643 1260 loco
1658 1233 1688 1260 et
1698 1233 1773 1261 tein-

1002 1290 1078 1319 pore
1092 1281 1264 1320 dispensat.

1042 1336 1069 1363 4.
1094 1333 1140 1363 Ad
1159 1333 1237 1364 illud
1258 1334 1341 1373 quod
1357 1334 1516 1373 objicitur,
1535 1336 1618 1375 quod
1645 1336 1773 1376 dispen-

1002 1387 1080 1416 satio
1094 1387 1184 1417 debet
1207 1396 1273 1417 csse
1295 1389 1421 1426 propter
1445 1389 1548 1427 majus
1573 1389 1708 1427 bonum,
1726 1390 1774 1420 di-

1004 1440 1138 1469 cendum
1165 1440 1250 1479 quod
1274 1440 1396 1470 bonum
1420 1441 1516 1479 prolis
1535 1442 1612 1472 adeo
1632 1452 1773 1474 necessa-

1004 1492 1088 1521 rium
1110 1495 1172 1529 est,
1198 1495 1233 1522 ut
1253 1495 1379 1532 propter
1400 1493 1503 1532 ipsum
1526 1495 1619 1525 vellet
1642 1495 1723 1526 Deus
1741 1496 1774 1526 in

1004 1545 1111 1584 aliquo
1145 1546 1267 1575 detrahi
1300 1546 1383 1575 bono
1410 1547 1482 1576 fidei
1509 1549 1538 1577 et
1567 1549 1772 1585 sacramenti;

1005 1607 1068 1627 non
1084 1601 1188 1628 tamen
1208 1599 1353 1636 omnino,
1372 1599 1447 1638 quia
1468 1602 1542 1630 tnnc
1561 1600 1659 1640 aliqui
1681 1601 1775 1631 fidem

1005 1651 1188 1688 servahant,
1219 1654 1250 1681 et
1280 1652 1358 1682 ratio
1387 1653 1572 1691 signationis
1596 1653 1639 1683 ibi
1666 1663 1774 1684 mane—

1005 1706 1067 1735 bat.

1048 1760 1077 1788 5.
1096 1758 1141 1788 Ad
1160 1758 1237 1789 illud
1251 1759 1335 1798 quod
1353 1760 1511 1799 objicitur,
1528 1761 1610 1800 quod
1628 1762 1778 1801 multipli-

1009 1812 1089 1841 catio
1108 1811 1203 1851 prolis
1225 1821 1289 1841 non
1311 1814 1355 1841 est
1377 1821 1487 1849 causa,
1504 1813 1672 1844 dicendum
1693 1815 1777 1854 quod

1007 1865 1083 1901 imo,
1100 1864 1175 1903 quia
1190 1865 1292 1894 cultus
1315 1865 1367 1895 Dei
1381 1866 1539 1896 crescebat
1556 1868 1631 1897 tunc
1643 1877 1706 1898 non
1723 1877 1778 1907 per

1008 1917 1216 1954 vocationem,
1232 1918 1284 1947 sed
1301 1927 1355 1956 per
1371 1919 1609 1956 successionem,
1626 1920 1701 1959 quia
1716 1921 1777 1951 illis

1009 1972 1132 2000 tantum
1147 1970 1205 2000 tuit
1221 1970 1270 2000 lex
1286 1971 1414 2001 tradita:
1432 1973 1462 2001 et
1476 1971 1546 2002 ideo
1562 1974 1636 2002 tunc
1648 1975 1715 2003 erat
1725 1982 1778 2012 op-

1006 2025 1191 2062 portunum.

1049 2080 1078 2106 ὅ.
1091 2076 1138 2106 Ad
1155 2076 1231 2106 illud
1247 2077 1329 2116 quod
1346 2078 1511 2116 quaeritur,
1529 2078 1566 2108 ad
1583 2088 1664 2118 quos
1679 2088 1712 2110 se
1726 2089 1778 2110 ex-

1010 2130 1167 2167 tendebat,
1184 2129 1351 2160 dicendum
1366 2131 1450 2170 quod
1466 2131 1588 2162 ratione
1603 2132 1778 2172 inspiratio-

1008 2184 1057 2213 nis
1079 2185 1202 2213 tantum
1223 2183 1261 2213 ad
1282 2185 1401 2222 patres3
1423 2185 1476 2214 sed
1497 2185 1617 2215 ratione
1636 2184 1776 2216 honestae

1008 2236 1192 2266 imitationis
1211 2238 1241 2266 et
1261 2237 1371 2274 moris,
1389 2237 1567 2268 derivatum
1586 2241 1632 2268 est
1651 2238 1690 2268 ad
1705 2248 1776 2278 pos-

1007 2292 1104 2326 leros⁷
1134 2290 1186 2328 qni
1215 2290 1370 2320 uxoribus
1405 2290 1523 2321 utiliter
1552 2291 1596 2321 uti
1625 2291 1773 2322 sciebant.

1007 2343 1094 2380 Quod
1111 2351 1190 2381 ergo
1205 2343 1363 2382 objicitur,
1379 2344 1460 2383 quod
1478 2344 1610 2383 regibus
1624 2353 1688 2374 non
1708 2347 1775 2375 erat

1007 2395 1203 2435 prohibitum
1220 2404 1259 2426 ne
1281 2395 1431 2427 haberent
1449 2396 1571 2436 plures,
1588 2397 1639 2427 sed
1661 2399 1774 2427 utnon

1005 2449 1156 2479 haberent
1174 2449 1341 2488 plurimas3
1368 2458 1430 2479 non
1450 2450 1566 2480 dicitur
1586 2450 1680 2480 etiam
1699 2449 1773 2479 illud

1005 2502 1199 2541 simpliciter,
1226 2502 1277 2531 sed
1305 2511 1378 2532 cuin
1403 2502 1678 2540 determinatione,
1702 2511 1772 2541 quoe

1004 2555 1151 2587 alliciant
1166 2556 1309 2586 (mimum
1324 2555 1412 2594 ejus.-
1430 2558 1460 2585 et
1475 2555 1550 2585 tales
1564 2558 1650 2585 erant
1667 2555 1772 2584 alieni-

1005 2618 1107 2645 gvna'.
