1991 3006
118 1013 151 1034 Ad
171 1019 220 1039 opp.

237 194 295 223 402

238 259 466 294 Innocentium,
477 257 608 288 Extrav.
617 254 656 287 de
668 255 832 292 Divortic‘s,
845 264 872 284 c.
885 254 1009 291 Quanto

237 316 267 345 te
280 313 428 344 novimas
445 321 455 342 .·
479 322 492 339 α
507 310 746 340 Sacramentum
760 332 767 343 ,
789 308 911 347 inquit,
928 307 1005 346 bap-

238 366 323 397 tismi
335 389 343 403 ,
374 364 459 405 quod
482 363 578 394 semel
608 365 653 393 est
681 361 872 398 adinissum,
901 363 1007 390 ratum

237 419 332 449 efficit
348 417 491 457 conjugii
506 418 749 446 sacramentum.
767 426 780 442 »

278 472 355 502 item
371 470 486 501 mulier
502 479 567 500 non
582 471 683 509 potest
707 467 874 508 prohibere
889 467 1006 504 virum,

237 528 350 557 utnon
371 526 574 554 convertatur
597 523 637 554 ad
661 522 755 552 tidem
774 532 780 551 :
804 529 884 559 ergo
904 520 1008 550 sinon

237 578 305 609 vult
320 578 426 618 sequi,
450 577 502 608 vel
518 577 716 613 cohabitare,
739 584 802 605 non
820 576 920 614 potest
935 583 1009 613 pro-

237 632 341 663 hiberi
365 633 401 662 ut
417 640 480 662 non
499 630 679 666 contrabat,
697 637 770 659 cum
788 628 836 657 vir
852 627 890 658 ad
908 626 1007 657 conti-

237 685 378 716 nentiam
392 693 455 715 non
471 686 627 715 teneatur.

278 739 356 769 Item
377 737 489 769 fortius
506 736 670 767 vinculum
689 734 783 765 solvit
806 733 929 770 minus,
952 732 1008 762 ubi

238 792 345 823 minus
359 792 518 830 repugnat
535 800 541 819 :
566 788 620 818 sed
636 787 755 818 fortiori
779 785 906 816 vinculo
922 787 1009 815 tene-

237 849 292 877 tur
318 845 492 884 baptizatus
518 842 592 879 Deo,
620 850 716 880 qnam
744 839 839 870 uxori
865 838 981 868 infideli
1000 849 1006 868 :

238 907 316 937 ergo
337 897 389 927 ubi
409 895 523 926 mulier
544 903 608 925 non
627 892 794 924 concordat
809 892 837 922 ei
852 916 859 928 ,
876 891 1010 922 solvitur

238 951 403 982 vinculum
415 950 454 980 ab
468 949 548 988 ipsa.

278 1004 410 1036 Contra¹
427 1012 434 1033 z
451 1002 575 1041 Siquis
590 1000 679 1032 habet
693 999 852 1038 infidelem
865 1005 1008 1033 uxorem,

237 1067 301 1091 non
320 1057 467 1089 ἀιήιίειαῑ
490 1064 579 1092 eam,
593 1055 623 1086 si
637 1054 795 1085 consentit
809 1051 988 1083 cohabitare
1000 1060 1009 1078 :

237 1121 315 1151 ergo
328 1109 569 1141 matrimonium
579 1110 625 1138 est
635 1107 738 1138 adhuc
751 1107 831 1136 inter
844 1114 897 1135 eos
910 1115 916 1134 :
932 1112 1010 1142 ergo

238 1175 295 1196 nec
310 1163 475 1196 vinculum
489 1161 635 1198 solvitur,
652 1169 709 1190 nec
724 1158 915 1190 cohabitatio
933 1157 1011 1187 divi-

238 1219 333 1255 ditur,
347 1217 444 1248 altero
458 1224 622 1246 converso.

278 1274 308 1302 ΞΣ.
321 1271 410 1307 Item,
428 1267 670 1299 matrimonium
684 1266 940 1296 consummatum
957 1271 1012 1302 per

239 1325 340 1356 carnis
349 1322 622 1356 commixtionem,
635 1320 742 1358 signat
754 1318 907 1348 unionem
921 1318 1013 1346 natu-

239 1387 345 1409 rarum
362 1378 395 1407 in
410 1376 530 1407 Christo
547 1385 553 1404 z
573 1373 626 1404 sed
642 1372 695 1402 illa
709 1374 756 1402 est
770 1371 901 1401 omnino
926 1370 1012 1400 inso-

238 1432 346 1464 lubilis
366 1441 373 1462 :
391 1439 470 1469 ergo
487 1432 516 1460 et
531 1429 591 1459 tale
608 1427 851 1458 matrimonium
868 1436 874 1455 :
893 1434 971 1463 crgo
988 1425 1013 1454 si

240 1485 405 1517 carnaliter
418 1485 491 1514 sunt
506 1481 681 1518 commixti,
694 1480 755 1511 tale
767 1479 933 1511 vinculum
949 1487 1013 1508 non

240 1541 341 1579 potest
355 1537 446 1568 solvi.

281 1594 310 1623 3.
330 1592 406 1622 Item
432 1589 517 1630 quod
532 1590 653 1619 rectum
669 1589 726 1623 est,
751 1595 806 1625 per
821 1585 893 1615 fidei
909 1593 1012 1614 sacra-

241 1648 385 1677 mentum
402 1653 465 1675 non
478 1643 676 1677 infirmatur;
694 1639 748 1669 sed
759 1640 841 1669 inter
853 1638 933 1669 duos
947 1637 1015 1667 infi-

242 1699 326 1731 deles
349 1699 431 1728 recte
454 1696 651 1726 contractum
676 1695 721 1722 est
746 1692 1011 1722 matrimonium:

243 1762 321 1792 ergo
337 1759 504 1790 nunquam
528 1749 729 1784 infirmatur,
746 1746 771 1776 si
794 1745 962 1785 persistant
983 1744 1017 1774 in

244 1800 426 1837 infidelitate
450 1814 456 1833 :
486 1811 564 1841 ergo
593 1810 649 1831 nec
677 1800 703 1829 si
728 1799 807 1829 alter
839 1797 946 1827 veniat
978 1797 1017 1827 ad

245 1860 351 1890 fidem.

287 1916 316 1943 11.
330 1912 418 1948 Item,
435 1911 460 1940 si
475 1910 553 1940 alter
564 1908 738 1947 conjugum
754 1908 891 1936 transeat
905 1904 943 1935 ad
951 1905 1017 1935 fru-

247 1976 322 2007 gem
342 1963 481 1995 melioris
500 1962 591 1998 vitre,
615 1962 723 1999 utpote
746 1959 785 1989 ad
806 1958 1017 1996 religionem,

247 2029 311 2050 non
327 2017 460 2049 solvitur
477 2013 716 2046 matrimonium
737 2012 992 2042 consummatum
1011 2021 1017 2039 ι

249 2082 328 2111 ergo
342 2080 401 2102 nec
415 2069 440 2100 si
454 2068 568 2099 transit
578 2066 617 2097 ad
631 2065 737 2096 fidem.

526 2185 750 2220 CONCLUSIO.

252 2280 455 2309 Matrimoniiun
470 2276 631 2310 infidelium.
648 2274 732 2300 altero
747 2273 863 2298 veniente
883 2271 919 2297 ml
928 2271 1005 2304 fidem
1015 2290 1021 2301 ,

289 2330 311 2353 et
342 2324 442 2358 infideli
466 2322 568 2348 nolente
595 2318 745 2345 cohabitare
774 2318 832 2343 sinc
864 2315 1024 2342 contiunelia

289 2370 404 2397 nominis
427 2367 540 2398 Christi,
560 2364 600 2390 rel
624 2363 741 2397 impulsa
764 2361 800 2387 aa
820 2360 1022 2394 infidelitatem,

287 2415 371 2450 polest
385 2411 480 2445 frangi
493 2408 580 2443 quoad
594 2407 728 2434 vinculum
739 2405 813 2439 apwl
828 2404 970 2437 infidelem.

295 2502 385 2540 Rcsp.
412 2498 450 2528 ad
473 2505 542 2534 arg.
562 2493 731 2524 Dicendum
753 2491 849 2531 quod,
867 2489 1025 2530 loquendo

255 2557 293 2587 de
313 2553 468 2585 solutione
490 2550 645 2589 quantum
661 2546 701 2575 ad
715 2544 980 2575 cohabitationem
995 2545 1025 2572 et

255 2611 399 2640 mutuam
425 2603 628 2637 servitutem,
654 2600 713 2629 hoc
735 2600 782 2628 est
811 2598 844 2627 in
873 2598 1026 2636 potestate

289 2672 294 2685 ¹
311 2672 316 2695 Ι
335 2670 403 2697 Cor„
419 2673 466 2696 vn,
484 2666 520 2689 12.

796 185 1103 217 SENTENTIARUM
1126 185 1199 216 LIB.
1225 184 1273 215 IV.

1064 252 1180 289 ssdelis;
1198 251 1250 282 sed
1268 251 1424 291 loquendo
1447 251 1486 282 de
1506 251 1662 282 solutione
1675 255 1833 291 quantum

1065 306 1102 336 ad
1128 305 1307 344 ruptionem
1330 304 1470 342 vinculi,
1487 304 1751 344 distinguendum
1775 308 1832 344 est,

1064 359 1216 398 quoniam
1242 358 1378 389 infidelis
1399 360 1454 388 aut
1475 357 1545 388 vult
1567 357 1764 396 cohabitare,
1781 361 1837 389 aut

1065 421 1127 442 non
1159 423 1165 441 z
1199 411 1224 441 si
1252 411 1319 441 vult
1347 410 1542 448 cohabitare,
1569 413 1624 441 aut
1651 419 1724 441 cum
1752 410 1837 441 blas-

1066 465 1194 505 phemia
1215 464 1354 494 nominis
1376 462 1510 501 Christi,
1528 466 1584 494 aut
1598 464 1683 494 sine:
1700 463 1725 493 si
1749 463 1834 501 sine,

1066 520 1121 548 aut
1136 520 1171 548 ut
1188 517 1345 557 pertrabat
1369 516 1408 547 ad
1427 516 1643 547 infidelitatem
1654 540 1662 553 ,
1679 518 1734 547 aut
1750 525 1835 547 non:

1065 571 1091 601 si
1125 570 1193 601 vult
1227 570 1408 601 cohabitare
1444 569 1512 599 sine
1546 569 1744 609 blasphemia
1777 578 1838 600 no-

1066 624 1162 654 minis
1187 623 1322 660 Christi,
1347 625 1377 653 et
1404 622 1447 652 ita
1474 622 1559 662 quod
1584 631 1648 653 non
1677 623 1839 662 pertrahat

1066 677 1105 708 ad
1126 679 1308 716 peccatum,
1335 685 1399 706 non
1420 676 1553 706 solvitur
1577 675 1834 714 matrimonium,

1066 732 1142 771 quia
1159 740 1215 760 nec
1240 730 1430 770 injuriatur,
1448 739 1506 760 nec
1526 730 1598 760 facit
1611 730 1836 761 contumeliam

1066 784 1140 822 Deo,
1158 793 1215 814 nec
1231 783 1448 820 matrimonio,
1466 791 1523 812 nec
1538 783 1662 813 marito.
1680 782 1713 813 Si
1729 785 1836 814 autem

1066 837 1211 874 discedit,
1232 836 1281 866 vel
1306 845 1371 866 non
1390 835 1460 866 vult
1482 835 1661 866 cohabitare
1680 836 1747 867 sine
1761 845 1838 867 con-

1066 890 1198 920 tumelia
1220 889 1391 926 Creatoris,
1416 889 1465 919 vel
1489 888 1557 919 sine
1582 888 1772 928 impulsione
1797 889 1837 920 ad

1066 943 1282 974 infidelitatem
1295 967 1302 980 ,
1326 943 1357 972 in
1370 942 1421 972 his
1440 942 1542 971 tribus
1561 942 1685 972 casibus
1700 944 1801 982 potest
1819 951 1838 973 a

1066 998 1150 1027 fideli
1159 997 1285 1032 dimitti,
1297 999 1327 1027 et
1340 998 1467 1035 propter
1481 996 1519 1034 (a)
1529 995 1748 1026 contumeliam
1758 1020 1766 1034 ,
1778 996 1839 1027 fac-

1066 1054 1132 1081 tam
1144 1049 1348 1080 matrimonio
1358 1051 1389 1079 et
1399 1049 1548 1086 Creatori,
1561 1049 1726 1080 vinculum
1737 1051 1839 1089 potest

1067 1104 1185 1142 frangi,
1196 1106 1226 1134 et
1238 1105 1338 1142 potest
1349 1111 1423 1133 cum
1432 1102 1696 1140 aliacontrahere,
1709 1104 1745 1133 ut
1764 1102 1839 1133 dicit

1068 1157 1265 1194 Ambrosius,
1274 1159 1304 1186 et
1314 1156 1523 1193 innocentius,
1541 1155 1672 1186 Extrav.
1682 1155 1720 1187 cle
1730 1156 1839 1188 Diver-

1068 1211 1141 1249 tit‘s,
1168 1220 1194 1240 c.
1222 1210 1343 1244 Qacmco
1364 1212 1392 1240 ce
1418 1209 1577 1245 novimus,
1596 1211 1626 1238 et
1650 1207 1837 1240 Gaudemus.

1069 1264 1210 1296 Concedo
1223 1264 1325 1302 igitur
1340 1262 1425 1302 quod
1439 1262 1629 1292 solutionem
1646 1261 1840 1292 matrimonii

1069 1317 1220 1348 contracti
1235 1317 1268 1346 in
1282 1315 1464 1345 infidelitate
1476 1315 1535 1345 tria
1549 1314 1667 1345 faciunt
1680 1326 1687 1346 :
1701 1315 1840 1355 primum

1069 1374 1115 1402 est
1133 1371 1230 1410 ipsius
1252 1368 1468 1405 imbecillita53
1485 1368 1661 1398 secundum
1677 1370 1724 1398 est
1737 1368 1842 1399 cultus

1069 1425 1259 1464 disparitas3
1291 1422 1441 1458 tertium,
1473 1421 1625 1451 Creatoris
1653 1420 1703 1451 vel
1730 1421 1840 1451 matri-

1070 1477 1168 1509 monii
1196 1475 1323 1516 inJuria.
1351 1475 1494 1505 Primum
1520 1474 1621 1504 reddit
1636 1473 1782 1513 possibile
1802 1474 1839 1504 ad

1070 1530 1279 1565 solutionem,
1302 1527 1476 1558 secundum
1495 1527 1647 1567 disponit,
1666 1528 1697 1557 et
1712 1527 1842 1557 tertium

1070 1582 1222 1613 dissolvit.
1243 1581 1435 1612 Matrimonii
1450 1580 1646 1611 imbecillitas
1660 1583 1707 1610 est
1722 1580 1844 1610 ratione

1072 1636 1261 1675 signationis
1284 1634 1496 1674 imperfectae,
1523 1642 1620 1673 quam
1643 1633 1738 1663 habet
1759 1632 1844 1672 apud

1072 1689 1230 1724 infideles,
1249 1691 1279 1718 et
1292 1687 1412 1718 ratione
1428 1687 1565 1717 defectus
1580 1686 1739 1726 baptismi.
1756 1685 1844 1716 Unde

1072 1744 1187 1773 dicitur
1204 1741 1287 1782 quod
1314 1741 1390 1771 illud
1415 1739 1653 1770 matrimonium
1671 1741 1718 1770 est
1737 1739 1843 1778 legiti-

1073 1806 1180 1833 mum,
1198 1795 1251 1826 sed
1268 1803 1330 1825 non
1346 1796 1468 1830 ratuni,
1489 1792 1580 1832 quia,
1600 1794 1636 1822 ut
1657 1791 1731 1822 dicit
1746 1791 1846 1822 Inno-

1073 1850 1212 1887 centius,
1244 1860 1258 1877 «
1280 1847 1524 1879 Sacramentum
1539 1845 1627 1882 fidei,
1652 1844 1683 1875 id
1702 1847 1750 1875 est
1766 1845 1845 1884 hap-

1075 1903 1176 1939 tismi‚
1205 1901 1290 1941 quod
1319 1900 1416 1931 semel
1444 1899 1621 1930 admissum
1651 1900 1709 1935 est,
1740 1901 1845 1929 ratum

1075 1957 1169 1987 efficit
1192 1956 1427 1986 sacramentum
1457 1952 1620 1992 conjugii:
1646 1963 1660 1981 »
1690 1961 1730 1982 ex
1758 1954 1846 1992 parte

1075 2010 1190 2040 scilicet
1205 2007 1403 2047 suscipientis
1415 2008 1461 2036 est
1470 2005 1714 2044 intelligendum
1726 2007 1772 2036 :et
1785 2005 1846 2036 hoc

1075 2065 1133 2099 est,
1148 2061 1223 2100 quia
1238 2060 1379 2090 infideles
1389 2068 1453 2089 non
1467 2058 1501 2097 (b)
1514 2058 1696 2097 possuntita
1708 2058 1804 2096 ligari
1812 2058 1846 2088 in

1076 2115 1273 2146 individuam
1291 2113 1364 2143 vitre
1379 2111 1640 2143 consuetudinem
1652 2135 1660 2148 ,
1677 2111 1754 2151 quin
1769 2111 1848 2141 aiter

1077 2168 1175 2208 possit
1190 2166 1324 2197 transire
1337 2165 1374 2195 ad
1392 2165 1486 2195 tidem
1497 2175 1503 2194 ;
1516 2166 1547 2194 et
1560 2164 1588 2194 si
1603 2172 1667 2194 non
1682 2163 1751 2194 vult
1764 2172 1849 2195 com-

1078 2221 1213 2258 mutari,
1245 2221 1347 2259 potest
1377 2217 1559 2257 simpliciter
1587 2217 1744 2256 separari,
1775 2225 1848 2247 cum

1079 2275 1213 2314 perfecta
1240 2273 1319 2302 fides
1344 2271 1493 2302 adveniat
1520 2270 1719 2310 suscipiendo
1745 2278 1849 2300 sacra—

1079 2329 1221 2358 mentum
1238 2326 1322 2356 fidei.
1346 2325 1453 2355 Cultus
1473 2324 1637 2364 disparitas
1654 2326 1701 2353 est
1714 2323 1851 2353 secunda

1080 2381 1159 2411 ratio
1170 2404 1179 2417 ‚
1196 2380 1273 2419 quia
1288 2381 1363 2409 tunc
1384 2377 1512 2408 advenit
1525 2377 1614 2407 alteri
1630 2385 1772 2416 personae
1785 2376 1848 2406 for-

1080 2435 1142 2465 tius
1159 2433 1332 2464 vinculum.
1356 2431 1475 2471 lnjuria
1499 2430 1693 2461 matrimonii
1709 2430 1777 2460 sive
1795 2429 1850 2460 Dei

1079 2491 1136 2526 est,
1153 2497 1226 2518 cum
1243 2496 1308 2517 non
1328 2485 1397 2516 vult
1419 2484 1598 2515 cohabitare
1609 2507 1619 2522 ,
1634 2485 1690 2514 aut
1705 2491 1769 2513 non
1783 2483 1851 2512 sine

1081 2540 1272 2572 contumelia
1283 2538 1437 2569 Creatoris
1449 2548 1455 2567 ε
1471 2539 1502 2567 et
1514 2539 1589 2567 tunc
1599 2536 1763 2567 vinculum
1774 2535 1850 2565 illud

1081 2594 1214 2626 solvitur
1223 2617 1232 2631 ‚
1248 2593 1323 2632 quia
1336 2592 1497 2631 repugnat
1510 2589 1656 2627 vinculo,
1672 2597 1735 2629 quo
1748 2587 1851 2619 fidelis

1114 2657 1148 2688 (a)
1165 2656 1224 2680 Coei.
1240 2655 1299 2680 edit.
1312 2661 1366 2685 per.
1377 2667 1408 2671 —
1419 2654 1450 2684 (b)
1462 2652 1527 2676 deese
1541 2658 1601 2676 non.

1869 1477 1952 1504 iixplic.
