1991 3006
196 165 254 195 220
747 160 1054 192 SENTENTIARUM
1077 161 1150 192 LIB.
1175 161 1222 192 IV.

87 238 164 295 ¹3¹:st
196 230 286 263 solus
299 229 479 263 secundum
495 229 582 271 leges
598 240 711 262 eorum
732 240 908 261 consensus
922 255 929 269 ‚
946 229 985 261 de
999 240 1139 274 quorum
1159 229 1446 273 conjunctionibus
1460 235 1576 273 agatur
1595 244 1601 264 ε
1618 233 1676 277 qui
1692 233 1781 266 solus

120 276 132 289 0
149 277 168 288 ι]-

77 300 181 325 tanqum
197 288 222 320 si
238 288 319 320 forte
334 288 366 319 in
383 287 507 330 nuptiis
520 286 672 326 defuerit,
689 291 804 319 caetera
819 287 914 318 ctiam
929 298 1003 319 cum
1019 287 1086 331 ipso
1102 287 1187 319 coitu
1203 287 1361 319 celebrata
1378 288 1588 322 frustrantur.
1606 303 1622 320 »
1641 290 1782 324 ,Ioannes

84 331 171 382 εἶῖιεῖἶ.
196 345 445 388 Chrysostomus
462 344 470 360 ¹
489 356 495 376 ε
518 357 533 374 11
557 344 803 376 Matrimonium
828 344 960 388 quidem
985 356 1050 376 non
1073 344 1148 376 facit
1170 345 1273 376 coitus
1289 371 1296 385 ,
1317 346 1371 377 scil
1389 346 1540 379 voluntas
1557 359 1564 378 :
1583 352 1614 379 et
1628 347 1700 380 ideo
1716 359 1782 381 non

77 393 181 444 ,ἶζξηῖξῇζῖ
196 403 292 435 solvit
314 401 397 434 illud
420 401 578 445 separatio
602 402 755 445 corporis.
777 415 791 432 >³
812 402 891 433 Item
906 402 1120 434 Ambrosius*
1147 414 1154 433 ε
1174 414 1190 432 11
1205 401 1276 434 Non
1304 402 1471 435 defloratio
1496 404 1692 445 virginitatis
1708 405 1784 438 facit

77 455 134 475 ”³⁰⁰¹
196 460 405 503 conjugium,
424 459 476 491 sed
494 459 599 503 pactio
616 459 807 503 conjugalis.
826 472 841 488 »
861 459 908 491 Ex
925 458 974 491 his
988 463 1119 503 apparet
1136 459 1223 502 quod
1240 470 1415 492 consensus
1429 487 1436 501 ‚
1454 461 1485 493 ’111
1502 466 1548 493 est
1562 488 1569 500 ,
1589 462 1692 505 pactio
1707 474 1783 495 con-

192 517 332 561 jugalis,
357 517 604 549 matrimonium
631 517 746 557 100101,
773 521 802 548 01
827 528 867 548 ex
893 520 970 548 tunc
993 516 1185 560 conjugium
1207 521 1272 556 est,
1296 517 1420 550 etiamsi
1440 530 1504 551 non
1532 519 1713 563 praecessit,
1731 520 1783 552 vel

195 580 304 608 secuta
319 579 365 607 est
380 574 501 619 copula
514 574 663 606 carnalis.

83 640 170 674 Quando
240 632 334 672 Quod
349 633 438 664 enim
453 634 463 649 ³
477 632 517 664 ab
534 632 602 675 ipsa
624 631 870 674 tle⁴p0nsati0ne
884 657 892 670 ,
910 631 942 663 in
965 643 1031 675 qua
1057 632 1161 675 pactio
1183 633 1365 675 conjugalis
1389 634 1585 677 exprimitur
1598 660 1605 674 ,
1631 635 1785 678 conjuges

76 674 180 736 effigi
195 690 280 731 sint,
301 694 489 723 sanctorum
515 689 697 721 testimonia
723 689 872 732 probant.
901 689 956 721 Ait
980 690 1067 721 enim
1089 690 1327 722 Ambrosius‘:
1350 704 1364 720 «
1391 691 1474 723 Cum
1500 691 1651 724 initiatur
1672 692 1786 736 conju-

73 739 164 758 ‘W'um'
195 747 298 790 gium,
326 747 471 791 conjugii
498 758 617 779 nomen
640 746 825 786 asciscitur;
842 757 917 778 011111
933 746 1145 790 conjungitur
1161 747 1244 788 viro,
1268 748 1459 791 conjugium
1475 753 1534 788 est,
1553 760 1616 780 non
1632 760 1706 781 cum
1723 750 1785 782 viri

194 804 393 838 admixtione
421 804 637 847 cognoscitur.
667 816 682 834 »
710 804 789 835 Item
812 804 956 836 Isidorus
975 803 985 819 ⁵
1005 816 1011 836 ε
1041 817 1056 833 (1
1080 804 1242 847 Conjuges
1269 805 1379 836 verius
1404 805 1612 849 appellantur
1635 818 1654 838 a
1678 807 1786 850 prima

195 862 450 906 desponsationis
465 862 529 895 fide
543 888 550 902 ,
568 861 719 905 quamvis
739 861 846 893 adhuc
867 862 951 893 inter
974 872 1027 893 eos
1050 861 1219 903 ignoretur
1242 861 1424 905 conjugalis
1444 862 1648 895 concubitus.
1668 876 1684 893 »
1702 863 1783 896 Item

195 920 402 962 Augustinus
417 920 447 951 ⁵:
469 932 484 949 «
499 919 627 963 Conjux
649 923 784 951 vocatur
805 930 843 951 ex
871 918 976 962 prima
1000 918 1260 962 desponsationis
1285 918 1367 959 fide,
1392 931 1492 962 quam
1517 921 1693 953 concubitu
1717 933 1784 954 non

195 981 391 1019 cognoverat
406 1003 414 1018 ‚
432 988 490 1009 nec
505 977 610 1009 fuerat
628 977 812 1019 agniturus.
830 976 895 1008 Nec
911 976 1067 1020 pejerarat
1080 1002 1088 1016 ‚
1106 987 1163 1008 nec
1180 977 1319 1008 mendax
1341 983 1502 1009 manserat
1518 977 1663 1021 conjugii
1675 979 1785 1023 appel·

194 1035 273 1067 latio
287 1061 295 1073 ‚
313 1035 370 1067 uhi
392 1046 456 1067 non
474 1035 579 1067 fuerat
594 1061 601 1075 ‚
620 1046 678 1066 nee
700 1035 811 1066 sutura
835 1038 903 1065 erat
925 1033 1031 1065 caruis
1047 1033 1115 1065 ulla
1130 1034 1330 1066 commixtio.
1349 1034 1486 1078 Propter
1500 1035 1586 1078 quod
1605 1035 1699 1068 fidele
1711 1047 1788 1068 0011-

191 1093 323 1137 jugium
342 1093 438 1125 ambo
453 1097 602 1136 parentes
616 1091 736 1124 Christi
754 1092 861 1123 vocari
881 1095 1075 1123 meruerunt
1089 1117 1097 1131 ‚
1114 1102 1179 1123 non
1196 1091 1302 1123 solum
1322 1092 1378 1124 illa
1394 1097 1496 1124 mater
1510 1092 1532 1132 ⁷,
1549 1092 1602 1125 sed
1619 1093 1716 1125 etiam
1731 1093 1787 1127 ille

194 1154 286 1195 pater
301 1151 310 1166 ⁸
326 1150 415 1194 ejus,
433 1151 515 1182 sicut
530 1150 600 1193 conj
608 1161 651 1182 ux
667 1149 779 1181 matris
794 1149 819 1192 ej
828 1161 883 1189 us3
903 1153 1081 1192 utrumque
1097 1152 1203 1180 mente
1217 1176 1224 1188 ‚
1244 1160 1308 1181 non
1324 1160 1431 1181 carne.
1450 1164 1464 1180 »
1484 1149 1532 1182 Ex
1549 1150 1598 1181 his
1615 1150 1785 1183 evidenter

196 1208 402 1249 insinuatur,
425 1208 513 1252 quod
535 1219 575 1240 ex
599 1212 740 1251 tempore
766 1219 831 1250 quo
854 1207 1024 1238 intercedit
1051 1218 1226 1238 consensus
1248 1207 1453 1240 voluntarius
1475 1219 1511 1240 ac
1534 1208 1691 1241 maritalis
1711 1209 1786 1253 (qui

197 1265 285 1298 solus
299 1266 489 1310 conjugium
505 1265 604 1308 facit),
623 1265 691 1297 veri
708 1265 865 1308 conjuges
881 1268 956 1296 sunt
973 1275 1110 1308 sponsus
1123 1268 1154 1296 et
1168 1276 1297 1308 sponsa.

84 1334 165 1355 Secun-
243 1322 384 1362 Quidam
400 1328 508 1356 tamen
524 1327 676 1355 asserunt
693 1333 808 1355 verum
825 1321 1016 1365 conjugium
1041 1333 1106 1353 non
1134 1322 1282 1354 contrahi
1305 1326 1378 1354 ante
1403 1322 1610 1356 traditionem
1626 1328 1657 1356 et
1677 1335 1789 1357 carna-

73 1365 175 1422 qugffim
200 1381 264 1413 lem
278 1381 442 1425 copulam,
460 1392 518 1414 nec
534 1392 609 1413 vore
625 1380 781 1424 conjuges
796 1380 942 1423 aliquos,
963 1384 1138 1422 antequam
1165 1379 1342 1412 intercedat
1363 1380 1552 1413 commixtio
1575 1392 1685 1422 sexus;
1702 1381 1756 1415 sed
1771 1393 1791 1415 a

76 1431 184 1485 ‘'gnis-⁵¹
201 1438 304 1482 prima
319 1439 383 1472 fide
407 1439 665 1483 desponsationis
690 1438 740 1470 vir
764 1448 921 1481 sponsus,
940 1441 970 1469 et
986 1437 1105 1469 mulier
1120 1448 1237 1479 sponsa
1252 1441 1317 1474 est,
1337 1448 1402 1469 non
1422 1438 1553 1481 conjux.
1575 1438 1718 1482 Sponsus
1731 1451 1791 1472 au-

76 1497 133 1516 gium
145 1497 186 1512 an-

77 1526 182 1546 tecam.
199 1499 263 1528 tem
279 1502 310 1529 et
324 1508 457 1540 sponsas
471 1497 626 1540 conjuges
647 1496 834 1539 frequenter
854 1494 1012 1538 appellari
1033 1494 1168 1535 dicunt,
1196 1505 1262 1526 non
1290 1494 1368 1538 quia
1391 1495 1477 1535 sint,
1503 1496 1558 1528 sed
1582 1496 1660 1540 quia
1686 1497 1789 1530 futuri

77 1554 184 1611 'Effianss'ffi
196 1558 274 1586 sunt
287 1580 295 1595 ‚
313 1555 408 1598 cujus
423 1555 469 1587 rei
489 1554 729 1598 responsionem
752 1552 891 1584 invicem
914 1552 1070 1584 fecerunt.
1093 1551 1134 1584 Et
1152 1551 1332 1584 seeundum
1356 1551 1413 1584 hoc
1430 1553 1529 1585 verba
1546 1554 1788 1597 praemissarum

76 1617 182 1652 ‘ed-spon·
196 1611 427 1644 auctoritatum
443 1611 656 1654 intelligenda
672 1611 739 1643 fore
757 1610 900 1642 tradunt.

84 1652 167 1705 sp⁵0¹ues¹a2
241 1668 334 1708 Quod
351 1680 428 1701 vero
443 1669 528 1701 inter
542 1680 693 1713 sponsam
713 1672 743 1699 et
762 1667 934 1710 conjugem
958 1666 1138 1709 plurimum
1158 1666 1285 1698 intersit
1299 1692 1306 1707 ‚
1323 1678 1362 1698 ex
1378 1678 1414 1699 eo
1437 1672 1606 1709 astruunt,
1622 1670 1700 1713 quia
1714 1669 1790 1703 licet

76 1716 320 1774 05:¹³'m-sponsae
343 1731 418 1759 ante
439 1727 603 1760 carnalem
628 1726 777 1769 copulam
804 1724 986 1757 inconsulto
1009 1724 1060 1755 vel
1085 1724 1215 1756 nolente
1239 1735 1356 1767 sponso
1383 1726 1616 1758 monasterium
1643 1727 1786 1770 eligere3

76 1782 182 1836 :ssl’lflfffffl
196 1795 262 1828 quo
277 1784 360 1816 facto
374 1795 493 1828 sponso
509 1785 606 1816 etiam
624 1783 698 1815 licet
711 1783 810 1815 aliam
833 1782 961 1814 ducere.
979 1781 1182 1824 conjugatus
1197 1792 1274 1813 vero
1291 1781 1341 1813 vel
1356 1782 1529 1826 conjugata
1546 1794 1604 1816 nec
1620 1785 1789 1818 continen-

197 1841 274 1874 tiam
293 1842 374 1884 (nisi
390 1854 432 1874 ex
446 1841 614 1875 communi
630 1841 807 1883 consensu)
826 1850 954 1872 servare
972 1838 1077 1880 valet,
1095 1849 1153 1870 nec
1169 1839 1403 1871 monasterium
1423 1845 1532 1883 petere
1545 1867 1553 1881 ,
1572 1841 1635 1873 nisi
1651 1846 1790 1885 uterque

194 1899 431 1932 continentiam
449 1900 568 1943 pariter
586 1899 788 1943 profiteatur.
811 1896 905 1936 Quod
921 1907 997 1928 vero
1013 1896 1110 1928 liceat
1124 1907 1249 1939 sponsa}
1271 1897 1504 1929 monasterium
1527 1898 1645 1941 eligere
1656 1925 1663 1939 ‚
1679 1903 1790 1932 aucto-

194 1957 347 1990 ritatibus
362 1962 549 1990 sanctorum
567 1957 735 2002 probatur.
755 1956 809 1989 Ait
829 1955 915 1987 enin]
932 1953 1092 1986 Eusebius
1114 1953 1202 1997 Papa
1217 1956 1247 1985 ⁹:
1270 1966 1286 1984 1(
1304 1953 1535 1997 Desponsatam
1559 1956 1704 1999 puellam
1724 1967 1791 1989 non

194 2015 269 2046 licet
294 2015 484 2058 parentibus
504 2015 561 2047 alii
577 2015 647 2046 viro
668 2013 812 2053 tradere3
830 2017 937 2044 tamen
960 2011 1031 2043 licet
1053 2010 1114 2042 sibi
1130 2011 1365 2043 monasterium
1389 2012 1520 2054 eligere.
1538 2026 1554 2043 »
1573 2013 1653 2045 Item
1668 2013 1790 2057 Grego-

195 2072 264 2104 rius
280 2073 300 2089 ¹⁰
319 2084 325 2104 :
345 2085 362 2102 «
383 2072 518 2105 Decreta
536 2072 659 2115 legalia
682 2072 908 2114 desponsatam
934 2068 978 2111 (si
999 2067 1145 2100 converti
1168 2067 1327 2110 voluerit)
1353 2069 1447 2101 nullo
1470 2070 1600 2113 penitus
1615 2081 1791 2104 consueve-

195 2134 274 2162 runt
292 2130 412 2162 damno
428 2130 600 2162 mulctare.
617 2143 632 2160 »
650 2128 760 2161 Refert
782 2127 882 2160 etiam
900 2126 1120 2165 Hieronymus
1133 2151 1141 2165 ‚
1157 2125 1245 2168 quod
1269 2125 1454 2158 Macharius
1478 2127 1564 2159 inter
1578 2127 1698 2160 Christi
1720 2139 1789 2161 ere-

197 2188 292 2220 mitas
307 2187 499 2231 praecipuos‚
517 2187 680 2220 celebrato
696 2185 838 2229 nuptiali
852 2183 1016 2224 convivio,
1033 2194 1109 2215 cum
1124 2193 1256 2226 vespere
1267 2182 1450 2215 thalamum
1468 2189 1549 2216 esset
1564 2185 1783 2228 ingressurus,

197 2256 237 2277 ex
252 2245 333 2277 urbe
353 2245 524 2288 egrediens
546 2245 767 2277 transmarina
785 2243 897 2287 petiit,
919 2245 949 2273 et
971 2241 1071 2273 eremi
1097 2239 1309 2272 solitudinem
1332 2240 1394 2272 sibi
1418 2241 1526 2284 elegit.
1551 2242 1670 2274 Beatus
1691 2242 1789 2275 etiam

196 2302 333 2335 Alexius
347 2303 497 2335 similiter
512 2314 551 2335 ex
573 2302 697 2347 nuptiis
711 2301 825 2333 divina
848 2299 954 2343 gratia
971 2302 1116 2338 vocatus,
1141 2308 1292 2340 sponsam
1308 2297 1451 2330 deseruit
1464 2325 1472 2339 ‚
1489 2303 1520 2331 et
1535 2298 1645 2331 nudus
1659 2299 1787 2332 Christo

195 2359 349 2392 famulari
376 2361 482 2404 coepit.
512 2360 573 2392 His
600 2359 850 2393 auctoritatibus
877 2362 908 2390 et
939 2355 1097 2398 exemplis
1126 2354 1230 2398 liquet
1256 2355 1352 2387 licere
1381 2356 1506 2399 sponsis
1533 2356 1604 2389 sine
1627 2367 1788 2389 consensu

195 2428 330 2450 suarum
353 2428 547 2461 sponsarum
561 2443 569 2459 ,
592 2423 623 2451 et
639 2429 655 2450 e
678 2427 847 2458 converso,
875 2412 1109 2447 continentiam
1132 2411 1290 2456 profiteri.

230 2525 234 2536 ¹
249 2523 390 2554 Chrysost.,
407 2524 454 2554 Op.
471 2525 569 2554 imperf.
584 2526 608 2547 in
624 2524 724 2551 Martii„
741 2523 811 2547 hom.
827 2527 941 2546 1111111.-
957 2521 965 2534 ²
980 2519 1109 2547 Ambros„
1123 2518 1153 2541 de
1173 2518 1251 2548 Vir-fs„
1269 2527 1291 2542 c.
1313 2525 1326 2540 v
1342 2521 1365 2543 et
1381 2525 1415 2543 w.
1431 2533 1453 2536 ’-
1469 2520 1479 2535 ³
1492 2520 1623 2543 Habentur
1638 2519 1702 2548 haec,
1719 2525 1788 2543 caus.

196 2563 279 2588 nvn,
291 2559 317 2582 in
330 2559 409 2590 princ.
419 2572 451 2577 -
462 2559 472 2574 ὅ
487 2559 584 2589 Αωὺ1.,
594 2559 623 2582 (le
641 2559 721 2590 t'z'rq„
732 2565 755 2582 c.
769 2564 781 2580 v
795 2559 820 2580 et
832 2563 868 2581 v1.
879 2570 905 2574 —
915 2558 923 2570 ὁ
938 2556 1004 2585 tsid.,
1025 2552 1136 2584 Etymol.
1151 2552 1193 2576 lib.
1210 2554 1251 2580 tx.
1263 2560 1286 2577 0.
1299 2559 1353 2577 vui.
1365 2566 1394 2571 —
1404 2554 1413 2567 ⁴³
1425 2554 1539 2584 Aug..1ie
1551 2554 1616 2585 λύμ.
1631 2556 1655 2578 et
1671 2554 1789 2584 Concup„

197 2598 256 2616 can.
273 2606 302 2610 ——
320 2594 330 2610 ⁷
345 2594 449 2623 Matth„
468 2599 513 2624 xu,
537 2596 575 2618 46.
593 2607 623 2611 —
641 2594 650 2607 ⁵
669 2594 735 2619 Luc..
752 2598 779 2623 11,
796 2593 834 2615 33.
856 2604 885 2608 —
906 2593 914 2604 ³*
935 2590 1047 2614 liabetur
1061 2588 1118 2611 dist.
1133 2592 1216 2617 xxvu,
1235 2595 1259 2617 q.
1277 2594 1305 2618 u,
1321 2595 1342 2612 c.
1364 2589 1478 2619 Despons.
1493 2602 1521 2606 —
1543 2590 1562 2604 ¹⁹
1581 2590 1668 2620 Greg„
1685 2589 1728 2613 lib.
1744 2588 1788 2618 Vt,

197 2627 268 2658 epist.
285 2634 328 2658 xx,
340 2630 365 2652 et
378 2629 496 2660 habetur,
512 2628 569 2653 dist..
585 2634 666 2657 xxvu,
682 2635 707 2659 q.
719 2627 773 2659 lug
790 2630 810 2656 t,
828 2633 851 2650 c.
868 2626 981 2650 Decreta.
