1991 3006
29 973 62 994 Ad
81 979 131 999 opp.

534 200 628 232 DIST.
652 201 758 231 XVIII.
782 200 897 231 PART.
922 201 942 230 l.
968 201 1057 231 ART.
1083 202 1104 231 I.
1130 202 1278 238 QUJEST.
1301 203 1324 233 I.
1702 207 1718 233 7

138 268 215 297 siam
224 278 230 304 3
248 269 278 297 et
293 268 351 297 hoc
366 267 582 306 significatum
596 268 657 303 est,
673 268 727 297 ubi
742 267 872 297 dicitur¹
892 275 898 296 :

138 320 209 350 Non
226 322 271 350 est
285 319 334 350 hic
349 318 456 356 aliud,
473 319 540 350 nisi
553 318 664 350 domus
686 319 746 349 Dei
770 322 798 350 et
810 321 902 357 porca

139 372 216 403 coeli.
235 371 293 402 Sed
308 373 452 401 constans
467 373 512 401 est
527 371 611 410 quod
626 371 662 401 ad
680 373 802 401 rectum
817 371 900 401 ordi-

140 434 214 455 nem
236 424 371 464 oportuit
387 424 532 463 praelatos
547 423 579 453 in
603 423 738 454 Ecclesia
756 423 876 453 institui
894 434 899 452 :

140 479 192 509 sed
203 478 311 508 nullus
320 478 511 507 sufficienter
523 479 621 516 portae
638 478 760 516 praeest,
775 477 833 506 11151
849 476 905 514 qui

141 531 235 561 habet
249 530 369 560 clavem
379 530 476 569 ipsius
490 541 496 560 z
509 539 588 569 ergo
601 530 736 568 videtur,
746 529 832 569 quod
843 530 905 559 Do-

142 583 248 613 minus
262 582 365 613 claves
379 582 526 621 apostolis
541 583 739 613 concesserit.

182 635 261 666 Item
283 635 369 665 decet.
389 644 500 673 regem
521 637 703 672 terrenum,
727 637 761 664 ut
785 634 907 665 clavem

143 686 226 724 ostii,
242 686 308 716 sive
323 687 422 724 portae
432 709 440 723 ,
458 685 523 715 suis
536 685 635 715 servis
650 686 836 721 commutat,
853 686 907 724 qui

144 739 323 769 ministrant
345 737 378 767 in
393 738 461 776 ejus
479 737 584 767 curia:
604 736 656 766 sed
679 746 743 766 11011
765 739 812 767 051
829 736 910 766 libe-

144 793 239 823 ralior
254 801 309 822 rex
324 794 479 827 terrenus
497 800 592 830 quam
607 800 663 821 rex
678 793 827 828 aeternus,
847 791 911 821 imo

145 844 244 875 multo
260 844 385 874 minus:
403 853 482 882 ergo
503 844 629 874 videtur
648 844 732 883 quod
752 844 912 883 aliquibus

145 897 255 933 servis,
272 897 337 928 sive
353 897 547 934 hominibus,
565 897 668 927 claves
682 896 850 926 commisit.

187 950 234 980 Ad
249 949 428 989 oppositum
447 949 490 978 ita
505 949 656 987 arguitur
673 959 678 977 :
705 952 733 978 11.
750 949 842 979 Nulla
857 958 913 979 ne-

148 1003 274 1033 cessitas
291 1004 337 1032 est
357 1001 493 1031 clavium
504 1025 512 1039 ,
529 1001 583 1031 ubi
599 1002 715 1031 ostium
732 1011 855 1041 semper
869 1004 915 1031 est

150 1057 260 1095 patens
274 1057 304 1085 et
314 1056 459 1094 apertum
474 1065 480 1083 :
496 1054 550 1084 sed
564 1054 681 1084 ostium
693 1053 762 1084 coeli
775 1057 805 1084 et
816 1054 916 1085 Eccle-

150 1108 205 1138 siae
220 1116 343 1146 semper
362 1109 408 1137 est
429 1109 574 1145 apertum
592 1116 598 1136 :
617 1116 712 1145 ergo,
735 1109 792 1136 etc.
816 1107 918 1137 Minor

150 1161 301 1200 probatur
315 1160 361 1190 sic
381 1171 386 1190 :
405 1160 528 1190 Ostium
544 1160 679 1199 paradisi
699 1160 841 1190 Christus
859 1160 919 1190 Do-

151 1213 256 1243 minus
271 1215 327 1249 est,
345 1213 398 1252 qui
415 1213 507 1243 dicit²
520 1223 526 1242 ι
540 1213 604 1252 Ε90
620 1221 690 1244 sum
707 1214 824 1244 ostium
841 1224 846 1242 z
864 1214 918 1244 sed

151 1265 229 1296 illud
244 1274 367 1305 semper
388 1267 431 1296 est
450 1268 595 1304 apertum
607 1289 615 1302 ‚
632 1266 708 1304 quia
723 1266 795 1295 dicit
812 1266 916 1304 ipse2:

152 1319 244 1356 Eum,
260 1318 317 1358 qui
329 1319 417 1349 venit
433 1318 475 1349 ad
493 1326 540 1348 me
553 1342 560 1354 ‚
577 1326 641 1349 non
661 1318 790 1356 ejiciam
811 1319 897 1357 foras
908 1328 920 1357 ;

153 1374 162 1390 ⁸
178 1371 274 1409 Vidi,
290 1374 319 1403 et
335 1379 400 1402 ecce
416 1371 451 1402 in
468 1371 541 1402 coelo
557 1371 654 1402 sciam
674 1374 819 1409 apertum
837 1382 847 1400 .·
861 1371 918 1401 Er-

1225 327 1450 360 CONCLUSIO.

961 416 1051 442 Claris
1064 408 1208 442 mz'n’z'scerl'c'
1223 416 1288 442 (lata
1302 419 1339 443 est
1353 418 1476 444 Ecclesioe
1486 438 1492 450 ,
1510 426 1563 452 qua
1577 420 1724 444 removetur

997 459 1110 485 debitum
1130 461 1234 493 peccati
1254 459 1373 491 (ἰίηιίεεί,
1398 463 1462 494 quia
1483 462 1601 488 Ecclesia
1621 469 1726 495 paenam

994 506 1078 537 potest
1093 507 1203 535 famarm
1218 512 1274 537 quse
1286 505 1368 531 claris
1380 505 1513 532 descendit
1526 514 1542 532 a
1554 506 1626 532 clave
1640 507 1728 531 aucto-

996 549 1086 574 ritatis
1094 568 1102 581 ‚
1118 548 1252 574 mediante
1264 549 1335 574 clavi
1350 549 1507 575 excellentias
1522 549 1571 584 (a).

1005 635 1094 674 Resp.
1111 635 1150 665 ad
1165 644 1234 673 arg.
1251 635 1423 666 Dicendum
1437 636 1519 675 quod
1535 646 1650 666 nomen
1661 636 1730 667 cla-

964 689 1013 719 vis
1042 688 1230 718 translatum
1257 690 1303 717 est
1328 688 1367 718 ad
1390 688 1565 727 spirituaIIa
1588 689 1627 719 ab
1655 688 1732 728 ipsis

965 740 1179 780 corporalibus
1203 751 1208 770 ι
1240 741 1273 770 iu
1298 741 1348 770 his
1384 742 1491 771 autem
1519 741 1734 779 corporalibus

966 794 1063 823 clavis
1087 796 1132 823 est
1160 794 1408 823 instrumentum
1437 794 1475 823 ad
1503 794 1734 824 removendum

967 846 1095 885 aliquod
1108 845 1316 876 obstaculum.
1333 845 1488 882 Quoniam
1505 846 1604 885 igitur
1622 846 1654 875 in
1668 846 1736 885 spi-

968 899 1134 928 ritualibus
1156 898 1336 928 invenimus
1352 897 1550 927 obstaculum
1570 897 1609 927 ad
1626 897 1736 936 ingre-

969 951 1121 981 diendum
1146 951 1179 980 iu
1205 960 1346 989 regnum
1371 950 1514 987 coeleste,
1540 958 1666 980 necesse
1692 951 1739 979 est

970 1004 1047 1034 illud
1069 1013 1253 1035 removere:
1277 1004 1347 1034 ideo
1366 1004 1405 1034 ad
1427 1003 1601 1043 spiritualia
1624 1012 1740 1033 nomen

971 1057 1071 1088 clavis
1092 1057 1331 1095 transferimus,
1349 1059 1496 1088 vocantes
1519 1057 1634 1088 clcwcm
1656 1056 1741 1085 illam

972 1110 1136 1147 virtutem,
1153 1119 1208 1149 per
1224 1119 1318 1149 quam
1331 1110 1529 1140 obstaculum
1545 1110 1739 1145 removetur,

973 1163 1041 1192 sive
1071 1171 1126 1201 per
1154 1172 1249 1202 quam
1277 1163 1454 1193 excluditur
1482 1162 1533 1193 vel
1558 1160 1738 1191 includitur.

974 1215 1155 1245 Secundum
1172 1215 1230 1245 1100
1246 1215 1346 1253 igitur
1361 1214 1554 1251 notandum,
1570 1213 1653 1252 quod
1671 1222 1743 1243 cum

974 1267 1090 1306 triplex
1117 1267 1155 1297 511
1182 1267 1380 1298 obstaculum
1409 1266 1609 1306 ingrediendi
1631 1266 1664 1295 in
1692 1275 1746 1296 re-

976 1330 1097 1359 31111111,
1116 1323 1146 1350 et
1168 1320 1284 1359 triplex
1306 1322 1443 1359 potestas
1461 1319 1539 1349 illud
1560 1326 1743 1355 removens;

976 1373 1091 1412 triplex
1112 1375 1158 1402 est
1183 1372 1279 1402 clavis
1303 1372 1494 1410 spiritualis,
1522 1371 1670 1401 differens
1696 1379 1744 1400 se-

176 1434 194 1455 0
222 1426 281 1454 etc.

152 1434 342 1513 ὃς,1.110111,
363 1475 409 1506 illi
433 1476 491 1506 soli
516 1475 697 1506 conceditur
723 1475 839 1513 clavis,
866 1476 921 1515 qui

153 1531 253 1569 potest
267 1529 410 1559 claudere
425 1531 455 1559 et
475 1528 595 1568 aperire
614 1539 620 1558 :
639 1528 692 1559 sed
709 1528 761 1558 hic
775 1530 822 1558 est
837 1529 921 1559 solus

153 1584 294 1615 Christus
304 1584 332 1614 ⁵:
350 1584 434 1615 Dabo
448 1583 566 1615 clavem
581 1583 691 1615 domus
702 1583 813 1615 David
827 1591 922 1623 super

976 1426 1118 1455 cundum
1134 1425 1271 1463 gradum
1287 1427 1317 1454 et
1328 1424 1528 1463 dignitatem.
1544 1423 1746 1454 Obstaculum
1762 1444 1867 1465 Obstacu-

976 1480 1083 1508 autem
1109 1477 1307 1516 ingrediendi
1336 1477 1369 1506 in
1395 1476 1509 1506 coelum
1532 1477 1578 1505 est
1604 1475 1746 1505 debitum
1763 1474 1867 1531 ἒζῑέὥθίὲ]

976 1531 1111 1570 alicujus
1140 1529 1256 1569 peccati
1281 1540 1286 1559 :
1316 1529 1376 1558 hoc
1399 1530 1505 1558 autem
1533 1530 1579 1558 est
1604 1527 1744 1567 triplex:
1775 1536 1796 1556 di
1823 1542 1855 1556 res

977 1584 1116 1623 primum
1127 1607 1135 1620 ‚
1153 1582 1270 1621 peccati
1290 1581 1431 1611 mortalis
1447 1580 1626 1617 commissi,
1643 1582 1673 1610 01
1687 1580 1747 1610 hoc
1762 1583 1820 1625 faex.

1763 1574 1826 1587 vuum
1835 1567 1870 1587 tri-

153 1637 318 1668 humerum
332 1637 400 1675 ejus
412 1659 421 1673 ,
446 1639 473 1668 et
492 1636 616 1668 claudet
632 1660 639 1672 ‚
656 1639 684 1667 et
705 1644 768 1668 ηοη
785 1637 845 1668 erit
865 1638 922 1676 qui

152 1691 290 1730 aperiat,
307 1691 366 1720 etc.
385 1686 472 1728 Ergo
495 1689 593 1719 solius
609 1689 720 1720 Christi
739 1692 785 1720 est
800 1690 922 1729 aperire

152 1745 182 1774 et
197 1742 342 1773 claudere
359 1753 365 1773 ε
383 1751 472 1781 ergo,
491 1744 550 1772 etc.

193 1799 221 1826 3.
244 1795 323 1825 Item
342 1795 426 1826 solus
441 1795 493 1824 ille
512 1795 571 1825 fert
586 1794 708 1825 clavem
721 1818 728 1832 ‚
750 1795 805 1834 qui
821 1797 922 1835 potest

152 1849 350 1881 obstaculum
362 1857 510 1880 amovere
523 1859 529 1877 :
547 1848 601 1878 sed
615 1848 814 1878 obstaculum
827 1848 922 1887 regni

152 1903 304 1934 coelorum
333 1901 419 1931 solus
447 1901 589 1931 Christus
618 1900 719 1939 potuit
747 1909 896 1931 amovere
913 1911 920 1931 ε

153 1964 251 1994 ergo,
269 1956 328 1985 etc.
345 1953 491 1984 Probatio
513 1952 654 1982 minoris.
679 1952 781 1991 Super
796 1953 873 1983 illud
891 1954 919 1982 ⁵:

154 2008 238 2039 Dabo
261 2007 380 2038 clavem
400 2006 510 2037 domus
536 2004 658 2041 David,
689 2004 819 2034 Glossa:
850 2015 864 2032 «
888 2004 922 2034 In

154 2059 297 2100 passione
312 2058 474 2095 reseravit,
491 2057 574 2096 quod
586 2058 659 2086 ante
673 2065 736 2087 non
750 2058 871 2096 poterat
884 2067 890 2087 ε
904 2068 917 2085 »

154 2112 207 2142 sed
223 2112 283 2142 hoc
299 2111 356 2141 fuit
370 2110 465 2140 solius
480 2109 593 2139 Christi
609 2120 616 2139 ε
631 2118 723 2148 ergo,
741 2111 800 2139 etc.

193 2167 222 2194 4.
255 2163 350 2201 Item,
378 2164 483 2202 majus
506 2162 582 2202 quid
608 2164 654 2192 est
677 2162 793 2192 habere
820 2162 923 2194 claves

154 2216 307 2256 paradisi,
330 2224 427 2255 quam
443 2215 559 2245 habere
575 2215 677 2246 claves
697 2216 808 2245 mortis
828 2218 859 2245 et
872 2215 920 2246 in-

154 2268 234 2299 ferni
256 2279 262 2298 ;
287 2268 341 2298 sed
354 2267 495 2298 Christus
510 2269 520 2284 ⁷
549 2268 667 2298 clavem
686 2269 796 2299 mov-cis
818 2272 846 2299 cc
869 2270 921 2299 z'n-

156 2323 240 2360 terni
256 2321 315 2352 sibi
326 2321 382 2352 soli
397 2322 581 2359 reservavit,
595 2330 651 2351 nec
662 2321 745 2351 dedit
758 2321 920 2353 Ecclesiae:

155 2383 234 2414 crgo
248 2374 369 2405 clavem
385 2374 479 2413 regni
494 2374 595 2404 multo
608 2374 731 2404 fortius.

189 2471 274 2501 ¹Gen„
290 2477 381 2501 xxvm,
398 2472 433 2494 17.
446 2484 476 2488 —
491 2470 590 2500 ²Jotm.‚
602 2477 626 2500 x,
639 2473 662 2494 9.
674 2484 703 2489 —
717 2472 724 2485 ³
735 2473 814 2499 Jomz.v
834 2479 869 2503 VJ,
883 2474 921 2497 37.

157 2507 204 2523 -ι
215 2507 416 2536 Apoc.‚1v,1.—
426 2506 435 2522 ⁸
447 2506 506 2535 lm„
519 2512 583 2535 xxii,
596 2508 671 2529 2:70—-
682 2508 690 2519 ⁵
702 2507 800 2531 ΗΜΛ-
813 2508 820 2522 7
835 2508 921 2539 Apoe.‚

160 2547 176 2570 1,
193 2543 228 2564 18.

190 2592 222 2622 (α)
239 2593 298 2617 Coet.
311 2592 370 2616 edit.
385 2592 450 2617 deest
465 2592 629 2617 excellentiae.

977 1639 1024 1666 est
1040 1636 1181 1666 debitum
1196 1634 1306 1664 {eterni
1317 1633 1474 1673 supplicii.
1491 1632 1556 1663 Hoc
1568 1634 1674 1663 autem
1690 1633 1747 1663 ob-

977 1688 1132 1719 staculum
1154 1687 1240 1717 solus
1264 1686 1344 1716 Deus
1366 1688 1508 1723 amovet,
1526 1686 1601 1725 quia
1615 1685 1675 1715 hoc
1696 1695 1749 1716 re-

977 1743 1125 1772 movetur
1155 1749 1211 1779 per
1240 1739 1341 1778 culpae
1372 1738 1559 1769 (101011011οΠ]
1575 1749 1582 1775 ;
1617 1740 1648 1768 01
1680 1738 1749 1768 ideo

978 1796 1114 1834 potestas
1136 1793 1195 1823 hoc
1210 1800 1379 1822 removens
1401 1793 1448 1822 est
1469 1792 1605 1830 potestas
1619 1791 1727 1821 divina
1738 1814 1747 1828 ‚

978 1856 1051 1887 quae
1066 1846 1105 1876 ab
1122 1845 1282 1884 aliquibus
1301 1844 1416 1874 dicitur
1431 1844 1527 1873 clavis
1542 1843 1747 1873 auctoritatis.

979 1899 1159 1929 Secundum
1180 1897 1379 1927 obstaculum
1402 1898 1448 1926 est
1466 1895 1607 1926 debitum
1631 1895 1750 1935 peccati

979 1950 1154 1982 contracti:
1185 1952 1215 1980 et
1240 1949 1318 1979 illud
1341 1950 1387 1978 est
1416 1948 1557 1978 debitum
1585 1947 1750 1978 solutionis

979 2003 1090 2044 pretii3
1108 2005 1139 2033 et
1154 2002 1214 2032 hoc
1237 2001 1316 2031 solvi
1332 2001 1433 2040 potuit
1449 2009 1505 2039 per
1519 2009 1603 2037 eum,
1622 2000 1676 2039 qui
1691 2009 1748 2039 po-

979 2056 1041 2087 tuit
1055 2056 1249 2086 satisfacere:
1268 2054 1337 2084 talis
1355 2055 1462 2084 autem
1483 2053 1544 2083 fuit
1559 2053 1644 2083 solus
1660 2053 1748 2084 Chri-

978 2112 1064 2139 stus:
1088 2110 1117 2138 et
1140 2108 1208 2138 ideo
1229 2107 1297 2137 haec
1318 2109 1454 2146 potestas
1478 2115 1644 2138 removens
1670 2106 1749 2137 illud

978 2162 1175 2193 obstaculum
1188 2163 1234 2191 est
1249 2160 1347 2190 solius
1357 2160 1471 2190 Christi
1484 2170 1491 2196 ;
1505 2161 1535 2189 et
1548 2161 1662 2190 vocant
1677 2168 1748 2189 eam

978 2216 1074 2255 aliqui
1101 2215 1221 2245 clavem
1246 2213 1452 2243 excellentiae.
1476 2211 1618 2242 Tertium
1642 2212 1747 2242 obsta-

978 2269 1086 2299 culum
1111 2269 1158 2297 est
1185 2266 1326 2297 debitum
1358 2266 1475 2305 peccati
1502 2265 1643 2303 dimissi,
1674 2264 1748 2304 quia

978 2322 1146 2360 postquam
1168 2319 1289 2350 homini
1304 2318 1434 2349 dimissa
1454 2320 1500 2348 est
1514 2317 1606 2357 culpa
1618 2341 1627 2355 ,
1645 2317 1747 2347 adhuc

978 2376 1024 2404 est
1038 2373 1196 2411 ohhgatus
1208 2371 1247 2401 ad
1262 2370 1468 2410 temporalem
1483 2378 1609 2409 poenam
1622 2380 1628 2399 :
1646 2371 1676 2400 et
1688 2369 1747 2400 hoc

978 2425 1135 2457 removeri
1150 2426 1251 2463 potest
1263 2432 1318 2463 per
1333 2423 1435 2461 illum,
1447 2423 1502 2462 qui
1517 2424 1617 2462 potest
1630 2421 1746 2461 peccati

978 2488 1105 2519 poenam
1121 2480 1230 2508 taxare
1246 2485 1253 2506 ε
1271 2478 1301 2506 01
1316 2476 1385 2506 10115
1400 2477 1445 2506 051
1460 2476 1604 2506 minister
1621 2474 1743 2511 Christi,

980 2541 1044 2563 non
1070 2533 1194 2561 tantum
1222 2529 1383 2566 Christus3
1408 2530 1439 2559 et
1461 2529 1514 2559 illa
1540 2530 1674 2568 potestas
1700 2527 1747 2556 est

980 2584 1163 2615 hominibus
1190 2582 1442 2619 communicata,
1471 2583 1502 2611 et
1529 2582 1660 2612 vocatur
1688 2578 1747 2608 ista

980 2638 1116 2677 potestas
1128 2636 1223 2668 clavis
1237 2634 1413 2666 ministerii.
1427 2634 1504 2665 Cum
1519 2633 1619 2673 igitur
1633 2630 1746 2670 triplex
