<?xml version="1.0" encoding="UTF-8"?>
<!DOCTYPE html PUBLIC "-//W3C//DTD XHTML 1.0 Transitional//EN"
    "http://www.w3.org/TR/xhtml1/DTD/xhtml1-transitional.dtd">
<html xmlns="http://www.w3.org/1999/xhtml" xml:lang="en" lang="en">
 <head>
  <title>
</title>
<meta http-equiv="Content-Type" content="text/html;charset=utf-8" />
  <meta name='ocr-system' content='tesseract 3.04.00' />
  <meta name='ocr-capabilities' content='ocr_page ocr_carea ocr_par ocr_line ocrx_word'/>
</head>
<body>
  <div class='ocr_page' id='page_1' title='image "./operaomniasixtiv06bonauoft/operaomniasixtiv06bonauoft_0190.png"; bbox 0 0 1991 3006; ppageno 0'>
   <div class='ocr_carea' id='block_1_1' title="bbox 70 2222 171 2243">
    <p class='ocr_par' dir='ltr' id='par_1_1' title="bbox 70 2222 171 2243">
     <span class='ocr_line' id='line_1_1' title="bbox 70 2222 171 2243; baseline -0.02 0"><span class='ocrx_word' id='word_1_1' title='bbox 70 2222 171 2243; x_wconf 78' lang='lat' dir='ltr'>Fundam.</span> 
     </span>
    </p>
   </div>
   <div class='ocr_carea' id='block_1_2' title="bbox 194 173 247 201">
    <p class='ocr_par' dir='ltr' id='par_1_2' title="bbox 194 173 247 201">
     <span class='ocr_line' id='line_1_2' title="bbox 194 173 247 201; baseline 0.019 -1"><span class='ocrx_word' id='word_1_2' title='bbox 194 173 247 201; x_wconf 65' lang='lat'>172</span> 
     </span>
    </p>
   </div>
   <div class='ocr_carea' id='block_1_3' title="bbox 184 238 963 1877">
    <p class='ocr_par' dir='ltr' id='par_1_3' title="bbox 185 238 960 916">
     <span class='ocr_line' id='line_1_3' title="bbox 187 238 958 276; baseline 0 -8"><span class='ocrx_word' id='word_1_3' title='bbox 187 238 249 269; x_wconf 87' lang='lat' dir='ltr'>sint</span> <span class='ocrx_word' id='word_1_4' title='bbox 269 239 472 270; x_wconf 72' lang='lat' dir='ltr'>essentialiter</span> <span class='ocrx_word' id='word_1_5' title='bbox 489 239 527 269; x_wconf 83' lang='lat' dir='ltr'>ad</span> <span class='ocrx_word' id='word_1_6' title='bbox 551 248 584 269; x_wconf 89' lang='lat' dir='ltr'>se</span> <span class='ocrx_word' id='word_1_7' title='bbox 604 239 740 270; x_wconf 88' lang='lat' dir='ltr'>invicem</span> <span class='ocrx_word' id='word_1_8' title='bbox 754 239 905 276; x_wconf 86' lang='lat' dir='ltr'>ordinati;</span> <span class='ocrx_word' id='word_1_9' title='bbox 923 241 958 269; x_wconf 85' lang='lat' dir='ltr'>et</span> 
     </span>
     <span class='ocr_line' id='line_1_4' title="bbox 187 292 957 332; baseline -0.001 -10"><span class='ocrx_word' id='word_1_10' title='bbox 187 292 268 331; x_wconf 82' lang='lat' dir='ltr'>quod</span> <span class='ocrx_word' id='word_1_11' title='bbox 285 292 343 329; x_wconf 85' lang='lat' dir='ltr'>sic,</span> <span class='ocrx_word' id='word_1_12' title='bbox 361 292 502 329; x_wconf 55' lang='lat' dir='ltr'>videtum</span> <span class='ocrx_word' id='word_1_13' title='bbox 522 292 598 332; x_wconf 90' lang='lat' dir='ltr'>quia</span> <span class='ocrx_word' id='word_1_14' title='bbox 617 294 718 332; x_wconf 87' lang='lat' dir='ltr'>major</span> <span class='ocrx_word' id='word_1_15' title='bbox 739 295 784 323; x_wconf 81' lang='lat' dir='ltr'>est</span> <span class='ocrx_word' id='word_1_16' title='bbox 801 292 957 322; x_wconf 78' lang='lat' dir='ltr'>connexio</span> 
     </span>
     <span class='ocr_line' id='line_1_5' title="bbox 187 344 958 384; baseline 0 -10"><span class='ocrx_word' id='word_1_17' title='bbox 187 344 305 374; x_wconf 83' lang='lat' dir='ltr'>ordinis</span> <span class='ocrx_word' id='word_1_18' title='bbox 319 345 358 375; x_wconf 88' lang='lat' dir='ltr'>ad</span> <span class='ocrx_word' id='word_1_19' title='bbox 373 344 528 381; x_wconf 84' lang='lat' dir='ltr'>ordinem,</span> <span class='ocrx_word' id='word_1_20' title='bbox 544 354 641 384; x_wconf 85' lang='lat' dir='ltr'>quam</span> <span class='ocrx_word' id='word_1_21' title='bbox 655 346 774 375; x_wconf 80' lang='lat' dir='ltr'>ordinis</span> <span class='ocrx_word' id='word_1_22' title='bbox 789 345 827 375; x_wconf 84' lang='lat' dir='ltr'>ad</span> <span class='ocrx_word' id='word_1_23' title='bbox 844 345 958 384; x_wconf 82' lang='lat' dir='ltr'>baptis-</span> 
     </span>
     <span class='ocr_line' id='line_1_6' title="bbox 186 398 956 435; baseline 0 -7"><span class='ocrx_word' id='word_1_24' title='bbox 186 407 291 435; x_wconf 81' lang='lat' dir='ltr'>mum3</span> <span class='ocrx_word' id='word_1_25' title='bbox 308 400 339 428; x_wconf 88' lang='lat' dir='ltr'>et</span> <span class='ocrx_word' id='word_1_26' title='bbox 360 398 548 429; x_wconf 74' lang='lat' dir='ltr'>characteris</span> <span class='ocrx_word' id='word_1_27' title='bbox 566 399 663 429; x_wconf 81' lang='lat' dir='ltr'>unius</span> <span class='ocrx_word' id='word_1_28' title='bbox 685 399 806 429; x_wconf 82' lang='lat' dir='ltr'>ordinis</span> <span class='ocrx_word' id='word_1_29' title='bbox 826 399 864 428; x_wconf 84' lang='lat' dir='ltr'>ad</span> <span class='ocrx_word' id='word_1_30' title='bbox 882 399 956 429; x_wconf 84' lang='lat' dir='ltr'>cha-</span> 
     </span>
     <span class='ocr_line' id='line_1_7' title="bbox 186 451 954 491; baseline 0 -10"><span class='ocrx_word' id='word_1_31' title='bbox 186 453 339 481; x_wconf 72' lang='lat' dir='ltr'>racterem</span> <span class='ocrx_word' id='word_1_32' title='bbox 363 451 508 489; x_wconf 80' lang='lat' dir='ltr'>alterius,</span> <span class='ocrx_word' id='word_1_33' title='bbox 535 461 631 491; x_wconf 84' lang='lat' dir='ltr'>quam</span> <span class='ocrx_word' id='word_1_34' title='bbox 654 452 692 481; x_wconf 83' lang='lat' dir='ltr'>ad</span> <span class='ocrx_word' id='word_1_35' title='bbox 718 452 954 491; x_wconf 71' lang='lat' dir='ltr'>baptismalem:</span> 
     </span>
     <span class='ocr_line' id='line_1_8' title="bbox 186 504 957 535; baseline 0.001 -2"><span class='ocrx_word' id='word_1_36' title='bbox 186 504 238 534; x_wconf 89' lang='lat' dir='ltr'>sed</span> <span class='ocrx_word' id='word_1_37' title='bbox 255 504 430 534; x_wconf 84' lang='lat' dir='ltr'>essentialis</span> <span class='ocrx_word' id='word_1_38' title='bbox 443 507 488 534; x_wconf 86' lang='lat' dir='ltr'>cst</span> <span class='ocrx_word' id='word_1_39' title='bbox 503 505 658 535; x_wconf 86' lang='lat' dir='ltr'>ordinatio</span> <span class='ocrx_word' id='word_1_40' title='bbox 674 505 864 535; x_wconf 65' lang='lat' dir='ltr'>characteris</span> <span class='ocrx_word' id='word_1_41' title='bbox 876 504 957 534; x_wconf 89' lang='lat' dir='ltr'>ordi-</span> 
     </span>
     <span class='ocr_line' id='line_1_9' title="bbox 186 557 957 596; baseline 0.001 -10"><span class='ocrx_word' id='word_1_42' title='bbox 186 557 235 586; x_wconf 87' lang='lat' dir='ltr'>nis</span> <span class='ocrx_word' id='word_1_43' title='bbox 253 557 291 587; x_wconf 87' lang='lat' dir='ltr'>ad</span> <span class='ocrx_word' id='word_1_44' title='bbox 313 557 549 596; x_wconf 76' lang='lat' dir='ltr'>baptismalem,</span> <span class='ocrx_word' id='word_1_45' title='bbox 567 558 647 588; x_wconf 83' lang='lat' dir='ltr'>sicut</span> <span class='ocrx_word' id='word_1_46' title='bbox 665 559 779 587; x_wconf 87' lang='lat' dir='ltr'>dicitur</span> <span class='ocrx_word' id='word_1_47' title='bbox 801 558 832 588; x_wconf 92' lang='lat' dir='ltr'>iu</span> <span class='ocrx_word' id='word_1_48' title='bbox 851 558 957 588; x_wconf 84' lang='lat' dir='ltr'>decre-</span> 
     </span>
     <span class='ocr_line' id='line_1_10' title="bbox 186 610 955 651; baseline 0.004 -11"><span class='ocrx_word' id='word_1_49' title='bbox 186 610 239 640; x_wconf 86' lang='lat' dir='ltr'>tali</span> <span class='ocrx_word' id='word_1_50' title='bbox 251 610 288 641; x_wconf 86' lang='lat' dir='ltr'>dc</span> <span class='ocrx_word' id='word_1_51' title='bbox 299 611 483 650; x_wconf 72' lang='lat' dir='ltr'>presbytero</span> <span class='ocrx_word' id='word_1_52' title='bbox 497 621 560 642; x_wconf 92' lang='lat' dir='ltr'>nou</span> <span class='ocrx_word' id='word_1_53' title='bbox 574 612 739 651; x_wconf 75' lang='lat' dir='ltr'>baptizato,</span> <span class='ocrx_word' id='word_1_54' title='bbox 753 612 833 642; x_wconf 85' lang='lat' dir='ltr'>libro</span> <span class='ocrx_word' id='word_1_55' title='bbox 850 613 955 643; x_wconf 85' lang='lat' dir='ltr'>tertio:</span> 
     </span>
     <span class='ocr_line' id='line_1_11' title="bbox 190 663 958 704; baseline 0.003 -10"><span class='ocrx_word' id='word_1_56' title='bbox 190 676 203 692; x_wconf 74' lang='grc' dir='ltr'>α</span> <span class='ocrx_word' id='word_1_57' title='bbox 223 663 291 694; x_wconf 90' lang='lat' dir='ltr'>Non</span> <span class='ocrx_word' id='word_1_58' title='bbox 307 665 480 704; x_wconf 82' lang='lat' dir='ltr'>baptizatus</span> <span class='ocrx_word' id='word_1_59' title='bbox 499 674 563 695; x_wconf 91' lang='lat' dir='ltr'>non</span> <span class='ocrx_word' id='word_1_60' title='bbox 589 668 688 704; x_wconf 79' lang='lat' dir='ltr'>potest</span> <span class='ocrx_word' id='word_1_61' title='bbox 703 666 852 695; x_wconf 86' lang='lat' dir='ltr'>ordinari.</span> <span class='ocrx_word' id='word_1_62' title='bbox 874 665 958 696; x_wconf 49' lang='lat' dir='ltr'>{tilde</span> 
     </span>
     <span class='ocr_line' id='line_1_12' title="bbox 186 717 959 758; baseline 0.004 -12"><span class='ocrx_word' id='word_1_63' title='bbox 186 717 211 746; x_wconf 90' lang='lat' dir='ltr'>si</span> <span class='ocrx_word' id='word_1_64' title='bbox 226 717 265 748; x_wconf 90' lang='lat' dir='ltr'>de</span> <span class='ocrx_word' id='word_1_65' title='bbox 280 717 359 748; x_wconf 87' lang='lat' dir='ltr'>sacto</span> <span class='ocrx_word' id='word_1_66' title='bbox 380 719 542 749; x_wconf 84' lang='lat' dir='ltr'>ordinatus</span> <span class='ocrx_word' id='word_1_67' title='bbox 558 722 614 755; x_wconf 80' lang='lat' dir='ltr'>est,</span> <span class='ocrx_word' id='word_1_68' title='bbox 632 719 722 749; x_wconf 76' lang='lat' dir='ltr'>(lebet</span> <span class='ocrx_word' id='word_1_69' title='bbox 742 719 911 758; x_wconf 84' lang='lat' dir='ltr'>baptizari,</span> <span class='ocrx_word' id='word_1_70' title='bbox 930 722 959 749; x_wconf 83' lang='lat' dir='ltr'>et</span> 
     </span>
     <span class='ocr_line' id='line_1_13' title="bbox 185 770 960 811; baseline 0.001 -11"><span class='ocrx_word' id='word_1_71' title='bbox 185 772 256 809; x_wconf 86' lang='lat' dir='ltr'>post</span> <span class='ocrx_word' id='word_1_72' title='bbox 266 770 383 801; x_wconf 87' lang='lat' dir='ltr'>iterum</span> <span class='ocrx_word' id='word_1_73' title='bbox 392 772 563 802; x_wconf 84' lang='lat' dir='ltr'>ordinari.»</span> <span class='ocrx_word' id='word_1_74' title='bbox 577 772 661 811; x_wconf 72' lang='lat' dir='ltr'>Ergo</span> <span class='ocrx_word' id='word_1_75' title='bbox 672 772 832 802; x_wconf 73' lang='lat' dir='ltr'>character</span> <span class='ocrx_word' id='word_1_76' title='bbox 841 772 960 802; x_wconf 77' lang='lat' dir='ltr'>ordinis</span> 
     </span>
     <span class='ocr_line' id='line_1_14' title="bbox 186 824 957 865; baseline 0.001 -11"><span class='ocrx_word' id='word_1_77' title='bbox 186 824 341 854; x_wconf 79' lang='lat' dir='ltr'>essentiali</span> <span class='ocrx_word' id='word_1_78' title='bbox 357 825 466 855; x_wconf 86' lang='lat' dir='ltr'>ordine</span> <span class='ocrx_word' id='word_1_79' title='bbox 486 826 703 865; x_wconf 76' lang='lat' dir='ltr'>praesupponit</span> <span class='ocrx_word' id='word_1_80' title='bbox 718 826 957 865; x_wconf 85' lang='lat' dir='ltr'>baptismalem,</span> 
     </span>
     <span class='ocr_line' id='line_1_15' title="bbox 185 880 351 916; baseline 0 -9"><span class='ocrx_word' id='word_1_81' title='bbox 185 886 276 916; x_wconf 81' lang='lat' dir='ltr'>ergo,</span> <span class='ocrx_word' id='word_1_82' title='bbox 293 880 351 908; x_wconf 87' lang='lat' dir='ltr'>etc.</span> 
     </span>
    </p>

    <p class='ocr_par' dir='ltr' id='par_1_4' title="bbox 184 929 961 1342">
     <span class='ocr_line' id='line_1_16' title="bbox 225 929 957 972; baseline 0.003 -12"><span class='ocrx_word' id='word_1_83' title='bbox 225 932 254 960; x_wconf 66' lang='lat'>2.</span> <span class='ocrx_word' id='word_1_84' title='bbox 277 929 354 960; x_wconf 86' lang='lat' dir='ltr'>Item</span> <span class='ocrx_word' id='word_1_85' title='bbox 371 931 476 969; x_wconf 83' lang='lat' dir='ltr'>magis</span> <span class='ocrx_word' id='word_1_86' title='bbox 492 933 641 971; x_wconf 85' lang='lat' dir='ltr'>competit</span> <span class='ocrx_word' id='word_1_87' title='bbox 656 932 769 969; x_wconf 81' lang='lat' dir='ltr'>ordini,</span> <span class='ocrx_word' id='word_1_88' title='bbox 787 941 883 972; x_wconf 84' lang='lat' dir='ltr'>quam</span> <span class='ocrx_word' id='word_1_89' title='bbox 898 941 957 962; x_wconf 86' lang='lat' dir='ltr'>nn-</span> 
     </span>
     <span class='ocr_line' id='line_1_17' title="bbox 186 984 961 1025; baseline 0.001 -12"><span class='ocrx_word' id='word_1_90' title='bbox 186 992 291 1014; x_wconf 89' lang='lat' dir='ltr'>mero:</span> <span class='ocrx_word' id='word_1_91' title='bbox 309 984 363 1014; x_wconf 89' lang='lat' dir='ltr'>sed</span> <span class='ocrx_word' id='word_1_92' title='bbox 377 984 420 1014; x_wconf 86' lang='lat' dir='ltr'>sic</span> <span class='ocrx_word' id='word_1_93' title='bbox 435 985 524 1015; x_wconf 87' lang='lat' dir='ltr'>estin</span> <span class='ocrx_word' id='word_1_94' title='bbox 539 986 692 1022; x_wconf 82' lang='lat' dir='ltr'>numeris,</span> <span class='ocrx_word' id='word_1_95' title='bbox 706 986 790 1025; x_wconf 79' lang='lat' dir='ltr'>quod</span> <span class='ocrx_word' id='word_1_96' title='bbox 806 994 961 1015; x_wconf 86' lang='lat' dir='ltr'>numerus</span> 
     </span>
     <span class='ocr_line' id='line_1_18' title="bbox 184 1037 961 1078; baseline 0.003 -12"><span class='ocrx_word' id='word_1_97' title='bbox 184 1037 339 1076; x_wconf 74' lang='lat' dir='ltr'>posterior</span> <span class='ocrx_word' id='word_1_98' title='bbox 362 1039 538 1068; x_wconf 85' lang='lat' dir='ltr'>necessario</span> <span class='ocrx_word' id='word_1_99' title='bbox 561 1039 728 1078; x_wconf 63' lang='lat' dir='ltr'>przeexigit</span> <span class='ocrx_word' id='word_1_100' title='bbox 750 1039 906 1078; x_wconf 82' lang='lat' dir='ltr'>priorem,</span> <span class='ocrx_word' id='word_1_101' title='bbox 931 1041 961 1069; x_wconf 88' lang='lat' dir='ltr'>et</span> 
     </span>
     <span class='ocr_line' id='line_1_19' title="bbox 185 1090 957 1131; baseline 0.003 -12"><span class='ocrx_word' id='word_1_102' title='bbox 185 1090 291 1129; x_wconf 79' lang='lat' dir='ltr'>figura</span> <span class='ocrx_word' id='word_1_103' title='bbox 327 1091 471 1121; x_wconf 84' lang='lat' dir='ltr'>similiter</span> <span class='ocrx_word' id='word_1_104' title='bbox 509 1092 662 1131; x_wconf 80' lang='lat' dir='ltr'>posterior</span> <span class='ocrx_word' id='word_1_105' title='bbox 699 1092 936 1122; x_wconf 76' lang='lat' dir='ltr'>antecedentem</span> <span class='ocrx_word' id='word_1_106' title='bbox 950 1102 957 1129; x_wconf 81' lang='lat'>3</span> 
     </span>
     <span class='ocr_line' id='line_1_20' title="bbox 184 1144 960 1184; baseline 0 -10"><span class='ocrx_word' id='word_1_107' title='bbox 184 1144 268 1175; x_wconf 90' lang='lat' dir='ltr'>unde</span> <span class='ocrx_word' id='word_1_108' title='bbox 285 1154 452 1184; x_wconf 88' lang='lat' dir='ltr'>nunquam</span> <span class='ocrx_word' id='word_1_109' title='bbox 467 1147 514 1175; x_wconf 83' lang='lat' dir='ltr'>est</span> <span class='ocrx_word' id='word_1_110' title='bbox 532 1146 756 1184; x_wconf 83' lang='lat' dir='ltr'>quaternarius</span> <span class='ocrx_word' id='word_1_111' title='bbox 770 1145 836 1174; x_wconf 86' lang='lat' dir='ltr'>sine</span> <span class='ocrx_word' id='word_1_112' title='bbox 851 1147 960 1174; x_wconf 84' lang='lat' dir='ltr'>terna-</span> 
     </span>
     <span class='ocr_line' id='line_1_21' title="bbox 185 1198 960 1237; baseline 0 -9"><span class='ocrx_word' id='word_1_113' title='bbox 185 1198 242 1236; x_wconf 86' lang='lat' dir='ltr'>rio,</span> <span class='ocrx_word' id='word_1_114' title='bbox 260 1208 316 1228; x_wconf 90' lang='lat' dir='ltr'>nec</span> <span class='ocrx_word' id='word_1_115' title='bbox 336 1201 522 1237; x_wconf 80' lang='lat' dir='ltr'>tetragonus</span> <span class='ocrx_word' id='word_1_116' title='bbox 539 1199 605 1228; x_wconf 84' lang='lat' dir='ltr'>sine</span> <span class='ocrx_word' id='word_1_117' title='bbox 622 1199 765 1237; x_wconf 82' lang='lat' dir='ltr'>trigoue;</span> <span class='ocrx_word' id='word_1_118' title='bbox 784 1207 863 1237; x_wconf 83' lang='lat' dir='ltr'>ergo</span> <span class='ocrx_word' id='word_1_119' title='bbox 880 1207 960 1228; x_wconf 91' lang='lat' dir='ltr'>nun-</span> 
     </span>
     <span class='ocr_line' id='line_1_22' title="bbox 185 1251 961 1291; baseline -0.001 -9"><span class='ocrx_word' id='word_1_120' title='bbox 185 1260 282 1290; x_wconf 82' lang='lat' dir='ltr'>quam</span> <span class='ocrx_word' id='word_1_121' title='bbox 302 1254 347 1282; x_wconf 87' lang='lat' dir='ltr'>est</span> <span class='ocrx_word' id='word_1_122' title='bbox 370 1251 490 1290; x_wconf 82' lang='lat' dir='ltr'>gradus</span> <span class='ocrx_word' id='word_1_123' title='bbox 511 1252 669 1281; x_wconf 88' lang='lat' dir='ltr'>secundus</span> <span class='ocrx_word' id='word_1_124' title='bbox 687 1252 754 1281; x_wconf 91' lang='lat' dir='ltr'>sine</span> <span class='ocrx_word' id='word_1_125' title='bbox 770 1252 885 1291; x_wconf 79' lang='lat' dir='ltr'>primo,</span> <span class='ocrx_word' id='word_1_126' title='bbox 904 1260 961 1281; x_wconf 86' lang='lat' dir='ltr'>nec</span> 
     </span>
     <span class='ocr_line' id='line_1_23' title="bbox 186 1304 797 1342; baseline 0 -8"><span class='ocrx_word' id='word_1_127' title='bbox 186 1305 296 1335; x_wconf 87' lang='lat' dir='ltr'>tertius</span> <span class='ocrx_word' id='word_1_128' title='bbox 310 1305 378 1335; x_wconf 87' lang='lat' dir='ltr'>sine</span> <span class='ocrx_word' id='word_1_129' title='bbox 391 1305 540 1342; x_wconf 84' lang='lat' dir='ltr'>secundo,</span> <span class='ocrx_word' id='word_1_130' title='bbox 558 1307 588 1334; x_wconf 90' lang='lat' dir='ltr'>et</span> <span class='ocrx_word' id='word_1_131' title='bbox 604 1305 647 1334; x_wconf 86' lang='lat' dir='ltr'>sic</span> <span class='ocrx_word' id='word_1_132' title='bbox 664 1305 701 1334; x_wconf 79' lang='lat' dir='ltr'>de</span> <span class='ocrx_word' id='word_1_133' title='bbox 716 1304 797 1334; x_wconf 86' lang='lat' dir='ltr'>aliis.</span> 
     </span>
    </p>

    <p class='ocr_par' dir='ltr' id='par_1_5' title="bbox 187 1357 962 1602">
     <span class='ocr_line' id='line_1_24' title="bbox 227 1357 961 1397; baseline 0 -10"><span class='ocrx_word' id='word_1_134' title='bbox 227 1360 255 1388; x_wconf 84' lang='lat'>3.</span> <span class='ocrx_word' id='word_1_135' title='bbox 274 1357 351 1388; x_wconf 88' lang='lat' dir='ltr'>ltem</span> <span class='ocrx_word' id='word_1_136' title='bbox 371 1367 411 1388; x_wconf 81' lang='lat' dir='ltr'>ex</span> <span class='ocrx_word' id='word_1_137' title='bbox 431 1358 563 1388; x_wconf 78' lang='lat' dir='ltr'>diversis</span> <span class='ocrx_word' id='word_1_138' title='bbox 585 1357 760 1388; x_wconf 72' lang='lat' dir='ltr'>formaliter</span> <span class='ocrx_word' id='word_1_139' title='bbox 780 1366 844 1388; x_wconf 90' lang='lat' dir='ltr'>non</span> <span class='ocrx_word' id='word_1_140' title='bbox 859 1360 961 1397; x_wconf 89' lang='lat' dir='ltr'>potest</span> 
     </span>
     <span class='ocr_line' id='line_1_25' title="bbox 187 1411 961 1448; baseline -0.001 -7"><span class='ocrx_word' id='word_1_141' title='bbox 187 1411 254 1441; x_wconf 88' lang='lat' dir='ltr'>fieri</span> <span class='ocrx_word' id='word_1_142' title='bbox 270 1420 383 1448; x_wconf 83' lang='lat' dir='ltr'>unum,</span> <span class='ocrx_word' id='word_1_143' title='bbox 399 1411 458 1441; x_wconf 88' lang='lat' dir='ltr'>nisi</span> <span class='ocrx_word' id='word_1_144' title='bbox 473 1412 511 1441; x_wconf 88' lang='lat' dir='ltr'>ad</span> <span class='ocrx_word' id='word_1_145' title='bbox 527 1411 665 1442; x_wconf 88' lang='lat' dir='ltr'>invicem</span> <span class='ocrx_word' id='word_1_146' title='bbox 681 1411 868 1441; x_wconf 84' lang='lat' dir='ltr'>ordinentur</span> <span class='ocrx_word' id='word_1_147' title='bbox 883 1422 888 1440; x_wconf 88' lang='lat'>:</span> <span class='ocrx_word' id='word_1_148' title='bbox 907 1411 961 1441; x_wconf 88' lang='lat' dir='ltr'>sed</span> 
     </span>
     <span class='ocr_line' id='line_1_26' title="bbox 187 1464 962 1503; baseline 0 -9"><span class='ocrx_word' id='word_1_149' title='bbox 187 1473 297 1495; x_wconf 89' lang='lat' dir='ltr'>omnes</span> <span class='ocrx_word' id='word_1_150' title='bbox 320 1465 446 1495; x_wconf 82' lang='lat' dir='ltr'>ordines</span> <span class='ocrx_word' id='word_1_151' title='bbox 473 1473 576 1495; x_wconf 90' lang='lat' dir='ltr'>unum</span> <span class='ocrx_word' id='word_1_152' title='bbox 606 1464 799 1503; x_wconf 87' lang='lat' dir='ltr'>completum</span> <span class='ocrx_word' id='word_1_153' title='bbox 826 1464 962 1494; x_wconf 87' lang='lat' dir='ltr'>reddunt</span> 
     </span>
     <span class='ocr_line' id='line_1_27' title="bbox 187 1517 959 1557; baseline -0.001 -9"><span class='ocrx_word' id='word_1_154' title='bbox 187 1518 371 1548; x_wconf 89' lang='lat' dir='ltr'>ministrum</span> <span class='ocrx_word' id='word_1_155' title='bbox 388 1529 394 1548; x_wconf 75' lang='grc' dir='ltr'>ι</span> <span class='ocrx_word' id='word_1_156' title='bbox 416 1527 495 1557; x_wconf 82' lang='lat' dir='ltr'>ergo</span> <span class='ocrx_word' id='word_1_157' title='bbox 510 1526 635 1548; x_wconf 87' lang='lat' dir='ltr'>necesse</span> <span class='ocrx_word' id='word_1_158' title='bbox 651 1519 706 1552; x_wconf 87' lang='lat' dir='ltr'>est,</span> <span class='ocrx_word' id='word_1_159' title='bbox 724 1517 807 1556; x_wconf 89' lang='lat' dir='ltr'>quod</span> <span class='ocrx_word' id='word_1_160' title='bbox 822 1517 861 1547; x_wconf 89' lang='lat' dir='ltr'>ad</span> <span class='ocrx_word' id='word_1_161' title='bbox 876 1517 959 1547; x_wconf 90' lang='lat' dir='ltr'>invi-</span> 
     </span>
     <span class='ocr_line' id='line_1_28' title="bbox 187 1572 463 1602; baseline 0 -1"><span class='ocrx_word' id='word_1_162' title='bbox 187 1580 255 1602; x_wconf 88' lang='lat' dir='ltr'>cem</span> <span class='ocrx_word' id='word_1_163' title='bbox 268 1572 463 1602; x_wconf 87' lang='lat' dir='ltr'>ordinentur.</span> 
     </span>
    </p>

    <p class='ocr_par' dir='ltr' id='par_1_6' title="bbox 186 1624 963 1877">
     <span class='ocr_line' id='line_1_29' title="bbox 228 1624 962 1664; baseline -0.001 -9"><span class='ocrx_word' id='word_1_164' title='bbox 228 1627 256 1655; x_wconf 72' lang='lat'>4.</span> <span class='ocrx_word' id='word_1_165' title='bbox 275 1624 364 1662; x_wconf 82' lang='lat' dir='ltr'>Item,</span> <span class='ocrx_word' id='word_1_166' title='bbox 381 1625 407 1655; x_wconf 91' lang='lat' dir='ltr'>si</span> <span class='ocrx_word' id='word_1_167' title='bbox 423 1625 496 1664; x_wconf 86' lang='lat' dir='ltr'>quis</span> <span class='ocrx_word' id='word_1_168' title='bbox 513 1625 647 1655; x_wconf 79' lang='lat' dir='ltr'>scienter</span> <span class='ocrx_word' id='word_1_169' title='bbox 664 1626 907 1664; x_wconf 83' lang='lat' dir='ltr'>promoveretur</span> <span class='ocrx_word' id='word_1_170' title='bbox 923 1624 962 1654; x_wconf 87' lang='lat' dir='ltr'>ad</span> 
     </span>
     <span class='ocr_line' id='line_1_30' title="bbox 188 1678 963 1718; baseline -0.001 -9"><span class='ocrx_word' id='word_1_171' title='bbox 188 1678 331 1709; x_wconf 80' lang='lat' dir='ltr'>ordinem</span> <span class='ocrx_word' id='word_1_172' title='bbox 359 1678 580 1718; x_wconf 76' lang='lat' dir='ltr'>posteriorem,</span> <span class='ocrx_word' id='word_1_173' title='bbox 611 1678 709 1717; x_wconf 87' lang='lat' dir='ltr'>priori</span> <span class='ocrx_word' id='word_1_174' title='bbox 737 1678 871 1714; x_wconf 86' lang='lat' dir='ltr'>omisso,</span> <span class='ocrx_word' id='word_1_175' title='bbox 903 1678 963 1708; x_wconf 90' lang='lat' dir='ltr'>hoc</span> 
     </span>
     <span class='ocr_line' id='line_1_31' title="bbox 188 1731 963 1772; baseline -0.001 -10"><span class='ocrx_word' id='word_1_176' title='bbox 188 1732 254 1772; x_wconf 84' lang='lat' dir='ltr'>ipso</span> <span class='ocrx_word' id='word_1_177' title='bbox 267 1731 471 1771; x_wconf 87' lang='lat' dir='ltr'>suspenditur</span> <span class='ocrx_word' id='word_1_178' title='bbox 485 1732 524 1761; x_wconf 89' lang='lat' dir='ltr'>ab</span> <span class='ocrx_word' id='word_1_179' title='bbox 538 1731 733 1768; x_wconf 79' lang='lat' dir='ltr'>executione,</span> <span class='ocrx_word' id='word_1_180' title='bbox 751 1732 831 1761; x_wconf 87' lang='lat' dir='ltr'>sicut</span> <span class='ocrx_word' id='word_1_181' title='bbox 846 1731 963 1762; x_wconf 86' lang='lat' dir='ltr'>dicitur</span> 
     </span>
     <span class='ocr_line' id='line_1_32' title="bbox 186 1784 961 1824; baseline 0.001 -10"><span class='ocrx_word' id='word_1_182' title='bbox 186 1784 219 1814; x_wconf 90' lang='lat' dir='ltr'>in</span> <span class='ocrx_word' id='word_1_183' title='bbox 235 1785 381 1815; x_wconf 81' lang='lat' dir='ltr'>decretali</span> <span class='ocrx_word' id='word_1_184' title='bbox 397 1794 404 1814; x_wconf 73' lang='grc' dir='ltr'><strong><em>ε</em></strong></span> <span class='ocrx_word' id='word_1_185' title='bbox 423 1785 476 1815; x_wconf 90' lang='lat' dir='ltr'>sed</span> <span class='ocrx_word' id='word_1_186' title='bbox 498 1785 558 1815; x_wconf 88' lang='lat' dir='ltr'>hoc</span> <span class='ocrx_word' id='word_1_187' title='bbox 578 1794 638 1815; x_wconf 87' lang='lat' dir='ltr'>non</span> <span class='ocrx_word' id='word_1_188' title='bbox 665 1787 766 1821; x_wconf 88' lang='lat' dir='ltr'>esset,</span> <span class='ocrx_word' id='word_1_189' title='bbox 788 1784 848 1814; x_wconf 86' lang='lat' dir='ltr'>nisi</span> <span class='ocrx_word' id='word_1_190' title='bbox 868 1794 961 1824; x_wconf 90' lang='lat' dir='ltr'>opor-</span> 
     </span>
     <span class='ocr_line' id='line_1_33' title="bbox 186 1838 818 1877; baseline -0.002 -9"><span class='ocrx_word' id='word_1_191' title='bbox 186 1840 265 1868; x_wconf 85' lang='lat' dir='ltr'>teret</span> <span class='ocrx_word' id='word_1_192' title='bbox 277 1838 321 1868; x_wconf 90' lang='lat' dir='ltr'>ibi</span> <span class='ocrx_word' id='word_1_193' title='bbox 336 1838 457 1869; x_wconf 88' lang='lat' dir='ltr'>servari</span> <span class='ocrx_word' id='word_1_194' title='bbox 473 1838 617 1868; x_wconf 89' lang='lat' dir='ltr'>ordinem</span> <span class='ocrx_word' id='word_1_195' title='bbox 631 1849 636 1868; x_wconf 82' lang='lat' dir='ltr'>z</span> <span class='ocrx_word' id='word_1_196' title='bbox 652 1847 743 1877; x_wconf 81' lang='lat' dir='ltr'>ergo,</span> <span class='ocrx_word' id='word_1_197' title='bbox 760 1840 818 1868; x_wconf 86' lang='lat' dir='ltr'>etc.</span> 
     </span>
    </p>
   </div>
   <div class='ocr_carea' id='block_1_4' title="bbox 228 1891 992 1931">
    <p class='ocr_par' dir='ltr' id='par_1_7' title="bbox 228 1891 992 1931">
     <span class='ocr_line' id='line_1_34' title="bbox 228 1891 992 1931; baseline 0 -10"><span class='ocrx_word' id='word_1_198' title='bbox 228 1893 256 1922; x_wconf 84' lang='lat'>5.</span> <span class='ocrx_word' id='word_1_199' title='bbox 276 1891 353 1921; x_wconf 88' lang='lat' dir='ltr'>Item</span> <span class='ocrx_word' id='word_1_200' title='bbox 369 1891 563 1931; x_wconf 88' lang='lat' dir='ltr'>ubicumque</span> <span class='ocrx_word' id='word_1_201' title='bbox 583 1894 657 1922; x_wconf 85' lang='lat' dir='ltr'>sunt</span> <span class='ocrx_word' id='word_1_202' title='bbox 680 1891 817 1929; x_wconf 76' lang='lat' dir='ltr'>gradus,</span> <span class='ocrx_word' id='word_1_203' title='bbox 840 1894 963 1931; x_wconf 85' lang='lat' dir='ltr'>oportet</span> <span class='ocrx_word' id='word_1_204' title='bbox 990 1902 992 1904; x_wconf 69' lang='grc'>’</span> 
     </span>
    </p>
   </div>
   <div class='ocr_carea' id='block_1_5' title="bbox 186 1945 963 2517">
    <p class='ocr_par' dir='ltr' id='par_1_8' title="bbox 186 1945 963 2197">
     <span class='ocr_line' id='line_1_35' title="bbox 186 1945 963 1985; baseline -0.001 -10"><span class='ocrx_word' id='word_1_205' title='bbox 186 1954 304 1985; x_wconf 84' lang='lat' dir='ltr'>ponere</span> <span class='ocrx_word' id='word_1_206' title='bbox 325 1945 468 1975; x_wconf 86' lang='lat' dir='ltr'>ordinem</span> <span class='ocrx_word' id='word_1_207' title='bbox 486 1955 493 1975; x_wconf 92' lang='lat'>:</span> <span class='ocrx_word' id='word_1_208' title='bbox 515 1945 616 1975; x_wconf 88' lang='lat' dir='ltr'>sedin</span> <span class='ocrx_word' id='word_1_209' title='bbox 631 1947 828 1975; x_wconf 82' lang='lat' dir='ltr'>sacramento</span> <span class='ocrx_word' id='word_1_210' title='bbox 844 1945 963 1974; x_wconf 84' lang='lat' dir='ltr'>ordinis</span> 
     </span>
     <span class='ocr_line' id='line_1_36' title="bbox 186 1997 961 2036; baseline -0.003 -8"><span class='ocrx_word' id='word_1_211' title='bbox 186 1998 303 2029; x_wconf 88' lang='lat' dir='ltr'>diversi</span> <span class='ocrx_word' id='word_1_212' title='bbox 318 1998 443 2028; x_wconf 87' lang='lat' dir='ltr'>ordines</span> <span class='ocrx_word' id='word_1_213' title='bbox 458 2000 532 2028; x_wconf 88' lang='lat' dir='ltr'>sunt</span> <span class='ocrx_word' id='word_1_214' title='bbox 548 1998 668 2035; x_wconf 78' lang='lat' dir='ltr'>gradus</span> <span class='ocrx_word' id='word_1_215' title='bbox 682 1997 896 2036; x_wconf 80' lang='lat' dir='ltr'>spiritualium</span> <span class='ocrx_word' id='word_1_216' title='bbox 914 1998 961 2027; x_wconf 84' lang='lat' dir='ltr'>of-</span> 
     </span>
     <span class='ocr_line' id='line_1_37' title="bbox 187 2051 963 2090; baseline 0 -9"><span class='ocrx_word' id='word_1_217' title='bbox 187 2052 343 2089; x_wconf 76' lang='lat' dir='ltr'>ficiorum,</span> <span class='ocrx_word' id='word_1_218' title='bbox 362 2052 443 2082; x_wconf 87' lang='lat' dir='ltr'>sicut</span> <span class='ocrx_word' id='word_1_219' title='bbox 458 2051 572 2081; x_wconf 88' lang='lat' dir='ltr'>dicitur</span> <span class='ocrx_word' id='word_1_220' title='bbox 586 2051 619 2081; x_wconf 91' lang='lat' dir='ltr'>in</span> <span class='ocrx_word' id='word_1_221' title='bbox 634 2051 751 2081; x_wconf 85' lang='lat' dir='ltr'>littera:</span> <span class='ocrx_word' id='word_1_222' title='bbox 771 2051 797 2080; x_wconf 85' lang='lat' dir='ltr'>si</span> <span class='ocrx_word' id='word_1_223' title='bbox 814 2060 892 2089; x_wconf 84' lang='lat' dir='ltr'>ergo</span> <span class='ocrx_word' id='word_1_224' title='bbox 908 2060 963 2090; x_wconf 85' lang='lat' dir='ltr'>per</span> 
     </span>
     <span class='ocr_line' id='line_1_38' title="bbox 187 2104 961 2143; baseline -0.001 -8"><span class='ocrx_word' id='word_1_225' title='bbox 187 2105 383 2135; x_wconf 82' lang='lat' dir='ltr'>characteres</span> <span class='ocrx_word' id='word_1_226' title='bbox 408 2105 440 2134; x_wconf 91' lang='lat' dir='ltr'>in</span> <span class='ocrx_word' id='word_1_227' title='bbox 463 2104 523 2134; x_wconf 89' lang='lat' dir='ltr'>illis</span> <span class='ocrx_word' id='word_1_228' title='bbox 545 2104 699 2143; x_wconf 79' lang='lat' dir='ltr'>gradibus</span> <span class='ocrx_word' id='word_1_229' title='bbox 718 2104 890 2141; x_wconf 76' lang='lat' dir='ltr'>situantur,</span> <span class='ocrx_word' id='word_1_230' title='bbox 914 2105 961 2135; x_wconf 91' lang='lat' dir='ltr'>vi-</span> 
     </span>
     <span class='ocr_line' id='line_1_39' title="bbox 187 2157 778 2197; baseline -0.002 -9"><span class='ocrx_word' id='word_1_231' title='bbox 187 2158 279 2188; x_wconf 90' lang='lat' dir='ltr'>detur</span> <span class='ocrx_word' id='word_1_232' title='bbox 293 2158 377 2197; x_wconf 87' lang='lat' dir='ltr'>quod</span> <span class='ocrx_word' id='word_1_233' title='bbox 392 2158 431 2188; x_wconf 86' lang='lat' dir='ltr'>sit</span> <span class='ocrx_word' id='word_1_234' title='bbox 443 2158 486 2187; x_wconf 86' lang='lat' dir='ltr'>ibi</span> <span class='ocrx_word' id='word_1_235' title='bbox 502 2157 677 2188; x_wconf 75' lang='lat' dir='ltr'>essentialis</span> <span class='ocrx_word' id='word_1_236' title='bbox 690 2157 778 2192; x_wconf 84' lang='lat' dir='ltr'>ordo.</span> 
     </span>
    </p>

    <p class='ocr_par' dir='ltr' id='par_1_9' title="bbox 188 2210 963 2517">
     <span class='ocr_line' id='line_1_40' title="bbox 228 2210 960 2251; baseline 0.001 -10"><span class='ocrx_word' id='word_1_237' title='bbox 228 2210 361 2242; x_wconf 82' lang='lat' dir='ltr'>Contra:</span> <span class='ocrx_word' id='word_1_238' title='bbox 381 2211 416 2241; x_wconf 91' lang='lat' dir='ltr'>In</span> <span class='ocrx_word' id='word_1_239' title='bbox 433 2211 497 2249; x_wconf 82' lang='lat' dir='ltr'>his,</span> <span class='ocrx_word' id='word_1_240' title='bbox 515 2211 547 2241; x_wconf 93' lang='lat' dir='ltr'>in</span> <span class='ocrx_word' id='word_1_241' title='bbox 562 2211 679 2251; x_wconf 87' lang='lat' dir='ltr'>quibus</span> <span class='ocrx_word' id='word_1_242' title='bbox 699 2213 746 2241; x_wconf 84' lang='lat' dir='ltr'>est</span> <span class='ocrx_word' id='word_1_243' title='bbox 762 2211 839 2241; x_wconf 90' lang='lat' dir='ltr'>ordo</span> <span class='ocrx_word' id='word_1_244' title='bbox 854 2220 960 2242; x_wconf 89' lang='lat' dir='ltr'>essen-</span> 
     </span>
     <span class='ocr_line' id='line_1_41' title="bbox 188 2264 960 2304; baseline 0.003 -10"><span class='ocrx_word' id='word_1_245' title='bbox 188 2264 282 2302; x_wconf 84' lang='lat' dir='ltr'>tialis,</span> <span class='ocrx_word' id='word_1_246' title='bbox 299 2264 458 2294; x_wconf 74' lang='lat' dir='ltr'>destructo</span> <span class='ocrx_word' id='word_1_247' title='bbox 473 2265 581 2304; x_wconf 80' lang='lat' dir='ltr'>priori,</span> <span class='ocrx_word' id='word_1_248' title='bbox 594 2264 769 2294; x_wconf 84' lang='lat' dir='ltr'>destruitur</span> <span class='ocrx_word' id='word_1_249' title='bbox 784 2265 941 2304; x_wconf 78' lang='lat' dir='ltr'>posterius</span> <span class='ocrx_word' id='word_1_250' title='bbox 954 2276 960 2296; x_wconf 90' lang='lat'>:</span> 
     </span>
     <span class='ocr_line' id='line_1_42' title="bbox 188 2317 963 2358; baseline 0 -11"><span class='ocrx_word' id='word_1_251' title='bbox 188 2318 242 2348; x_wconf 90' lang='lat' dir='ltr'>sed</span> <span class='ocrx_word' id='word_1_252' title='bbox 265 2327 329 2347; x_wconf 91' lang='lat' dir='ltr'>non</span> <span class='ocrx_word' id='word_1_253' title='bbox 352 2318 459 2348; x_wconf 85' lang='lat' dir='ltr'>habito</span> <span class='ocrx_word' id='word_1_254' title='bbox 484 2318 581 2358; x_wconf 90' lang='lat' dir='ltr'>priori</span> <span class='ocrx_word' id='word_1_255' title='bbox 603 2318 729 2355; x_wconf 78' lang='lat' dir='ltr'>ordine,</span> <span class='ocrx_word' id='word_1_256' title='bbox 754 2317 963 2348; x_wconf 87' lang='lat' dir='ltr'>nihilomiuus</span> 
     </span>
     <span class='ocr_line' id='line_1_43' title="bbox 188 2369 962 2410; baseline -0.001 -10"><span class='ocrx_word' id='word_1_257' title='bbox 188 2369 358 2400; x_wconf 86' lang='lat' dir='ltr'>haberetur</span> <span class='ocrx_word' id='word_1_258' title='bbox 380 2371 545 2410; x_wconf 83' lang='lat' dir='ltr'>posterior.</span> <span class='ocrx_word' id='word_1_259' title='bbox 562 2371 643 2400; x_wconf 79' lang='lat' dir='ltr'>sicut</span> <span class='ocrx_word' id='word_1_260' title='bbox 661 2372 746 2409; x_wconf 85' lang='lat' dir='ltr'>patet</span> <span class='ocrx_word' id='word_1_261' title='bbox 759 2370 793 2400; x_wconf 89' lang='lat' dir='ltr'>in</span> <span class='ocrx_word' id='word_1_262' title='bbox 809 2370 962 2400; x_wconf 88' lang='lat' dir='ltr'>ordinatis</span> 
     </span>
     <span class='ocr_line' id='line_1_44' title="bbox 189 2424 962 2465; baseline -0.001 -10"><span class='ocrx_word' id='word_1_263' title='bbox 189 2434 245 2465; x_wconf 88' lang='lat' dir='ltr'>per</span> <span class='ocrx_word' id='word_1_264' title='bbox 263 2424 395 2464; x_wconf 65' lang='lat' dir='ltr'>saltums,</span> <span class='ocrx_word' id='word_1_265' title='bbox 410 2425 465 2464; x_wconf 83' lang='lat' dir='ltr'>qui</span> <span class='ocrx_word' id='word_1_266' title='bbox 487 2434 550 2455; x_wconf 89' lang='lat' dir='ltr'>non</span> <span class='ocrx_word' id='word_1_267' title='bbox 570 2427 644 2454; x_wconf 86' lang='lat' dir='ltr'>sunt</span> <span class='ocrx_word' id='word_1_268' title='bbox 666 2424 867 2455; x_wconf 80' lang='lat' dir='ltr'>reordinandi</span> <span class='ocrx_word' id='word_1_269' title='bbox 886 2435 891 2454; x_wconf 73' lang='grc' dir='ltr'>ς</span> <span class='ocrx_word' id='word_1_270' title='bbox 909 2433 962 2454; x_wconf 91' lang='lat' dir='ltr'>er-</span> 
     </span>
     <span class='ocr_line' id='line_1_45' title="bbox 190 2477 963 2517; baseline 0.001 -10"><span class='ocrx_word' id='word_1_271' title='bbox 190 2486 250 2516; x_wconf 80' lang='lat' dir='ltr'>go,</span> <span class='ocrx_word' id='word_1_272' title='bbox 268 2480 326 2508; x_wconf 87' lang='lat' dir='ltr'>etc.</span> <span class='ocrx_word' id='word_1_273' title='bbox 352 2477 450 2517; x_wconf 83' lang='lat' dir='ltr'>Major</span> <span class='ocrx_word' id='word_1_274' title='bbox 470 2480 554 2517; x_wconf 86' lang='lat' dir='ltr'>patet</span> <span class='ocrx_word' id='word_1_275' title='bbox 574 2487 629 2516; x_wconf 84' lang='lat' dir='ltr'>per</span> <span class='ocrx_word' id='word_1_276' title='bbox 650 2487 682 2508; x_wconf 90' lang='lat' dir='ltr'>se</span> <span class='ocrx_word' id='word_1_277' title='bbox 703 2489 708 2508; x_wconf 88' lang='lat'>:</span> <span class='ocrx_word' id='word_1_278' title='bbox 726 2478 831 2508; x_wconf 86' lang='lat' dir='ltr'>minor</span> <span class='ocrx_word' id='word_1_279' title='bbox 848 2478 963 2517; x_wconf 88' lang='lat' dir='ltr'>proba-</span> 
     </span>
    </p>
   </div>
   <div class='ocr_carea' id='block_1_6' title="bbox 192 2563 963 2628">
    <p class='ocr_par' dir='ltr' id='par_1_10' title="bbox 192 2563 963 2628">
     <span class='ocr_line' id='line_1_46' title="bbox 193 2563 963 2593; baseline 0 -7"><span class='ocrx_word' id='word_1_280' title='bbox 193 2563 223 2586; x_wconf 83' lang='lat' dir='ltr'>lv</span> <span class='ocrx_word' id='word_1_281' title='bbox 241 2564 318 2591; x_wconf 57' lang='lat' dir='ltr'>Sem„</span> <span class='ocrx_word' id='word_1_282' title='bbox 332 2563 389 2587; x_wconf 78' lang='lat' dir='ltr'>dist.</span> <span class='ocrx_word' id='word_1_283' title='bbox 406 2568 475 2590; x_wconf 66' lang='lat' dir='ltr'>xxiv,</span> <span class='ocrx_word' id='word_1_284' title='bbox 487 2570 510 2593; x_wconf 82' lang='lat' dir='ltr'>q.</span> <span class='ocrx_word' id='word_1_285' title='bbox 526 2569 562 2591; x_wconf 71' lang='lat' dir='ltr'>x13</span> <span class='ocrx_word' id='word_1_286' title='bbox 577 2564 663 2586; x_wconf 75' lang='lat' dir='ltr'>t’elrus</span> <span class='ocrx_word' id='word_1_287' title='bbox 676 2563 706 2585; x_wconf 69' lang='lat' dir='ltr'>sle</span> <span class='ocrx_word' id='word_1_288' title='bbox 717 2564 828 2586; x_wconf 54' lang='lat' dir='ltr'>Taraut„</span> <span class='ocrx_word' id='word_1_289' title='bbox 841 2564 870 2586; x_wconf 67' lang='lat' dir='ltr'>lx&#39;</span> <span class='ocrx_word' id='word_1_290' title='bbox 883 2564 963 2592; x_wconf 60' lang='lat' dir='ltr'>Sene„</span> 
     </span>
     <span class='ocr_line' id='line_1_47' title="bbox 192 2598 438 2628; baseline 0 -7"><span class='ocrx_word' id='word_1_291' title='bbox 192 2598 246 2621; x_wconf 61' lang='lat' dir='ltr'>diu,</span> <span class='ocrx_word' id='word_1_292' title='bbox 263 2604 335 2628; x_wconf 59' lang='lat' dir='ltr'>xvv,</span> <span class='ocrx_word' id='word_1_293' title='bbox 347 2606 369 2628; x_wconf 71' lang='lat' dir='ltr'>q.</span> <span class='ocrx_word' id='word_1_294' title='bbox 387 2605 438 2622; x_wconf 76' lang='lat' dir='ltr'>xix.</span> 
     </span>
    </p>
   </div>
   <div class='ocr_carea' id='block_1_7' title="bbox 225 2646 844 2676">
    <p class='ocr_par' dir='ltr' id='par_1_11' title="bbox 225 2646 844 2676">
     <span class='ocr_line' id='line_1_48' title="bbox 225 2646 844 2676; baseline 0 -6"><span class='ocrx_word' id='word_1_295' title='bbox 225 2648 228 2659; x_wconf 83' lang='lat'><strong>¹</strong></span> <span class='ocrx_word' id='word_1_296' title='bbox 244 2647 313 2670; x_wconf 28' lang='lat' dir='ltr'>Decri</span> <span class='ocrx_word' id='word_1_297' title='bbox 333 2647 338 2670; x_wconf 94' lang='lat' dir='ltr'>l</span> <span class='ocrx_word' id='word_1_298' title='bbox 358 2648 382 2671; x_wconf 83' lang='lat' dir='ltr'>P.</span> <span class='ocrx_word' id='word_1_299' title='bbox 395 2660 423 2664; x_wconf 84' lang='lat'><em>-</em></span> <span class='ocrx_word' id='word_1_300' title='bbox 440 2648 449 2663; x_wconf 78' lang='lat'>³</span> <span class='ocrx_word' id='word_1_301' title='bbox 464 2646 595 2676; x_wconf 66' lang='lat' dir='ltr'>Decretal„</span> <span class='ocrx_word' id='word_1_302' title='bbox 612 2647 655 2670; x_wconf 79' lang='lat' dir='ltr'>lib.</span> <span class='ocrx_word' id='word_1_303' title='bbox 674 2648 701 2672; x_wconf 71' lang='lat' dir='ltr'>V,</span> <span class='ocrx_word' id='word_1_304' title='bbox 719 2647 755 2670; x_wconf 83' lang='lat' dir='ltr'>tit.</span> <span class='ocrx_word' id='word_1_305' title='bbox 772 2653 844 2670; x_wconf 76' lang='lat' dir='ltr'>xxix.</span> 
     </span>
    </p>
   </div>
   <div class='ocr_carea' id='block_1_8' title="bbox 749 170 1226 202">
    <p class='ocr_par' dir='ltr' id='par_1_12' title="bbox 749 170 1226 202">
     <span class='ocr_line' id='line_1_49' title="bbox 749 170 1226 202; baseline 0.002 -1"><span class='ocrx_word' id='word_1_306' title='bbox 749 170 1055 202; x_wconf 80' lang='lat' dir='ltr'>SENTENTIARUM</span> <span class='ocrx_word' id='word_1_307' title='bbox 1078 172 1151 202; x_wconf 87' lang='lat' dir='ltr'>LIB.</span> <span class='ocrx_word' id='word_1_308' title='bbox 1179 172 1226 202; x_wconf 92' lang='lat' dir='ltr'>lV.</span> 
     </span>
    </p>
   </div>
   <div class='ocr_carea' id='block_1_9' title="bbox 1011 239 1792 1610">
    <p class='ocr_par' dir='ltr' id='par_1_13' title="bbox 1011 239 1782 437">
     <span class='ocr_line' id='line_1_50' title="bbox 1012 239 1782 278; baseline 0.004 -10"><span class='ocrx_word' id='word_1_309' title='bbox 1012 240 1064 269; x_wconf 90' lang='lat' dir='ltr'>tur</span> <span class='ocrx_word' id='word_1_310' title='bbox 1094 248 1149 278; x_wconf 86' lang='lat' dir='ltr'>per</span> <span class='ocrx_word' id='word_1_311' title='bbox 1178 239 1272 275; x_wconf 89' lang='lat' dir='ltr'>illud,</span> <span class='ocrx_word' id='word_1_312' title='bbox 1301 240 1384 278; x_wconf 85' lang='lat' dir='ltr'>quod</span> <span class='ocrx_word' id='word_1_313' title='bbox 1413 239 1526 270; x_wconf 87' lang='lat' dir='ltr'>dicitur</span> <span class='ocrx_word' id='word_1_314' title='bbox 1551 241 1557 256; x_wconf 87' lang='lat'>¹</span> <span class='ocrx_word' id='word_1_315' title='bbox 1585 240 1782 272; x_wconf 86' lang='lat' dir='ltr'>distinctione</span> 
     </span>
     <span class='ocr_line' id='line_1_51' title="bbox 1011 293 1779 332; baseline 0.004 -10"><span class='ocrx_word' id='word_1_316' title='bbox 1011 293 1277 332; x_wconf 71' lang='lat' dir='ltr'>quinquagesima</span> <span class='ocrx_word' id='word_1_317' title='bbox 1299 294 1451 323; x_wconf 82' lang='lat' dir='ltr'>secunda:</span> <span class='ocrx_word' id='word_1_318' title='bbox 1476 293 1684 331; x_wconf 76' lang='lat' dir='ltr'>Sollicitudo,</span> <span class='ocrx_word' id='word_1_319' title='bbox 1708 297 1779 332; x_wconf 63' lang='lat' dir='ltr'>ete„</span> 
     </span>
     <span class='ocr_line' id='line_1_52' title="bbox 1012 345 1779 386; baseline 0.005 -12"><span class='ocrx_word' id='word_1_320' title='bbox 1012 347 1041 375; x_wconf 87' lang='lat' dir='ltr'>et</span> <span class='ocrx_word' id='word_1_321' title='bbox 1059 348 1148 375; x_wconf 71' lang='lat' dir='ltr'>extra</span> <span class='ocrx_word' id='word_1_322' title='bbox 1163 346 1183 382; x_wconf 77' lang='lat'>²,</span> <span class='ocrx_word' id='word_1_323' title='bbox 1206 345 1243 375; x_wconf 89' lang='lat' dir='ltr'>de</span> <span class='ocrx_word' id='word_1_324' title='bbox 1261 345 1378 376; x_wconf 76' lang='lat' dir='ltr'>tllerico</span> <span class='ocrx_word' id='word_1_325' title='bbox 1399 355 1454 386; x_wconf 87' lang='lat' dir='ltr'>per</span> <span class='ocrx_word' id='word_1_326' title='bbox 1478 346 1594 376; x_wconf 84' lang='lat' dir='ltr'>saltum</span> <span class='ocrx_word' id='word_1_327' title='bbox 1613 347 1757 377; x_wconf 84' lang='lat' dir='ltr'>ordinato</span> <span class='ocrx_word' id='word_1_328' title='bbox 1773 359 1779 378; x_wconf 88' lang='lat'>:</span> 
     </span>
     <span class='ocr_line' id='line_1_53' title="bbox 1016 400 1301 437; baseline 0.004 -8"><span class='ocrx_word' id='word_1_329' title='bbox 1016 400 1088 430; x_wconf 76' lang='lat' dir='ltr'>Tuoe</span> <span class='ocrx_word' id='word_1_330' title='bbox 1102 400 1227 437; x_wconf 76' lang='lat' dir='ltr'>litteroe,</span> <span class='ocrx_word' id='word_1_331' title='bbox 1245 402 1301 430; x_wconf 81' lang='lat' dir='ltr'>ete.</span> 
     </span>
    </p>

    <p class='ocr_par' dir='ltr' id='par_1_14' title="bbox 1012 453 1786 804">
     <span class='ocr_line' id='line_1_54' title="bbox 1053 453 1782 495; baseline 0.004 -12"><span class='ocrx_word' id='word_1_332' title='bbox 1053 453 1129 483; x_wconf 84' lang='lat' dir='ltr'>Item</span> <span class='ocrx_word' id='word_1_333' title='bbox 1150 454 1344 485; x_wconf 85' lang='lat' dir='ltr'>characteres</span> <span class='ocrx_word' id='word_1_334' title='bbox 1367 455 1634 495; x_wconf 84' lang='lat' dir='ltr'>comparationem</span> <span class='ocrx_word' id='word_1_335' title='bbox 1656 455 1782 493; x_wconf 81' lang='lat' dir='ltr'>liabent,</span> 
     </span>
     <span class='ocr_line' id='line_1_55' title="bbox 1013 508 1786 549; baseline 0.004 -12"><span class='ocrx_word' id='word_1_336' title='bbox 1013 508 1092 537; x_wconf 74' lang='lat' dir='ltr'>sit-ut</span> <span class='ocrx_word' id='word_1_337' title='bbox 1123 510 1289 547; x_wconf 73' lang='lat' dir='ltr'>potestates</span> <span class='ocrx_word' id='word_1_338' title='bbox 1309 512 1339 539; x_wconf 80' lang='lat' dir='ltr'>et</span> <span class='ocrx_word' id='word_1_339' title='bbox 1362 512 1449 540; x_wconf 86' lang='lat' dir='ltr'>actus</span> <span class='ocrx_word' id='word_1_340' title='bbox 1470 510 1634 546; x_wconf 87' lang='lat' dir='ltr'>ordinum,</span> <span class='ocrx_word' id='word_1_341' title='bbox 1651 510 1688 540; x_wconf 91' lang='lat' dir='ltr'>ad</span> <span class='ocrx_word' id='word_1_342' title='bbox 1705 519 1786 549; x_wconf 84' lang='lat' dir='ltr'>quos</span> 
     </span>
     <span class='ocr_line' id='line_1_56' title="bbox 1012 561 1785 603; baseline 0.005 -13"><span class='ocrx_word' id='word_1_343' title='bbox 1012 561 1137 591; x_wconf 84' lang='lat' dir='ltr'>ordines</span> <span class='ocrx_word' id='word_1_344' title='bbox 1152 565 1396 600; x_wconf 69' lang='lat' dir='ltr'>comparantur:</span> <span class='ocrx_word' id='word_1_345' title='bbox 1422 563 1473 593; x_wconf 85' lang='lat' dir='ltr'>sed</span> <span class='ocrx_word' id='word_1_346' title='bbox 1492 564 1523 593; x_wconf 89' lang='lat' dir='ltr'>in</span> <span class='ocrx_word' id='word_1_347' title='bbox 1543 563 1603 593; x_wconf 89' lang='lat' dir='ltr'>illis</span> <span class='ocrx_word' id='word_1_348' title='bbox 1622 563 1785 603; x_wconf 83' lang='lat' dir='ltr'>potestati-</span> 
     </span>
     <span class='ocr_line' id='line_1_57' title="bbox 1015 614 1783 655; baseline 0.003 -11"><span class='ocrx_word' id='word_1_349' title='bbox 1015 614 1074 644; x_wconf 82' lang='lat' dir='ltr'>bus</span> <span class='ocrx_word' id='word_1_350' title='bbox 1091 614 1197 644; x_wconf 84' lang='lat' dir='ltr'>nullus</span> <span class='ocrx_word' id='word_1_351' title='bbox 1212 615 1342 646; x_wconf 60' lang='lat' dir='ltr'>cannino</span> <span class='ocrx_word' id='word_1_352' title='bbox 1363 619 1408 646; x_wconf 75' lang='lat' dir='ltr'>est</span> <span class='ocrx_word' id='word_1_353' title='bbox 1424 616 1516 653; x_wconf 80' lang='lat' dir='ltr'>ordo,</span> <span class='ocrx_word' id='word_1_354' title='bbox 1536 616 1615 646; x_wconf 85' lang='lat' dir='ltr'>sicut</span> <span class='ocrx_word' id='word_1_355' title='bbox 1631 616 1662 646; x_wconf 91' lang='lat' dir='ltr'>in</span> <span class='ocrx_word' id='word_1_356' title='bbox 1679 618 1783 655; x_wconf 88' lang='lat' dir='ltr'>potes-</span> 
     </span>
     <span class='ocr_line' id='line_1_58' title="bbox 1016 668 1782 707; baseline 0.004 -10"><span class='ocrx_word' id='word_1_357' title='bbox 1016 670 1077 698; x_wconf 84' lang='lat' dir='ltr'>tate</span> <span class='ocrx_word' id='word_1_358' title='bbox 1094 668 1268 707; x_wconf 82' lang='lat' dir='ltr'>expellendi</span> <span class='ocrx_word' id='word_1_359' title='bbox 1286 669 1455 707; x_wconf 67' lang='lat' dir='ltr'>daemones,</span> <span class='ocrx_word' id='word_1_360' title='bbox 1473 672 1502 699; x_wconf 89' lang='lat' dir='ltr'>et</span> <span class='ocrx_word' id='word_1_361' title='bbox 1521 670 1640 700; x_wconf 82' lang='lat' dir='ltr'>ferendi</span> <span class='ocrx_word' id='word_1_362' title='bbox 1657 678 1782 700; x_wconf 88' lang='lat' dir='ltr'>cereos:</span> 
     </span>
     <span class='ocr_line' id='line_1_59' title="bbox 1014 721 1785 760; baseline 0.003 -9"><span class='ocrx_word' id='word_1_363' title='bbox 1014 730 1092 760; x_wconf 76' lang='lat' dir='ltr'>ergo</span> <span class='ocrx_word' id='word_1_364' title='bbox 1117 721 1224 751; x_wconf 85' lang='lat' dir='ltr'>nullus</span> <span class='ocrx_word' id='word_1_365' title='bbox 1252 725 1298 752; x_wconf 85' lang='lat' dir='ltr'>est</span> <span class='ocrx_word' id='word_1_366' title='bbox 1323 723 1400 752; x_wconf 86' lang='lat' dir='ltr'>ordo</span> <span class='ocrx_word' id='word_1_367' title='bbox 1425 723 1457 752; x_wconf 85' lang='lat' dir='ltr'>in</span> <span class='ocrx_word' id='word_1_368' title='bbox 1481 723 1595 753; x_wconf 87' lang='lat' dir='ltr'>talibus</span> <span class='ocrx_word' id='word_1_369' title='bbox 1623 723 1785 754; x_wconf 88' lang='lat' dir='ltr'>characte-</span> 
     </span>
     <span class='ocr_line' id='line_1_60' title="bbox 1013 774 1113 804; baseline 0 0"><span class='ocrx_word' id='word_1_370' title='bbox 1013 774 1113 804; x_wconf 75' lang='lat' dir='ltr'>ribus,</span> 
     </span>
    </p>

    <p class='ocr_par' dir='ltr' id='par_1_15' title="bbox 1014 827 1791 1238">
     <span class='ocr_line' id='line_1_61' title="bbox 1057 827 1787 867; baseline 0.003 -11"><span class='ocrx_word' id='word_1_371' title='bbox 1057 827 1132 856; x_wconf 77' lang='lat' dir='ltr'>ltcm</span> <span class='ocrx_word' id='word_1_372' title='bbox 1151 827 1182 856; x_wconf 91' lang='lat' dir='ltr'>in</span> <span class='ocrx_word' id='word_1_373' title='bbox 1205 827 1270 864; x_wconf 91' lang='lat' dir='ltr'>his,</span> <span class='ocrx_word' id='word_1_374' title='bbox 1295 836 1367 866; x_wconf 70' lang='lat' dir='ltr'>quae</span> <span class='ocrx_word' id='word_1_375' title='bbox 1391 828 1561 867; x_wconf 86' lang='lat' dir='ltr'>respiciunt</span> <span class='ocrx_word' id='word_1_376' title='bbox 1575 827 1737 867; x_wconf 86' lang='lat' dir='ltr'>corporale</span> <span class='ocrx_word' id='word_1_377' title='bbox 1757 831 1787 858; x_wconf 88' lang='lat' dir='ltr'>et</span> 
     </span>
     <span class='ocr_line' id='line_1_62' title="bbox 1015 879 1786 919; baseline 0.001 -11"><span class='ocrx_word' id='word_1_378' title='bbox 1015 879 1191 918; x_wconf 68' lang='lat' dir='ltr'>spirituale,</span> <span class='ocrx_word' id='word_1_379' title='bbox 1216 880 1304 919; x_wconf 90' lang='lat' dir='ltr'>prius</span> <span class='ocrx_word' id='word_1_380' title='bbox 1323 882 1367 910; x_wconf 85' lang='lat' dir='ltr'>est</span> <span class='ocrx_word' id='word_1_381' title='bbox 1389 880 1567 919; x_wconf 84' lang='lat' dir='ltr'>corporale,</span> <span class='ocrx_word' id='word_1_382' title='bbox 1582 889 1678 919; x_wconf 81' lang='lat' dir='ltr'>quam</span> <span class='ocrx_word' id='word_1_383' title='bbox 1693 880 1786 919; x_wconf 90' lang='lat' dir='ltr'>spiri-</span> 
     </span>
     <span class='ocr_line' id='line_1_63' title="bbox 1014 932 1790 963; baseline 0.001 -1"><span class='ocrx_word' id='word_1_384' title='bbox 1014 932 1114 962; x_wconf 86' lang='lat' dir='ltr'>tuale:</span> <span class='ocrx_word' id='word_1_385' title='bbox 1143 933 1195 963; x_wconf 87' lang='lat' dir='ltr'>sed</span> <span class='ocrx_word' id='word_1_386' title='bbox 1216 933 1403 963; x_wconf 79' lang='lat' dir='ltr'>exorcizatio</span> <span class='ocrx_word' id='word_1_387' title='bbox 1427 933 1500 963; x_wconf 87' lang='lat' dir='ltr'>dicit</span> <span class='ocrx_word' id='word_1_388' title='bbox 1525 933 1746 963; x_wconf 83' lang='lat' dir='ltr'>liberationem</span> <span class='ocrx_word' id='word_1_389' title='bbox 1771 942 1790 963; x_wconf 86' lang='lat' dir='ltr'>a</span> 
     </span>
     <span class='ocr_line' id='line_1_64' title="bbox 1015 986 1790 1026; baseline 0 -11"><span class='ocrx_word' id='word_1_390' title='bbox 1015 986 1183 1016; x_wconf 84' lang='lat' dir='ltr'>vexatione</span> <span class='ocrx_word' id='word_1_391' title='bbox 1198 986 1385 1026; x_wconf 72' lang='lat' dir='ltr'>spirituum,</span> <span class='ocrx_word' id='word_1_392' title='bbox 1404 987 1457 1017; x_wconf 88' lang='lat' dir='ltr'>sed</span> <span class='ocrx_word' id='word_1_393' title='bbox 1474 987 1649 1026; x_wconf 84' lang='lat' dir='ltr'>acolytatus</span> <span class='ocrx_word' id='word_1_394' title='bbox 1663 986 1790 1026; x_wconf 89' lang='lat' dir='ltr'>respicit</span> 
     </span>
     <span class='ocr_line' id='line_1_65' title="bbox 1016 1039 1790 1078; baseline 0 -9"><span class='ocrx_word' id='word_1_395' title='bbox 1016 1040 1156 1069; x_wconf 70' lang='lat' dir='ltr'>officium</span> <span class='ocrx_word' id='word_1_396' title='bbox 1182 1040 1379 1069; x_wconf 84' lang='lat' dir='ltr'>illuminandi</span> <span class='ocrx_word' id='word_1_397' title='bbox 1400 1051 1406 1070; x_wconf 73' lang='grc' dir='ltr'>ε</span> <span class='ocrx_word' id='word_1_398' title='bbox 1430 1048 1509 1078; x_wconf 79' lang='lat' dir='ltr'>ergo</span> <span class='ocrx_word' id='word_1_399' title='bbox 1531 1039 1618 1078; x_wconf 86' lang='lat' dir='ltr'>prior</span> <span class='ocrx_word' id='word_1_400' title='bbox 1643 1041 1688 1069; x_wconf 90' lang='lat' dir='ltr'>est</span> <span class='ocrx_word' id='word_1_401' title='bbox 1713 1039 1790 1069; x_wconf 90' lang='lat' dir='ltr'>ordo</span> 
     </span>
     <span class='ocr_line' id='line_1_66' title="bbox 1015 1092 1791 1131; baseline 0 -9"><span class='ocrx_word' id='word_1_402' title='bbox 1015 1092 1142 1130; x_wconf 77' lang='lat' dir='ltr'>acolyti,</span> <span class='ocrx_word' id='word_1_403' title='bbox 1161 1101 1257 1131; x_wconf 84' lang='lat' dir='ltr'>quam</span> <span class='ocrx_word' id='word_1_404' title='bbox 1275 1092 1313 1122; x_wconf 87' lang='lat' dir='ltr'>sit</span> <span class='ocrx_word' id='word_1_405' title='bbox 1329 1093 1513 1123; x_wconf 62' lang='lat' dir='ltr'>exorcistas:</span> <span class='ocrx_word' id='word_1_406' title='bbox 1532 1102 1596 1122; x_wconf 90' lang='lat' dir='ltr'>non</span> <span class='ocrx_word' id='word_1_407' title='bbox 1616 1101 1694 1131; x_wconf 84' lang='lat' dir='ltr'>ergo</span> <span class='ocrx_word' id='word_1_408' title='bbox 1708 1094 1791 1122; x_wconf 85' lang='lat' dir='ltr'>recte</span> 
     </span>
     <span class='ocr_line' id='line_1_67' title="bbox 1016 1145 1790 1184; baseline 0.001 -9"><span class='ocrx_word' id='word_1_409' title='bbox 1016 1146 1216 1182; x_wconf 85' lang='lat' dir='ltr'>ordinantur,</span> <span class='ocrx_word' id='word_1_410' title='bbox 1238 1154 1311 1175; x_wconf 80' lang='lat' dir='ltr'>eum</span> <span class='ocrx_word' id='word_1_411' title='bbox 1333 1155 1417 1176; x_wconf 90' lang='lat' dir='ltr'>unus</span> <span class='ocrx_word' id='word_1_412' title='bbox 1434 1146 1558 1176; x_wconf 85' lang='lat' dir='ltr'>dicatur</span> <span class='ocrx_word' id='word_1_413' title='bbox 1574 1145 1651 1176; x_wconf 91' lang='lat' dir='ltr'>ordo</span> <span class='ocrx_word' id='word_1_414' title='bbox 1666 1146 1790 1184; x_wconf 83' lang='lat' dir='ltr'>tertius,</span> 
     </span>
     <span class='ocr_line' id='line_1_68' title="bbox 1016 1198 1256 1238; baseline 0 -10"><span class='ocrx_word' id='word_1_415' title='bbox 1016 1198 1094 1228; x_wconf 84' lang='lat' dir='ltr'>alter</span> <span class='ocrx_word' id='word_1_416' title='bbox 1112 1201 1256 1238; x_wconf 85' lang='lat' dir='ltr'>quartus.</span> 
     </span>
    </p>

    <p class='ocr_par' dir='ltr' id='par_1_16' title="bbox 1016 1252 1792 1610">
     <span class='ocr_line' id='line_1_69' title="bbox 1058 1252 1791 1292; baseline 0.001 -11"><span class='ocrx_word' id='word_1_417' title='bbox 1058 1252 1135 1282; x_wconf 85' lang='lat' dir='ltr'>Item</span> <span class='ocrx_word' id='word_1_418' title='bbox 1151 1252 1239 1291; x_wconf 84' lang='lat' dir='ltr'>prius</span> <span class='ocrx_word' id='word_1_419' title='bbox 1255 1255 1312 1289; x_wconf 79' lang='lat' dir='ltr'>est,</span> <span class='ocrx_word' id='word_1_420' title='bbox 1329 1252 1414 1292; x_wconf 87' lang='lat' dir='ltr'>quod</span> <span class='ocrx_word' id='word_1_421' title='bbox 1431 1252 1572 1282; x_wconf 84' lang='lat' dir='ltr'>liberata</span> <span class='ocrx_word' id='word_1_422' title='bbox 1586 1252 1680 1290; x_wconf 86' lang='lat' dir='ltr'>malo,</span> <span class='ocrx_word' id='word_1_423' title='bbox 1693 1261 1791 1292; x_wconf 87' lang='lat' dir='ltr'>quam</span> 
     </span>
     <span class='ocr_line' id='line_1_70' title="bbox 1016 1305 1792 1345; baseline 0.003 -11"><span class='ocrx_word' id='word_1_424' title='bbox 1016 1305 1098 1345; x_wconf 87' lang='lat' dir='ltr'>quod</span> <span class='ocrx_word' id='word_1_425' title='bbox 1127 1305 1272 1335; x_wconf 80' lang='lat' dir='ltr'>habilitat</span> <span class='ocrx_word' id='word_1_426' title='bbox 1292 1306 1330 1335; x_wconf 89' lang='lat' dir='ltr'>ad</span> <span class='ocrx_word' id='word_1_427' title='bbox 1353 1306 1494 1335; x_wconf 86' lang='lat' dir='ltr'>bonum:</span> <span class='ocrx_word' id='word_1_428' title='bbox 1518 1305 1572 1335; x_wconf 87' lang='lat' dir='ltr'>sed</span> <span class='ocrx_word' id='word_1_429' title='bbox 1596 1305 1630 1335; x_wconf 92' lang='lat' dir='ltr'>in</span> <span class='ocrx_word' id='word_1_430' title='bbox 1654 1305 1792 1336; x_wconf 77' lang='lat' dir='ltr'>secundo</span> 
     </span>
     <span class='ocr_line' id='line_1_71' title="bbox 1017 1358 1790 1395; baseline 0.003 -8"><span class='ocrx_word' id='word_1_431' title='bbox 1017 1361 1062 1388; x_wconf 86' lang='lat' dir='ltr'>est</span> <span class='ocrx_word' id='word_1_432' title='bbox 1077 1359 1252 1389; x_wconf 81' lang='lat' dir='ltr'>habilitatio</span> <span class='ocrx_word' id='word_1_433' title='bbox 1273 1359 1312 1388; x_wconf 84' lang='lat' dir='ltr'>ab</span> <span class='ocrx_word' id='word_1_434' title='bbox 1333 1359 1470 1395; x_wconf 79' lang='lat' dir='ltr'>bonum,</span> <span class='ocrx_word' id='word_1_435' title='bbox 1492 1358 1525 1388; x_wconf 89' lang='lat' dir='ltr'>in</span> <span class='ocrx_word' id='word_1_436' title='bbox 1539 1358 1630 1389; x_wconf 90' lang='lat' dir='ltr'>tertio</span> <span class='ocrx_word' id='word_1_437' title='bbox 1651 1360 1698 1389; x_wconf 88' lang='lat' dir='ltr'>est</span> <span class='ocrx_word' id='word_1_438' title='bbox 1712 1358 1790 1389; x_wconf 86' lang='lat' dir='ltr'>libe-</span> 
     </span>
     <span class='ocr_line' id='line_1_72' title="bbox 1017 1410 1792 1450; baseline 0.001 -9"><span class='ocrx_word' id='word_1_439' title='bbox 1017 1412 1096 1441; x_wconf 89' lang='lat' dir='ltr'>ratio</span> <span class='ocrx_word' id='word_1_440' title='bbox 1121 1422 1139 1440; x_wconf 79' lang='lat' dir='ltr'>a</span> <span class='ocrx_word' id='word_1_441' title='bbox 1170 1411 1278 1441; x_wconf 83' lang='lat' dir='ltr'>malo:</span> <span class='ocrx_word' id='word_1_442' title='bbox 1306 1420 1386 1448; x_wconf 82' lang='lat' dir='ltr'>ergo</span> <span class='ocrx_word' id='word_1_443' title='bbox 1413 1410 1539 1440; x_wconf 85' lang='lat' dir='ltr'>videtur</span> <span class='ocrx_word' id='word_1_444' title='bbox 1567 1411 1650 1450; x_wconf 91' lang='lat' dir='ltr'>quod</span> <span class='ocrx_word' id='word_1_445' title='bbox 1681 1411 1792 1442; x_wconf 83' lang='lat' dir='ltr'>tertius</span> 
     </span>
     <span class='ocr_line' id='line_1_73' title="bbox 1017 1464 1790 1504; baseline 0 -9"><span class='ocrx_word' id='word_1_446' title='bbox 1017 1465 1093 1495; x_wconf 87' lang='lat' dir='ltr'>ordo</span> <span class='ocrx_word' id='word_1_447' title='bbox 1110 1465 1148 1495; x_wconf 84' lang='lat' dir='ltr'>sit</span> <span class='ocrx_word' id='word_1_448' title='bbox 1168 1465 1264 1504; x_wconf 79' lang='lat' dir='ltr'>prior,</span> <span class='ocrx_word' id='word_1_449' title='bbox 1288 1473 1383 1504; x_wconf 81' lang='lat' dir='ltr'>quam</span> <span class='ocrx_word' id='word_1_450' title='bbox 1409 1464 1585 1495; x_wconf 88' lang='lat' dir='ltr'>secundus:</span> <span class='ocrx_word' id='word_1_451' title='bbox 1609 1464 1663 1495; x_wconf 89' lang='lat' dir='ltr'>sed</span> <span class='ocrx_word' id='word_1_452' title='bbox 1684 1465 1727 1495; x_wconf 87' lang='lat' dir='ltr'>ita</span> <span class='ocrx_word' id='word_1_453' title='bbox 1742 1465 1790 1495; x_wconf 88' lang='lat' dir='ltr'>vi-</span> 
     </span>
     <span class='ocr_line' id='line_1_74' title="bbox 1017 1518 1791 1558; baseline 0 -10"><span class='ocrx_word' id='word_1_454' title='bbox 1017 1518 1120 1556; x_wconf 82' lang='lat' dir='ltr'>detur,</span> <span class='ocrx_word' id='word_1_455' title='bbox 1134 1519 1218 1558; x_wconf 86' lang='lat' dir='ltr'>quod</span> <span class='ocrx_word' id='word_1_456' title='bbox 1234 1518 1341 1548; x_wconf 90' lang='lat' dir='ltr'>nullus</span> <span class='ocrx_word' id='word_1_457' title='bbox 1357 1518 1396 1547; x_wconf 83' lang='lat' dir='ltr'>sit</span> <span class='ocrx_word' id='word_1_458' title='bbox 1408 1518 1485 1548; x_wconf 87' lang='lat' dir='ltr'>ordo</span> <span class='ocrx_word' id='word_1_459' title='bbox 1501 1520 1605 1549; x_wconf 88' lang='lat' dir='ltr'>certus</span> <span class='ocrx_word' id='word_1_460' title='bbox 1619 1518 1702 1548; x_wconf 86' lang='lat' dir='ltr'>iuter</span> <span class='ocrx_word' id='word_1_461' title='bbox 1715 1518 1791 1549; x_wconf 86' lang='lat' dir='ltr'>istos</span> 
     </span>
     <span class='ocr_line' id='line_1_75' title="bbox 1019 1571 1149 1610; baseline 0 -9"><span class='ocrx_word' id='word_1_462' title='bbox 1019 1571 1149 1610; x_wconf 84' lang='lat' dir='ltr'>gradus.</span> 
     </span>
    </p>
   </div>
   <div class='ocr_carea' id='block_1_10' title="bbox 1293 1645 1518 1677">
    <p class='ocr_par' dir='ltr' id='par_1_17' title="bbox 1293 1645 1518 1677">
     <span class='ocr_line' id='line_1_76' title="bbox 1293 1645 1518 1677; baseline 0 -1"><span class='ocrx_word' id='word_1_463' title='bbox 1293 1645 1518 1677; x_wconf 86' lang='lat' dir='ltr'>CONCLUSIO.</span> 
     </span>
    </p>
   </div>
   <div class='ocr_carea' id='block_1_11' title="bbox 1020 1726 1793 1846">
    <p class='ocr_par' dir='ltr' id='par_1_18' title="bbox 1020 1726 1793 1846">
     <span class='ocr_line' id='line_1_77' title="bbox 1020 1726 1791 1760; baseline -0.001 -7"><span class='ocrx_word' id='word_1_464' title='bbox 1020 1728 1125 1753; x_wconf 60' lang='lat' dir='ltr'>Diversa</span> <span class='ocrx_word' id='word_1_465' title='bbox 1143 1727 1175 1760; x_wconf 81' lang='grc' dir='ltr'>(ιι)</span> <span class='ocrx_word' id='word_1_466' title='bbox 1198 1726 1362 1752; x_wconf 77' lang='lat' dir='ltr'>characteres</span> <span class='ocrx_word' id='word_1_467' title='bbox 1379 1726 1502 1752; x_wconf 69' lang='lat' dir='ltr'>ordinum</span> <span class='ocrx_word' id='word_1_468' title='bbox 1517 1732 1569 1751; x_wconf 82' lang='lat' dir='ltr'>non</span> <span class='ocrx_word' id='word_1_469' title='bbox 1583 1727 1643 1752; x_wconf 74' lang='lat' dir='ltr'>sunt</span> <span class='ocrx_word' id='word_1_470' title='bbox 1664 1727 1791 1752; x_wconf 80' lang='lat' dir='ltr'>essentia-</span> 
     </span>
     <span class='ocr_line' id='line_1_78' title="bbox 1056 1769 1793 1803; baseline -0.003 -6"><span class='ocrx_word' id='word_1_471' title='bbox 1056 1772 1118 1797; x_wconf 68' lang='lat' dir='ltr'>Iv&#39;ter</span> <span class='ocrx_word' id='word_1_472' title='bbox 1133 1770 1266 1801; x_wconf 72' lang='lat' dir='ltr'>ordinati,-</span> <span class='ocrx_word' id='word_1_473' title='bbox 1283 1770 1327 1796; x_wconf 74' lang='lat' dir='ltr'>sed</span> <span class='ocrx_word' id='word_1_474' title='bbox 1343 1770 1404 1796; x_wconf 80' lang='lat' dir='ltr'>bene</span> <span class='ocrx_word' id='word_1_475' title='bbox 1423 1769 1519 1795; x_wconf 74' lang='lat' dir='ltr'>habent</span> <span class='ocrx_word' id='word_1_476' title='bbox 1539 1770 1730 1803; x_wconf 73' lang='lat' dir='ltr'>conqruz‘tatem</span> <span class='ocrx_word' id='word_1_477' title='bbox 1751 1777 1793 1796; x_wconf 86' lang='lat' dir='ltr'>or-</span> 
     </span>
     <span class='ocr_line' id='line_1_79' title="bbox 1056 1815 1534 1846; baseline -0.006 -4"><span class='ocrx_word' id='word_1_478' title='bbox 1056 1816 1129 1842; x_wconf 73' lang='lat' dir='ltr'>dinis</span> <span class='ocrx_word' id='word_1_479' title='bbox 1144 1817 1213 1842; x_wconf 75' lang='lat' dir='ltr'>inter</span> <span class='ocrx_word' id='word_1_480' title='bbox 1228 1822 1263 1846; x_wconf 78' lang='lat' dir='ltr'>sc,</span> <span class='ocrx_word' id='word_1_481' title='bbox 1279 1822 1330 1840; x_wconf 79' lang='lat' dir='ltr'>non</span> <span class='ocrx_word' id='word_1_482' title='bbox 1345 1815 1534 1840; x_wconf 77' lang='lat' dir='ltr'>necessitatem.</span> 
     </span>
    </p>
   </div>
   <div class='ocr_carea' id='block_1_12' title="bbox 1018 1891 1822 2621">
    <p class='ocr_par' dir='ltr' id='par_1_19' title="bbox 1018 1891 1822 2621">
     <span class='ocr_line' id='line_1_80' title="bbox 1060 1891 1822 1932; baseline -0.003 -9"><span class='ocrx_word' id='word_1_483' title='bbox 1060 1893 1151 1932; x_wconf 84' lang='lat' dir='ltr'>Resp.</span> <span class='ocrx_word' id='word_1_484' title='bbox 1175 1893 1213 1923; x_wconf 89' lang='lat' dir='ltr'>ad</span> <span class='ocrx_word' id='word_1_485' title='bbox 1234 1901 1304 1931; x_wconf 78' lang='lat' dir='ltr'>arg.</span> <span class='ocrx_word' id='word_1_486' title='bbox 1328 1891 1519 1929; x_wconf 88' lang='lat' dir='ltr'>Dicendum,</span> <span class='ocrx_word' id='word_1_487' title='bbox 1539 1892 1624 1931; x_wconf 79' lang='lat' dir='ltr'>quod</span> <span class='ocrx_word' id='word_1_488' title='bbox 1646 1893 1692 1922; x_wconf 89' lang='lat' dir='ltr'>est</span> <span class='ocrx_word' id='word_1_489' title='bbox 1715 1891 1792 1922; x_wconf 88' lang='lat' dir='ltr'>ordo</span> <span class='ocrx_word' id='word_1_490' title='bbox 1819 1919 1822 1921; x_wconf 19' lang='grc' dir='ltr'><strong>Α</strong></span> 
     </span>
     <span class='ocr_line' id='line_1_81' title="bbox 1020 1945 1793 1985; baseline -0.003 -7"><span class='ocrx_word' id='word_1_491' title='bbox 1020 1948 1221 1985; x_wconf 78' lang='lat' dir='ltr'>necessitatis,</span> <span class='ocrx_word' id='word_1_492' title='bbox 1237 1949 1267 1977; x_wconf 84' lang='lat' dir='ltr'>et</span> <span class='ocrx_word' id='word_1_493' title='bbox 1280 1949 1325 1976; x_wconf 84' lang='lat' dir='ltr'>est</span> <span class='ocrx_word' id='word_1_494' title='bbox 1338 1946 1415 1976; x_wconf 92' lang='lat' dir='ltr'>ordo</span> <span class='ocrx_word' id='word_1_495' title='bbox 1430 1946 1651 1984; x_wconf 80' lang='lat' dir='ltr'>congruitatis.</span> <span class='ocrx_word' id='word_1_496' title='bbox 1669 1945 1701 1976; x_wconf 91' lang='lat' dir='ltr'>Si</span> <span class='ocrx_word' id='word_1_497' title='bbox 1712 1954 1793 1985; x_wconf 84' lang='lat' dir='ltr'>ergo</span> 
     </span>
     <span class='ocr_line' id='line_1_82' title="bbox 1018 1996 1792 2037; baseline -0.003 -9"><span class='ocrx_word' id='word_1_498' title='bbox 1018 1998 1189 2037; x_wconf 84' lang='lat' dir='ltr'>loquamur</span> <span class='ocrx_word' id='word_1_499' title='bbox 1200 1998 1237 2028; x_wconf 91' lang='lat' dir='ltr'>de</span> <span class='ocrx_word' id='word_1_500' title='bbox 1249 1997 1360 2027; x_wconf 85' lang='lat' dir='ltr'>ordine</span> <span class='ocrx_word' id='word_1_501' title='bbox 1375 1997 1509 2026; x_wconf 86' lang='lat' dir='ltr'>istorum</span> <span class='ocrx_word' id='word_1_502' title='bbox 1523 1996 1684 2034; x_wconf 72' lang='lat' dir='ltr'>graduum</span> <span class='ocrx_word' id='word_1_503' title='bbox 1699 1996 1792 2027; x_wconf 89' lang='lat' dir='ltr'>eccle—</span> 
     </span>
     <span class='ocr_line' id='line_1_83' title="bbox 1019 2041 1790 2088; baseline -0.004 -7"><span class='ocrx_word' id='word_1_504' title='bbox 1019 2051 1228 2085; x_wconf 84' lang='lat' dir='ltr'>siasticorum,</span> <span class='ocrx_word' id='word_1_505' title='bbox 1248 2041 1417 2079; x_wconf 80' lang='lat' dir='ltr'>dicendum</span> <span class='ocrx_word' id='word_1_506' title='bbox 1441 2049 1527 2088; x_wconf 89' lang='lat' dir='ltr'>quod</span> <span class='ocrx_word' id='word_1_507' title='bbox 1546 2058 1610 2078; x_wconf 90' lang='lat' dir='ltr'>non</span> <span class='ocrx_word' id='word_1_508' title='bbox 1635 2051 1681 2079; x_wconf 90' lang='lat' dir='ltr'>est</span> <span class='ocrx_word' id='word_1_509' title='bbox 1704 2048 1790 2079; x_wconf 88' lang='lat' dir='ltr'>ordi-</span> 
     </span>
     <span class='ocr_line' id='line_1_84' title="bbox 1019 2102 1792 2141; baseline -0.005 -6"><span class='ocrx_word' id='word_1_510' title='bbox 1019 2105 1105 2135; x_wconf 86' lang='lat' dir='ltr'>natio</span> <span class='ocrx_word' id='word_1_511' title='bbox 1118 2103 1304 2139; x_wconf 84' lang='lat' dir='ltr'>necessaria,</span> <span class='ocrx_word' id='word_1_512' title='bbox 1318 2111 1376 2132; x_wconf 89' lang='lat' dir='ltr'>nec</span> <span class='ocrx_word' id='word_1_513' title='bbox 1390 2102 1573 2139; x_wconf 84' lang='lat' dir='ltr'>essentialis,</span> <span class='ocrx_word' id='word_1_514' title='bbox 1590 2110 1647 2141; x_wconf 91' lang='lat' dir='ltr'>pro</span> <span class='ocrx_word' id='word_1_515' title='bbox 1658 2110 1694 2132; x_wconf 91' lang='lat' dir='ltr'>eo</span> <span class='ocrx_word' id='word_1_516' title='bbox 1706 2102 1792 2141; x_wconf 89' lang='lat' dir='ltr'>quod</span> 
     </span>
     <span class='ocr_line' id='line_1_85' title="bbox 1019 2153 1792 2196; baseline -0.004 -8"><span class='ocrx_word' id='word_1_517' title='bbox 1019 2158 1095 2188; x_wconf 86' lang='lat' dir='ltr'>ordo</span> <span class='ocrx_word' id='word_1_518' title='bbox 1112 2155 1264 2196; x_wconf 82' lang='lat' dir='ltr'>posterior</span> <span class='ocrx_word' id='word_1_519' title='bbox 1287 2155 1396 2185; x_wconf 86' lang='lat' dir='ltr'>haberi</span> <span class='ocrx_word' id='word_1_520' title='bbox 1417 2157 1517 2194; x_wconf 87' lang='lat' dir='ltr'>potest</span> <span class='ocrx_word' id='word_1_521' title='bbox 1539 2157 1569 2184; x_wconf 88' lang='lat' dir='ltr'>et</span> <span class='ocrx_word' id='word_1_522' title='bbox 1594 2153 1710 2193; x_wconf 85' lang='lat' dir='ltr'>suscipi</span> <span class='ocrx_word' id='word_1_523' title='bbox 1725 2154 1792 2185; x_wconf 90' lang='lat' dir='ltr'>sine</span> 
     </span>
     <span class='ocr_line' id='line_1_86' title="bbox 1020 2207 1794 2251; baseline -0.005 -10"><span class='ocrx_word' id='word_1_524' title='bbox 1020 2211 1128 2251; x_wconf 89' lang='lat' dir='ltr'>priori.</span> <span class='ocrx_word' id='word_1_525' title='bbox 1151 2209 1182 2240; x_wconf 90' lang='lat' dir='ltr'>Si</span> <span class='ocrx_word' id='word_1_526' title='bbox 1198 2211 1304 2239; x_wconf 88' lang='lat' dir='ltr'>autem</span> <span class='ocrx_word' id='word_1_527' title='bbox 1325 2208 1496 2248; x_wconf 85' lang='lat' dir='ltr'>loquamur</span> <span class='ocrx_word' id='word_1_528' title='bbox 1513 2209 1669 2247; x_wconf 87' lang='lat' dir='ltr'>quantum</span> <span class='ocrx_word' id='word_1_529' title='bbox 1687 2207 1724 2237; x_wconf 87' lang='lat' dir='ltr'>ad</span> <span class='ocrx_word' id='word_1_530' title='bbox 1740 2216 1794 2238; x_wconf 69' lang='lat' dir='ltr'>or-</span> 
     </span>
     <span class='ocr_line' id='line_1_87' title="bbox 1020 2261 1792 2301; baseline -0.004 -7"><span class='ocrx_word' id='word_1_531' title='bbox 1020 2265 1212 2295; x_wconf 85' lang='lat' dir='ltr'>dinationem</span> <span class='ocrx_word' id='word_1_532' title='bbox 1228 2263 1449 2301; x_wconf 84' lang='lat' dir='ltr'>congruitatis,</span> <span class='ocrx_word' id='word_1_533' title='bbox 1465 2262 1508 2292; x_wconf 90' lang='lat' dir='ltr'>sic</span> <span class='ocrx_word' id='word_1_534' title='bbox 1527 2264 1572 2292; x_wconf 86' lang='lat' dir='ltr'>est</span> <span class='ocrx_word' id='word_1_535' title='bbox 1586 2262 1630 2291; x_wconf 85' lang='lat' dir='ltr'>ibi</span> <span class='ocrx_word' id='word_1_536' title='bbox 1651 2261 1739 2299; x_wconf 86' lang='lat' dir='ltr'>ordo,</span> <span class='ocrx_word' id='word_1_537' title='bbox 1755 2271 1792 2292; x_wconf 91' lang='lat' dir='ltr'>eo</span> 
     </span>
     <span class='ocr_line' id='line_1_88' title="bbox 1019 2315 1790 2358; baseline -0.004 -10"><span class='ocrx_word' id='word_1_538' title='bbox 1019 2318 1102 2358; x_wconf 85' lang='lat' dir='ltr'>quod</span> <span class='ocrx_word' id='word_1_539' title='bbox 1121 2318 1157 2347; x_wconf 87' lang='lat' dir='ltr'>ad</span> <span class='ocrx_word' id='word_1_540' title='bbox 1176 2318 1256 2347; x_wconf 79' lang='lat' dir='ltr'>bene</span> <span class='ocrx_word' id='word_1_541' title='bbox 1270 2326 1337 2346; x_wconf 77' lang='lat' dir='ltr'>esse</span> <span class='ocrx_word' id='word_1_542' title='bbox 1353 2316 1519 2346; x_wconf 87' lang='lat' dir='ltr'>ministerii</span> <span class='ocrx_word' id='word_1_543' title='bbox 1535 2315 1696 2354; x_wconf 86' lang='lat' dir='ltr'>sequentis</span> <span class='ocrx_word' id='word_1_544' title='bbox 1708 2324 1790 2355; x_wconf 81' lang='lat' dir='ltr'>prae-</span> 
     </span>
     <span class='ocr_line' id='line_1_89' title="bbox 1019 2368 1789 2409; baseline -0.005 -8"><span class='ocrx_word' id='word_1_545' title='bbox 1019 2372 1167 2409; x_wconf 81' lang='lat' dir='ltr'>exigatur</span> <span class='ocrx_word' id='word_1_546' title='bbox 1181 2370 1258 2400; x_wconf 88' lang='lat' dir='ltr'>ordo</span> <span class='ocrx_word' id='word_1_547' title='bbox 1282 2369 1348 2399; x_wconf 88' lang='lat' dir='ltr'>sive</span> <span class='ocrx_word' id='word_1_548' title='bbox 1371 2371 1506 2408; x_wconf 83' lang='lat' dir='ltr'>potestas</span> <span class='ocrx_word' id='word_1_549' title='bbox 1525 2368 1690 2398; x_wconf 82' lang='lat' dir='ltr'>ministerii</span> <span class='ocrx_word' id='word_1_550' title='bbox 1707 2377 1789 2408; x_wconf 81' lang='lat' dir='ltr'>prae-</span> 
     </span>
     <span class='ocr_line' id='line_1_90' title="bbox 1019 2421 1792 2460; baseline -0.004 -7"><span class='ocrx_word' id='word_1_551' title='bbox 1019 2424 1166 2454; x_wconf 88' lang='lat' dir='ltr'>cedentis.</span> <span class='ocrx_word' id='word_1_552' title='bbox 1203 2422 1478 2459; x_wconf 84' lang='lat' dir='ltr'>Quemadmodum</span> <span class='ocrx_word' id='word_1_553' title='bbox 1507 2421 1606 2460; x_wconf 85' lang='lat' dir='ltr'>igitur</span> <span class='ocrx_word' id='word_1_554' title='bbox 1618 2445 1625 2457; x_wconf 96' lang='lat'>,</span> <span class='ocrx_word' id='word_1_555' title='bbox 1661 2421 1687 2450; x_wconf 91' lang='lat' dir='ltr'>si</span> <span class='ocrx_word' id='word_1_556' title='bbox 1721 2421 1792 2460; x_wconf 87' lang='lat' dir='ltr'>quis</span> 
     </span>
     <span class='ocr_line' id='line_1_91' title="bbox 1019 2473 1791 2514; baseline -0.005 -7"><span class='ocrx_word' id='word_1_557' title='bbox 1019 2477 1094 2508; x_wconf 89' lang='lat' dir='ltr'>velit</span> <span class='ocrx_word' id='word_1_558' title='bbox 1115 2476 1258 2506; x_wconf 90' lang='lat' dir='ltr'>ordinate</span> <span class='ocrx_word' id='word_1_559' title='bbox 1282 2474 1448 2514; x_wconf 86' lang='lat' dir='ltr'>procedere</span> <span class='ocrx_word' id='word_1_560' title='bbox 1459 2498 1467 2512; x_wconf 92' lang='lat'>,</span> <span class='ocrx_word' id='word_1_561' title='bbox 1484 2473 1571 2513; x_wconf 84' lang='lat' dir='ltr'>prius</span> <span class='ocrx_word' id='word_1_562' title='bbox 1586 2473 1678 2503; x_wconf 86' lang='lat' dir='ltr'>debet</span> <span class='ocrx_word' id='word_1_563' title='bbox 1697 2482 1791 2504; x_wconf 78' lang='lat' dir='ltr'>exor-</span> 
     </span>
     <span class='ocr_line' id='line_1_92' title="bbox 1020 2526 1792 2569; baseline -0.005 -9"><span class='ocrx_word' id='word_1_564' title='bbox 1020 2530 1108 2560; x_wconf 92' lang='lat' dir='ltr'>dium</span> <span class='ocrx_word' id='word_1_565' title='bbox 1128 2529 1331 2569; x_wconf 82' lang='lat' dir='ltr'>praemittere,</span> <span class='ocrx_word' id='word_1_566' title='bbox 1350 2529 1420 2567; x_wconf 84' lang='lat' dir='ltr'>post</span> <span class='ocrx_word' id='word_1_567' title='bbox 1434 2526 1660 2565; x_wconf 87' lang='lat' dir='ltr'>narrationem,</span> <span class='ocrx_word' id='word_1_568' title='bbox 1677 2528 1707 2557; x_wconf 89' lang='lat' dir='ltr'>et</span> <span class='ocrx_word' id='word_1_569' title='bbox 1721 2527 1792 2566; x_wconf 88' lang='lat' dir='ltr'>post</span> 
     </span>
     <span class='ocr_line' id='line_1_93' title="bbox 1021 2580 1788 2621; baseline -0.005 -7"><span class='ocrx_word' id='word_1_570' title='bbox 1021 2582 1302 2616; x_wconf 85' lang='lat' dir='ltr'>ratiocinationem,</span> <span class='ocrx_word' id='word_1_571' title='bbox 1318 2583 1349 2612; x_wconf 86' lang='lat' dir='ltr'>et</span> <span class='ocrx_word' id='word_1_572' title='bbox 1364 2583 1522 2621; x_wconf 87' lang='lat' dir='ltr'>postremo</span> <span class='ocrx_word' id='word_1_573' title='bbox 1536 2580 1788 2617; x_wconf 84' lang='lat' dir='ltr'>conclusionem3</span> 
     </span>
    </p>
   </div>
   <div class='ocr_carea' id='block_1_13' title="bbox 1053 2643 1340 2676">
    <p class='ocr_par' dir='ltr' id='par_1_20' title="bbox 1053 2643 1340 2676">
     <span class='ocr_line' id='line_1_94' title="bbox 1053 2643 1340 2676; baseline -0.007 -8"><span class='ocrx_word' id='word_1_574' title='bbox 1053 2646 1086 2676; x_wconf 79' lang='grc' dir='ltr'>(ιι)</span> <span class='ocrx_word' id='word_1_575' title='bbox 1101 2646 1161 2668; x_wconf 62' lang='grc' dir='ltr'>(λεὶ.</span> <span class='ocrx_word' id='word_1_576' title='bbox 1179 2644 1237 2668; x_wconf 70' lang='lat' dir='ltr'>edit..</span> <span class='ocrx_word' id='word_1_577' title='bbox 1255 2643 1340 2667; x_wconf 75' lang='grc' dir='ltr'><em>ιίιύίεί.</em></span> 
     </span>
    </p>
   </div>
  </div>
 </body>
</html>
