1991 3006
74 1300 176 1321 Fundam.

74 2416 108 2437 Ad
118 2421 167 2442 opp.

574 169 670 200 Dis'r.
694 169 798 200 XXIV.
825 169 937 199 PART.
960 170 983 200 I.
1008 169 1096 200 ART.
1121 169 1158 200 II.
1183 170 1329 206 QUAEST.
1354 171 1391 201 11.

187 237 355 277 subjicitur
369 246 442 268 cum
456 245 581 274 amore,
597 237 739 267 ambulat
761 237 794 266 111
812 236 956 266 libertate

188 291 333 330 spiritus,
350 291 430 321 sicut
444 289 527 321 filius
540 301 547 327 ;
565 290 619 329 qni
634 299 673 320 ex
689 290 816 327 timore,
839 290 896 319 iste
911 291 957 319 est

189 344 326 383 quodam
343 344 435 374 modo
450 351 571 374 servus.
585 342 623 373 Et
638 343 669 372 in
683 343 773 373 bonis
785 343 857 373 61111
868 342 958 382 justis

189 405 252 427 non
264 398 311 426 est
325 396 475 435 subjectio
490 404 545 434 per
557 395 716 433 timorem,
732 396 785 426 sed
801 405 857 435 per
872 404 958 425 amo-

189 458 273 485 rem3
291 451 321 479 et
337 449 403 478 talis
418 448 585 487 subjectio,
603 450 632 478 et
647 448 805 488 praelatio,
824 451 854 479 et
868 449 954 486 ordo,

190 502 223 531 111
238 501 326 531 1111110
342 501 526 540 praeJudicat
541 501 689 531 libertati.

230 556 257 584 5.
272 554 319 584 Ad
330 554 408 584 illud
421 554 507 593 quod
518 554 683 594 quaeritur,
697 555 872 585 secundum
885 563 958 594 quae

189 607 270 637 dona
293 607 472 637 attendatur
496 607 587 644 ordo,
612 607 779 638 dicendum
803 607 887 646 quod
908 617 956 637 56-

189 660 330 690 61111(111111
346 659 428 690 dona
442 660 554 698 gratiae
569 660 670 698 gratis
685 660 777 698 datae,
795 669 867 699 quae
887 661 959 699 (1111-

189 713 259 743 dem
276 715 323 743 est
337 715 474 752 potestas
494 714 533 744 ad
555 714 682 753 aliquod
699 714 838 744 officium
859 714 956 753 depu-

188 767 251 796 tata
278 774 286 794 :
316 768 347 796 et
373 766 411 796 de
442 766 500 796 hac
528 767 603 797 certi
633 777 668 797 su
675 776 745 797 mus
773 767 959 797 certitudine

189 819 433 858 probabilitatis:
459 821 489 850 et
502 820 571 850 haec
587 822 657 856 stat,
676 823 705 850 et
721 829 785 850 non
802 821 957 857 variatur,

189 871 284 902 etiam
299 872 402 911 gratia
418 875 548 911 gratnm
560 873 691 903 faciente
711 873 911 903 abscedente:
934 873 959 902 si

190 925 273 954 enim
292 925 395 964 gratia
410 929 539 964 gratum
554 926 669 955 faciens
684 926 793 956 reddat
808 926 957 964 dignum,

190 977 260 1007 talis
277 978 379 1016 gratia
398 978 496 1016 gratis
518 978 590 1008 data
609 978 737 1008 collocat
756 979 789 1008 111
805 979 914 1009 ordine
930 980 960 1007 et

191 1029 296 1067 gradu
310 1041 316 1059 ;
333 1032 363 1060 61
378 1030 422 1060 516
435 1032 519 1070 patet
535 1032 649 1061 totum.

455 1135 632 1173 QUAESTIO
656 1136 693 1167 ΙΙ.

363 1215 403 1240 An
422 1214 484 1240 ordo
503 1215 537 1240 sit
556 1216 749 1241 sacramentum
769 1219 786 1240 ¹.

233 1292 344 1322 Utrum
355 1293 432 1323 ordo
445 1293 484 1322 sit
498 1295 731 1324 sacramentum
745 1304 751 1331 ;
765 1295 795 1324 et
806 1294 889 1333 quod
904 1295 957 1332 516,

193 1347 277 1383 patet
297 1354 352 1384 per
372 1345 560 1375 divisionem
583 1348 869 1383 sacramentorum,
887 1356 960 1386 qnae

192 1399 354 1436 ponuntur
377 1407 444 1428 esse
467 1401 600 1437 septem,
627 1399 707 1428 inter
732 1408 803 1438 quae
828 1402 858 1430 et
883 1400 960 1430 ordo

192 1453 460 1481 connumeratur:
480 1460 552 1490 quae
575 1451 687 1481 dlvisio
709 1461 806 1491 supra
821 1455 832 1471 ¹
854 1453 961 1483 habita

192 1505 247 1534 est.

232 1557 309 1588 Item
321 1557 353 1587 in
366 1557 502 1588 Ecclesia
515 1559 560 1588 est
575 1558 717 1588 ordinata
727 1560 873 1598 potestas,
887 1567 960 1598 quae

193 1610 409 1641 manifestatur
438 1620 494 1650 per
514 1610 618 1650 aliqua
646 1611 759 1649 signa,
786 1614 817 1642 et
844 1613 960 1642 confir-

192 1666 297 1694 matur
310 1673 366 1703 per
382 1664 611 1694 institutionem
627 1664 767 1696 divinam
779 1689 786 1703 ,
804 1669 833 1696 61
848 1666 899 1695 illa
915 1670 961 1696 est

191 1726 241 1747 res
255 1726 366 1748 sacra:
390 1718 459 1747 haec
483 1719 586 1747 autem
608 1717 717 1748 dicunt
734 1718 888 1748 rationem
909 1728 960 1748 sa-

192 1771 344 1801 cramenti
359 1772 544 1810 perfectam:
563 1780 651 1809 ergo,
666 1774 724 1801 etc.

231 1824 310 1854 Item
324 1824 402 1854 illud
417 1824 632 1863 propriissime
645 1826 691 1854 est
708 1827 959 1863 sacramentum,

191 1877 276 1916 quod
300 1877 438 1907 maxime
462 1877 524 1906 Deo
550 1879 711 1907 consecrat
732 1877 765 1906 in
791 1878 839 1907 sui
861 1878 960 1917 ipsius

191 1930 411 1969 susceptione:
434 1929 486 1959 sed
510 1929 571 1959 tale
591 1930 668 1968 quid
693 1932 738 1960 est
759 1930 835 1961 ordo
859 1931 960 1961 eccle-

191 1982 347 2019 siasticus;
372 1981 454 2013 unde
475 1984 504 2011 61
523 1982 697 2014 sacerdotes
716 1986 887 2021 vocantur,
903 1985 960 2024 (1111

190 2036 230 2067 ad
257 2036 395 2075 gradum
417 2044 603 2075 supremum
633 2036 846 2075 perveniunt:
880 2046 959 2076 ergo

190 2089 267 2119 ordo
279 2088 418 2118 maxime
431 2090 475 2118 est
491 2091 737 2119 sacramentum.

230 2142 308 2173 Item
323 2142 399 2173 illud
414 2142 574 2182 potissime
585 2145 631 2173 est
644 2145 890 2181 sacramentum,
905 2153 960 2183 per

190 2196 273 2235 quod
302 2198 498 2226 sacramenta
528 2199 642 2226 caetera
672 2198 901 2227 conservantur
930 2199 961 2227 et

190 2248 410 2288 dispensantur
428 2259 434 2278 :
453 2248 513 2278 tale
535 2250 643 2278 autem
659 2251 705 2279 651
725 2251 958 2279 sacramentum

191 2301 329 2331 ordinis:
347 2310 424 2339 ergo
444 2301 527 2331 inter
545 2303 658 2331 caetera
680 2302 805 2332 videtur
819 2311 886 2332 6556
909 2311 958 2332 sa-

191 2356 388 2384 cramentum
402 2354 610 2393 praecipuum.

231 2406 367 2436 Contra:
394 2409 422 2436 1.
443 2406 543 2437 Omne
567 2409 798 2437 sacramentum
824 2409 871 2437 est
894 2408 959 2437 ele-

193 2461 347 2497 mentum,
363 2459 429 2490 sive
442 2459 584 2497 signum,
603 2460 687 2499 quod
706 2460 798 2490 offert
811 2470 844 2491 se
858 2461 957 2491 sensi-

225 2521 282 2550 ¹Cs.
297 2522 324 2545 S.
338 2521 457 2551 Thomas,
476 2522 500 2544 in
518 2522 605 2552 Suppl.
621 2529 646 2552 p.
668 2523 708 2552 lli,
724 2530 749 2553 q.
764 2528 855 2553 xxxiv,
867 2525 913 2546 art.
931 2524 958 2552 33

192 2557 216 2578 et
232 2556 262 2579 tv
279 2558 355 2587 διψῇ,
372 2556 427 2580 dist.
444 2562 513 2587 xxiv,
524 2564 548 2587 q.
561 2563 578 2587 1,
595 2559 641 2580 art.
657 2560 683 2587 13
697 2558 823 2588 ltichard„
837 2559 867 2582 IV
880 2560 959 2589 Smin,

192 2589 249 2612 diet.
274 2596 343 2619 xxiv,
365 2593 411 2614 art.
435 2593 458 2621 4,
479 2599 502 2622 q.
527 2597 561 2621 11;
583 2592 671 2615 ilioni.
695 2595 806 2623 fugent„
829 2594 858 2616 iv
882 2594 958 2619 Suis..

193 2625 249 2648 dist.
273 2632 343 2655 xxiv,
366 2633 390 2656 q.
418 2632 437 2656 ι,
460 2630 506 2650 uit.
533 2629 563 2655 1;
588 2627 675 2657 zteph.
702 2628 802 2657 13111161ζ,
827 2629 854 2652 tv
881 2630 958 2658 Sunt,

1725 177 1780 204 157

1011 237 1090 267 bus:
1105 236 1182 267 ordo
1203 239 1311 266 autem
1331 239 1378 267 est
1396 236 1472 276 quid
1490 237 1660 270 relativum
1678 250 1684 271 z
1701 249 1781 279 ergo

1012 299 1076 320 non
1092 291 1139 320 est
1155 292 1399 322 sacramentum.

1052 345 1080 373 Ξ.
1104 343 1181 373 Item
1204 352 1298 373 omne
1313 348 1547 376 sacramentum
1568 346 1661 376 estin
1681 347 1782 377 medi-

1013 398 1194 426 camentum
1209 396 1385 426 secundum
1397 399 1514 428 statum
1527 401 1650 430 naturae
1665 400 1779 439 lapsae:

1013 449 1065 478 sed
1087 449 1163 479 ordo
1192 451 1237 478 est
1260 449 1297 479 ad
1327 451 1552 488 perficiendum
1576 452 1671 489 alios;
1697 454 1782 484 unde

1012 511 1077 531 non
1097 502 1299 540 ordinantur,
1317 503 1377 532 nisi
1397 503 1453 542 qui
1475 504 1707 543 quodammodo
1724 515 1781 537 vo-

1013 552 1082 582 lunt
1103 553 1239 592 aggredi
1261 562 1357 592 opera
1377 554 1594 593 perfectionis:
1611 566 1691 596 ergo
1706 557 1783 588 ordo

1013 605 1095 636 cadit
1109 615 1127 636 a
1141 606 1260 636 ratione
1276 607 1473 637 sacramenti.

1054 661 1082 688 3.
1110 659 1186 689 item
1203 659 1237 689 in
1253 660 1376 698 angelis
1390 662 1437 690 est
1447 660 1534 698 ordo,
1553 663 1583 691 et
1598 664 1702 693 tamen
1719 672 1783 694 non

1015 713 1098 741 tenet
1122 712 1277 742 rationem
1297 713 1507 743 sacramenti:
1535 722 1612 753 ergo
1637 716 1704 754 pari
1732 725 1782 746 ra—

1015 764 1098 795 tione
1112 774 1168 795 1166
1187 765 1218 795 111
1234 766 1412 796 hierarchia
1423 766 1573 796 inferiori.
1589 766 1620 797 Si
1637 769 1672 797 tu
1688 768 1782 805 dicas,

1014 817 1097 856 quod
1113 827 1175 847 non
1191 820 1236 848 est
1248 818 1359 857 simile,
1375 819 1450 859 quia
1463 819 1506 849 ibi
1521 822 1567 850 est
1580 822 1681 851 totum
1696 822 1785 861 spiri-

1015 870 1098 900 tuale
1110 881 1117 907 ;
1135 871 1281 909 objicitur
1296 872 1333 902 de
1349 871 1446 909 laicis,
1465 872 1521 912 qui
1536 875 1611 903 sunt
1626 873 1663 904 de
1679 873 1785 904 Eccle—

1014 923 1075 960 sia,
1093 925 1123 953 et
1141 924 1315 963 suscipiunt
1329 927 1538 963 sacramenta,
1558 928 1587 956 et
1602 926 1720 957 habent
1733 936 1784 957 or-

1014 976 1131 1014 dinem,
1153 979 1183 1007 et
1198 979 1393 1016 potestatem,
1410 981 1440 1009 et
1455 979 1548 1018 signa
1563 981 1735 1019 potestatis,
1753 983 1787 1011 ut

1015 1038 1071 1059 rex
1086 1030 1179 1060 habet
1194 1033 1351 1069 sceptrum
1362 1055 1369 1068 ,
1386 1034 1416 1062 et
1435 1041 1628 1071 purpuram,
1650 1036 1680 1064 et
1694 1043 1786 1064 coro-

1015 1091 1103 1120 nam;
1131 1085 1161 1112 et
1187 1084 1293 1113 tamen
1317 1084 1393 1114 ordo
1417 1084 1488 1114 talis
1514 1094 1579 1115 non
1608 1088 1654 1116 651
1681 1095 1785 1117 Sacra-

1016 1137 1171 1165 mentum.

1055 1188 1084 1219 11.
1102 1189 1179 1219 Item
1194 1189 1271 1220 ordo
1286 1189 1330 1219 ita
1343 1190 1469 1230 respicit
1484 1191 1568 1230 quod
1581 1193 1628 1222 est
1641 1191 1784 1229 inferius,

1016 1242 1095 1272 sicut
1116 1243 1200 1281 quod
1221 1244 1267 1272 est
1289 1244 1454 1283 superius,
1476 1244 1551 1283 quia
1573 1247 1708 1284 utroque
1732 1246 1787 1276 de-

1017 1296 1135 1325 structo
1151 1294 1325 1326 destruitur
1346 1296 1422 1327 ordo
1437 1307 1443 1326 z
1469 1297 1523 1327 sed
1538 1297 1615 1328 ordo
1629 1300 1787 1337 quantum

1016 1347 1055 1377 ad
1078 1347 1234 1386 subjectos
1257 1357 1321 1378 11011
1345 1351 1391 1379 651
1417 1352 1649 1380 sacramentum
1671 1361 1677 1380 :
1709 1360 1787 1390 ergo

1016 1410 1074 1431 nec
1098 1403 1253 1440 quantum
1279 1401 1316 1431 ad
1341 1402 1429 1432 alios.
1457 1402 1559 1433 Minor
1583 1405 1685 1442 patet,
1713 1404 1788 1443 quia

1017 1463 1089 1484 cum
1105 1463 1215 1483 omnes
1227 1455 1290 1484 sint
1305 1455 1420 1485 subditi
1433 1479 1441 1493 ‚
1456 1455 1505 1485 vel
1519 1456 1641 1494 praelati
1652 1480 1661 1494 ,
1678 1465 1789 1487 01111165

1016 1506 1134 1536 habent
1157 1509 1390 1537 sacramentum
1415 1507 1551 1545 ordinis;
1575 1508 1660 1548 quod
1685 1510 1787 1539 mani-

1017 1560 1091 1590 feste
1106 1562 1152 1589 est
1165 1559 1290 1589 falsum.

1057 1614 1087 1642 5.
1118 1612 1194 1642 Item
1218 1613 1248 1642 in
1275 1612 1453 1643 hierarchia
1480 1614 1598 1644 coelesti
1623 1617 1668 1645 est
1692 1615 1787 1654 ordo,

1017 1665 1167 1703 scientia,
1184 1668 1215 1695 et
1237 1666 1335 1704 actio,
1360 1666 1439 1696 sicut
1455 1667 1523 1697 vult
1538 1667 1648 1698 beatus
1671 1668 1789 1709 Diony-

1016 1718 1081 1748 sius
1097 1719 1106 1736 ⁸
1121 1728 1128 1748 :
1144 1727 1220 1757 ergo
1236 1719 1261 1748 si
1277 1719 1305 1748 61
1328 1719 1417 1749 debet
1437 1719 1572 1750 Ecclesia
1586 1721 1787 1761 respondere,

1016 1771 1160 1801 similiter
1182 1772 1308 1801 videtur
1331 1772 1415 1811 quod
1435 1773 1474 1803 sit
1494 1774 1526 1803 in
1548 1773 1708 1804 humana:
1735 1775 1789 1805 sed

1017 1824 1146 1854 scientia
1168 1826 1198 1854 et
1218 1825 1298 1855 actio
1323 1834 1387 1855 non
1407 1828 1569 1864 ponuntur
1584 1827 1665 1857 inter
1689 1837 1789 1858 sacra-

1017 1880 1137 1907 menta:
1154 1886 1233 1916 ergo
1248 1887 1305 1908 nec
1320 1878 1407 1908 ordo.

1290 1993 1512 2025 CONCLUSIO.

1019 2078 1103 2109 Ordo,
1117 2080 1200 2112 prout
1220 2078 1287 2104 dicit
1301 2078 1454 2105 ordinatam
1468 2082 1626 2113 potestatem
1642 2081 1678 2107 ad
1692 2082 1787 2109 minis-

1052 2123 1162 2153 terium,
1177 2122 1219 2148 vel
1239 2123 1275 2149 ad
1295 2130 1374 2157 opus,
1391 2123 1432 2149 vel
1452 2123 1488 2149 ad
1505 2125 1632 2157 alterum,
1649 2128 1685 2152 est
1699 2133 1787 2153 sacra-

1053 2168 1176 2192 mentum.

1058 2248 1148 2287 Resp.
1176 2248 1214 2278 ad
1243 2258 1312 2287 arg.
1341 2249 1388 2279 Ad
1418 2250 1642 2289 praedictorum
1672 2253 1786 2283 intelli-

1016 2302 1156 2340 gentiam
1170 2303 1216 2331 est
1229 2302 1416 2341 notandum,
1431 2303 1514 2342 quod
1528 2304 1604 2335 ordo
1620 2305 1787 2344 dupliciter

1017 2354 1148 2384 dicitnr:
1175 2363 1239 2384 uno
1256 2355 1348 2385 modo
1364 2355 1477 2385 dicitur
1492 2356 1569 2387 ordo
1588 2357 1656 2396 ipsa
1679 2358 1787 2388 relatio

1017 2407 1254 2444 ordinatorum,
1280 2410 1315 2438 ut
1338 2408 1479 2447 praelatio
1502 2411 1532 2439 et
1556 2410 1726 2450 subiectio,
1756 2413 1786 2441 et

1017 2460 1085 2490 haec
1103 2469 1167 2490 non
1182 2460 1296 2491 dicitnr
1311 2470 1368 2491 1166
1388 2463 1434 2491 651
1457 2465 1706 2500 56611111161111111η
1724 2463 1785 2493 alio

1017 2557 1072 2581 dist.
1104 2563 1181 2587 xxiv,
1211 2566 1234 2588 q.
1266 2564 1307 2588 x'13
1336 2558 1423 2581 Petrus
1449 2559 1479 2582 de
1508 2560 1616 2589 'rai-ant„
1648 2560 1677 2583 IV
1707 2561 1784 2591 sent„

1017 2593 1073 2615 dist.
1089 2599 1161 2622 xxiv,
1174 2600 1197 2623 (1.
1215 2599 1281 2616 1χ,-
1293 2594 1300 2606 ²
1315 2593 1376 2616 Dist.
1394 2600 1459 2617 11.-
1471 2594 1574 2624 ⁸Dion.,
1588 2595 1617 2618 [le
1632 2595 1689 2619 Coel.
1707 2596 1785 2628 Hieta,

1017 2637 1039 2650 c.
1057 2635 1093 2657 111,
1111 2630 1134 2651 vt
1148 2628 1275 2658 (1611166115.
