1991 3006
92 1457 120 1477 De
132 1458 171 1479 his.

77 1488 112 1513 qui
120 1488 182 1507 mulc-

78 1518 180 1538 1111181111-

98 1549 164 1575 pediu

103 1586 160 1599 ctu-re

77 1617 118 1630 non
134 1617 181 1636 pos-

105 1643 159 1660 sunt.

82 2085 112 2105 De
118 2085 181 2104 surio-

114 2116 150 2137 ιίε.

100 2487 129 2507 De
140 2488 172 2506 tus

197 164 254 193 3020
751 155 1059 187 SENTssNTtARUM
1085 156 1155 186 uu.
1184 157 1229 186 nv.

199 230 316 274 possit,
333 229 372 260 de
397 227 518 271 quibus
546 226 701 269 scriptum
724 229 793 255 est:
821 235 836 253 ι(
861 222 920 254 Vir
945 226 975 254 et
1001 222 1119 255 mulier
1142 223 1167 254 si
1191 234 1223 254 se
1247 224 1498 267 conjunxerint,
1515 228 1546 256 et
1568 229 1639 268 post
1661 225 1781 258 dixerit

198 286 318 319 mulier
333 285 371 317 de
388 285 458 317 viro
474 284 561 328 quod
578 283 662 316 coire
682 293 747 314 non
762 280 862 325 possit
883 291 957 312 cum
978 291 1033 320 ea,
1049 280 1074 311 si
1091 284 1193 323 potest
1219 280 1348 323 probari
1371 281 1458 325 quod
1484 281 1563 314 dicit
1586 292 1641 325 per
1653 282 1779 325 justum

195 343 357 387 judicium
373 369 380 383 ‚
399 342 500 374 alium
524 341 658 385 accipiat
677 352 683 371 z
701 339 725 371 si
744 349 819 370 vero
840 337 894 369 ille
913 337 1069 381 acceperit
1089 337 1185 369 aliam
1200 363 1207 377 ,
1225 342 1427 382 separentur.
1446 351 1461 369 »
1480 339 1560 371 Item
1576 338 1583 354 ¹
1602 351 1608 371 :
1631 351 1647 369 «
1664 339 1782 383 Requi-

199 401 267 433 sisti
281 400 319 432 de
335 400 385 432 his
401 400 458 443 qui
478 400 520 431 ob
540 410 669 431 causam
692 395 818 438 frigidae
839 399 963 427 naturae
985 394 1098 427 dicunt
1117 406 1149 425 se
1175 406 1239 426 non
1265 406 1355 438 posse
1376 395 1514 428 invicem
1539 407 1671 440 operam
1694 397 1784 429 carni

199 458 332 499 dantes,
350 457 564 489 connnisceri.
583 456 644 488 Iste
657 465 733 487 vero
746 481 753 495 ‚
772 453 797 484 si
816 463 882 484 non
898 456 999 496 potvst
1019 464 1055 484 ea
1073 452 1120 483 uti
1145 463 1202 496 pro
1217 463 1334 494 uxore,
1352 452 1468 485 habeat
1491 465 1561 485 eam
1581 454 1675 497 quasi
1696 464 1784 486 soro-

198 528 276 548 rein.
297 515 390 555 Quod
411 515 437 547 si
461 514 678 547 retinaculum
705 510 877 555 conjugale
902 510 1043 541 voluerit
1068 509 1268 550 rescindere,
1291 515 1443 543 maneant
1468 511 1600 554 utrique
1625 511 1780 555 innupti:

199 585 272 605 nam
299 573 325 605 si
347 573 422 605 huic
445 584 509 605 uon
532 571 637 616 potuit
654 568 846 602 naturaliter
867 567 1084 607 concordare,
1105 567 1269 610 quomodo
1293 567 1385 600 alteri
1410 568 1605 601 conveniet?
1625 568 1659 600 Si
1684 568 1786 611 igitur

197 631 249 663 vir
264 630 360 662 aliam
379 641 512 662 uxoren]
530 629 601 661 vult
624 628 784 670 accipere,
810 625 978 657 manifeste
998 629 1083 669 patet
1106 625 1186 656 ratio
1204 651 1211 665 ,
1234 625 1321 668 quod
1345 630 1540 667 suggerente
1564 626 1694 659 diabolo
1719 625 1785 658 odii

198 688 365 728 fomitem,
397 699 526 719 exosam
556 697 626 718 eam
650 683 819 724 habuerit,
844 687 874 714 et
902 682 973 714 ideo
998 693 1067 714 eam
1091 682 1254 714 dimittere
1283 682 1443 715 mendacii
1472 684 1610 716 falsitate
1637 683 1782 716 molitur.

197 746 291 785 Quod
307 746 333 777 si
349 745 469 777 mulier
484 747 658 783 causatur,
676 746 706 773 et
720 741 798 772 dicit
816 753 822 772 :
840 740 924 772 Volo
940 751 1006 771 esse
1024 744 1137 778 mater,
1154 743 1185 771 et
1202 739 1286 772 tilios
1305 751 1473 784 procreare
1492 753 1498 772 z
1517 745 1655 785 uterque
1670 753 1783 774 eorum

198 803 334 848 septima
359 814 456 834 manu
485 801 743 844 propinquorum
771 797 861 830 tactis
885 797 1095 830 sacrosanctis
1120 797 1270 840 reliquiis
1291 798 1506 841 jurejurando
1528 798 1632 840 dicat,
1652 803 1686 839 ut
1702 810 1786 832 nun-

197 873 296 906 quam
314 872 369 905 per
384 859 649 892 commixtionem
666 856 772 889 cxrnis
786 856 950 900 conjuncti
968 867 1034 887 una
1056 866 1129 887 caro
1147 854 1252 887 effecti
1275 854 1422 887 fuissent.
1447 855 1539 888 Tunc
1560 856 1689 888 videtur
1714 867 1785 889 mu-

197 920 258 952 lier
272 918 427 951 sccundas
442 928 532 961 posse
547 915 737 949 contrahere
753 914 898 958 nuptias&
928 914 1123 945 Humanum
1152 911 1225 944 dico
1240 918 1377 956 propter
1400 913 1635 956 infirmitatem
1657 913 1787 946 carnis'

198 988 325 1009 eorum.
347 976 405 1008 Vir
421 979 530 1007 autem
547 974 604 1018 qui
620 973 746 1015 frigidae
763 975 889 1004 naturae
905 975 972 1011 est,
992 975 1118 1002 mancat
1137 970 1206 1002 sine
1221 970 1372 1013 conjuge.
1391 970 1486 1009 Quod
1510 971 1537 1003 si
1559 975 1589 1003 et
1611 971 1666 1003 ille
1686 971 1786 1004 aliam

198 1034 370 1078 conjugem
390 1032 564 1076 acceperit,
584 1036 661 1063 tunc
682 1030 715 1062 hi
740 1030 797 1073 qui
812 1029 1021 1072 juraverant,
1039 1027 1174 1071 perjurii
1196 1028 1332 1059 crimine
1352 1028 1399 1059 rei
1418 1032 1610 1069 teneantur,
1632 1033 1663 1061 et
1686 1028 1787 1072 poeni-

198 1092 299 1124 tentia
323 1095 450 1135 peracta
477 1090 585 1134 priora
607 1093 766 1130 cogantur
788 1087 929 1130 recipere
952 1085 1128 1118 connubia.
1150 1085 1247 1118 »Hoc
1267 1086 1464 1118 servandum
1483 1092 1541 1123 est,
1558 1097 1633 1118 cum
1651 1090 1787 1130 uterque

198 1149 284 1181 idem
300 1149 432 1181 fatetur.
451 1151 460 1166 ³
478 1148 539 1179 Sed
558 1147 583 1178 si
600 1147 648 1179 vir
663 1145 776 1178 asserit
790 1156 823 1176 se
837 1144 984 1176 debitum
1001 1143 1178 1175 reddidisse
1194 1143 1289 1175 uxori
1304 1169 1310 1183 ‚
1328 1147 1359 1175 et
1381 1143 1437 1175 illa
1459 1143 1639 1184 diffitetur,
1655 1143 1708 1176 cui
1732 1154 1788 1187 po-

200 1207 264 1240 tius
277 1206 356 1238 fides
372 1205 521 1238 habenda
537 1205 595 1245 sit,
614 1203 730 1236 merito
752 1202 925 1245 quaeritur.
952 1201 996 1232 De
1020 1201 1080 1232 hoc
1102 1201 1146 1232 ita
1170 1204 1328 1233 statutum
1353 1204 1399 1232 cst
1414 1201 1423 1216 ⁴
1441 1212 1448 1232 z
1470 1214 1485 1231 a
1501 1200 1537 1233 Si
1552 1200 1626 1244 quis
1641 1200 1685 1233 ita
1701 1211 1787 1233 acce-

200 1265 281 1309 perit
297 1276 429 1297 uxorem
445 1290 452 1304 ,
470 1268 499 1295 et
524 1262 675 1294 habuerit
695 1272 766 1293 eam
788 1260 899 1303 aliquo
923 1263 1066 1302 tempore
1080 1284 1087 1298 ,
1111 1263 1141 1290 et
1165 1258 1233 1302 ipsa
1258 1258 1380 1290 femina
1403 1258 1479 1290 dicit
1503 1258 1592 1302 quod
1615 1269 1786 1302 nunquam

197 1323 310 1354 coisset
322 1333 395 1353 cum
413 1332 468 1361 eo,
483 1325 513 1351 et
529 1320 583 1351 ille
599 1319 650 1352 vir
668 1318 744 1350 dicit
762 1317 850 1361 quod
871 1317 915 1348 sic
938 1316 1011 1348 fecit
1029 1328 1035 1348 z
1060 1316 1093 1347 in
1120 1315 1252 1348 veritate
1274 1316 1336 1347 viri
1360 1316 1533 1357 consistat,
1557 1316 1635 1360 quia
1652 1318 1662 1334 ⁶
1677 1316 1728 1348 vir
1741 1322 1788 1348 est

199 1386 297 1424 caput
313 1379 460 1411 mulieris
491 1392 505 1408 >³
527 1377 595 1409 Hoc
609 1376 648 1408 dc
665 1375 807 1408 naturali
823 1373 1083 1418 impossibilitate
1099 1377 1259 1406 statutum
1276 1377 1334 1405 est.

243 1438 287 1469 De
304 1436 457 1469 maleficii
474 1439 582 1467 autem
600 1433 833 1477 impedimento
847 1432 906 1464 hoc
920 1431 1097 1463 tenendum
1113 1430 1298 1462 decernitur
1310 1429 1320 1444 ‘⁵
1335 1443 1340 1462 :
1360 1444 1375 1462 «
1389 1431 1483 1470 Quod
1506 1431 1533 1462 si
1553 1442 1610 1475 per
1624 1431 1788 1464 sortiarias

198 1500 228 1527 et
251 1494 416 1527 maleficas
431 1492 624 1525 concubitus
643 1502 706 1523 non
731 1490 898 1533 sequitur,
920 1488 1070 1521 hortandi
1093 1493 1169 1520 sunt
1195 1488 1316 1532 quibus
1339 1488 1397 1521 illa
1418 1488 1595 1529 eveniunt,
1614 1492 1650 1520 ut
1670 1488 1785 1531 spiritu

197 1553 337 1585 contrito
353 1578 360 1592 ,
378 1555 408 1583 et
428 1550 604 1583 humiliato
617 1575 625 1587 ‚
644 1548 709 1580 Deo
730 1552 760 1579 et
782 1546 935 1578 sacerdoti
955 1546 993 1578 de
1017 1545 1170 1577 omnibus
1195 1545 1329 1589 peccatis
1350 1545 1585 1578 confessionem
1599 1545 1740 1586 faciant,
1757 1549 1788 1578 et

200 1610 352 1653 lacrymis
367 1635 373 1649 ,
392 1607 608 1650 eleemosynis
623 1632 630 1646 ,
648 1605 850 1637 orationibus
865 1630 872 1644 ‚
890 1608 921 1636 et
932 1616 974 1647 ,1¹1
982 1603 1068 1635 uniis
1082 1603 1222 1635 Domino
1237 1602 1435 1635 satisfaciant
1453 1615 1459 1634 :
1478 1607 1508 1635 et
1524 1614 1581 1646 per
1594 1602 1789 1636 exorcismos

200 1679 235 1700 ac
259 1671 373 1699 caetera
398 1663 624 1697 ecclesiasticae
649 1662 829 1706 disciplinae
853 1661 1037 1693 munimina
1053 1660 1193 1692 ministri
1211 1660 1361 1692 Ecclesiae
1376 1660 1456 1691 tales
1471 1671 1585 1692 sanare
1601 1663 1785 1704 procurent.

200 1724 294 1764 Quod
310 1724 336 1755 si
352 1735 417 1755 non
435 1722 623 1766 potuerint,
640 1719 783 1763 separari
800 1719 966 1751 valebunt.
985 1718 1048 1750 Sed
1064 1722 1233 1761 postquam
1251 1717 1330 1749 alias
1347 1717 1478 1761 nuptias
1494 1717 1705 1761 expetierint,
1723 1717 1789 1749 illis

200 1782 387 1814 viventibus
400 1807 407 1821 ,
424 1780 546 1824 quibus
566 1782 636 1823 post
654 1778 776 1821 junctae
801 1776 924 1808 fuerint
939 1802 946 1816 ,
964 1775 1143 1820 priori})uS‚
1161 1786 1243 1819 quos
1262 1775 1463 1818 reliquerant
1478 1800 1485 1815 ‚
1509 1775 1635 1807 etiamsi
1655 1774 1789 1818 possibi-

200 1840 273 1872 litas
283 1837 522 1871 concumbendi
537 1836 583 1868 eis
600 1835 725 1867 reddita
737 1835 849 1874 fuerit,
862 1833 1063 1866 reconciliari
1079 1833 1296 1877 nequibunt.»
1310 1832 1403 1872 Quod
1418 1833 1452 1864 in
1467 1832 1531 1864 fine
1542 1832 1641 1876 hujus
1654 1832 1788 1876 capituli

200 1897 404 1936 continetur,
425 1906 463 1926 ex
489 1894 596 1936 rigore
622 1893 725 1935 magis
745 1892 869 1924 dictum
894 1890 1144 1933 intelligendum
1169 1895 1237 1931 est,
1259 1902 1359 1934 quam
1381 1902 1419 1922 ex
1445 1890 1599 1922 canonica
1623 1889 1786 1934 aequitate;

200 1955 251 1987 vel
266 1952 517 1995 intelligendum
533 1956 579 1983 est
605 1962 670 1983 non
687 1961 777 1994 posse
794 1948 999 1981 reconciliari
1015 1948 1198 1992 prioribu5‚
1219 1948 1280 1980 nisi
1300 1947 1425 1991 judicio
1438 1947 1586 1980 Ecclesiae
1600 1973 1608 1988 ‚
1624 1958 1691 1991 quo
1707 1947 1789 1980 divi-

200 2013 247 2045 sio
263 2012 346 2044 sacta
361 2011 478 2042 fuerat.

244 2068 372 2100 Furiosi
388 2077 538 2110 quoque,
557 2065 635 2097 dum
656 2065 689 2096 in
705 2064 847 2096 amentia
872 2068 970 2103 sunt,
989 2063 1237 2095 matrimonium
1260 2062 1450 2095 contrahere
1472 2073 1539 2095 non
1555 2062 1677 2094 valent.
1694 2061 1789 2094 Unde

200 2126 365 2158 Fabianus
378 2124 388 2140 ⁷
406 2136 412 2155 :
435 2137 450 2153 α
464 2123 577 2166 Neque
594 2121 757 2161 furiosus,
775 2132 882 2164 neque
907 2120 1052 2160 furiosa,
1071 2119 1319 2152 matrimonium
1346 2119 1536 2151 contrahere
1558 2122 1714 2162 possunt;
1734 2118 1788 2150 sed

201 2184 226 2216 si
241 2186 442 2215 contractum
460 2179 570 2218 fuerit,
591 2191 655 2211 non
670 2183 874 2223 separentur.
894 2191 910 2207 1)
921 2178 1001 2210 Item
1017 2177 1171 2210 Nicotaus
1189 2177 1276 2221 Papa
1292 2178 1302 2194 ⁸
1319 2189 1325 2208 τ
1348 2190 1362 2207 t(
1381 2176 1439 2208 His
1462 2176 1519 2220 qui
1543 2175 1789 2209 matrimonium

201 2240 270 2273 sani
285 2242 519 2272 contraxerunt
535 2263 542 2278 ‚
561 2242 592 2269 et
608 2237 666 2268 uni
685 2248 725 2268 ex
746 2236 877 2268 duobus
891 2262 898 2275 ,
919 2235 969 2268 vel
992 2235 1152 2268 ambobus
1167 2235 1331 2275 amentia,
1349 2235 1400 2267 vet
1417 2232 1532 2275 furor,
1551 2234 1601 2267 vel
1614 2233 1726 2278 aliqua
1742 2233 1791 2265 in-

202 2298 341 2330 firmitas
355 2295 544 2334 accesserit,
561 2294 601 2326 ob
618 2294 701 2326 hauc
719 2293 945 2325 infirmitatem
968 2293 1084 2325 talium
1103 2292 1256 2335 conjugia
1276 2292 1360 2324 solvi
1380 2303 1444 2324 non
1467 2295 1614 2335 possunt.
1632 2290 1791 2323 Similiter

202 2359 247 2388 est
264 2354 360 2387 etiam
377 2352 543 2385 sciendum
566 2351 605 2383 de
623 2351 694 2392 his,
711 2351 769 2395 qui
792 2351 832 2383 ab
854 2350 1048 2383 adversariis
1072 2354 1294 2390 excaecantur,
1318 2349 1370 2381 vel
1396 2349 1550 2381 membris
1572 2352 1788 2389 truncantur,

202 2413 253 2446 vel
269 2424 288 2444 a
302 2410 453 2443 barbaris
468 2409 585 2441 exsecti
600 2408 735 2441 fuerint.
752 2421 768 2438 »

249 2470 294 2502 De
309 2469 360 2501 his
374 2467 471 2500 etiam
489 2493 495 2506 ‚
513 2466 570 2509 qui
586 2477 659 2498 cum
675 2465 803 2497 duabus
826 2465 992 2497 sororibus
1005 2490 1013 2506 ‚
1032 2464 1083 2497 vel
1104 2475 1179 2508 quae
1193 2475 1267 2496 cum
1284 2464 1412 2496 duobus
1427 2462 1582 2496 fratribus
1596 2463 1787 2504 dormiunt,

236 2562 242 2577 ¹
259 2563 344 2590 ‹ji-eg„
360 2558 468 2581 habetur
488 2562 554 2578 caus.
571 2560 665 2583 xxxln,
681 2561 705 2583 q.
720 2560 736 2580 1,
752 2561 772 2576 c.
790 2554 973 2584 Req·f1's1‘stz·.—
985 2554 992 2567 ²
1008 2554 1084 2581 Rom„
1099 2559 1132 2583 ri,
1150 2556 1183 2576 lt).
1196 2566 1226 2569 —
1237 2553 1246 2568 ³
1262 2553 1382 2579 thetim„
1397 2552 1493 2574 111111-
1511 2551 1603 2574 ⁸Caus.
1619 2557 1714 2579 xxxin,
1729 2558 1751 2574 c.
1766 2551 1794 2574 Si

203 2597 267 2626 quis.
281 2602 311 2617 ex
327 2600 398 2616 conc.
416 2590 558 2620 compend.
571 2602 600 2607 -
613 2590 622 2605 ⁶
638 2589 740 2618 Ephe»,
754 2595 779 2616 x,
800 2592 833 2612 1:2⁸.
854 2602 883 2606 —
896 2589 906 2604 θ
918 2589 1045 2612 Hincmar.
1063 2589 1132 2612 Rem.
1149 2588 1239 2618 episc„
1253 2589 1278 2611 et
1290 2587 1394 2611 habetur
1411 2593 1479 2610 caus.
1494 2591 1587 2615 xxxin,
1603 2593 1627 2616 q.
1643 2592 1659 2613 1,
1674 2592 1696 2609 c.
1709 2585 1737 2609 Si
1750 2593 1795 2616 ρει·

203 2631 348 2654 sortiarias.
360 2641 389 2646 —
406 2627 413 2642 ⁷
431 2626 545 2653 Fubian„
562 2627 585 2648 et
603 2624 711 2647 habetur
725 2630 792 2647 caus
809 2630 890 2654 xxxii,
905 2632 930 2654 q.
948 2630 994 2653 vn,
1010 2632 1031 2647 c.
1045 2623 1128 2654 Neque
1141 2624 1266 2653 furiosus.
1281 2636 1308 2639 —
1326 2623 1336 2638 ⁸
1349 2623 1422 2652 ibid„
1438 2630 1459 2644 c.
1476 2622 1507 2644 Hi
1520 2622 1563 2652 qui
1580 2622 1775 2644 matrimonium.
