1991 3006
25 1007 59 1027 M
76 1014 127 1034 opp.

520 189 616 220 DIST.
640 188 745 219 XVJH.
772 187 887 218 PART.
910 187 946 217 ll.
977 188 1061 219 &R'R
1089 191 1110 220 1.
1136 192 1287 227 QUAEST.
1314 192 1362 223 lV.

143 256 220 286 dum
239 256 370 288 merita:
388 266 467 296 ergo
485 266 559 287 cum
579 255 865 287 excommunicatio
882 257 911 285 et

142 309 320 340 remedIum
333 310 386 348 sit,
401 312 431 340 et
446 319 555 349 poena,
572 310 696 340 videtur
712 309 812 348 igitur
826 308 910 347 quod

144 361 225 392 sicut
251 372 343 392 causa
369 364 470 401 potest
492 363 600 393 iterari
627 365 658 392 et
685 361 909 401 multiplicari,

144 415 227 453 quod
242 417 272 445 et
285 416 637 446 excommunicationes.
655 415 692 445 Et
705 415 791 454 quod
805 423 910 444 causae

143 467 263 505 possint
285 467 408 505 iterari,
436 468 513 498 illud
539 470 584 498 est
611 470 781 507 apertum:
812 468 912 506 potest

143 519 228 548 enim
245 519 360 558 aliquis
379 529 446 550 esse
468 521 698 559 incendiarius,
723 521 838 549 fractor
861 528 910 549 ec-

143 572 309 602 clesiarum
320 597 329 611 ‚
347 583 513 613 percussor
528 574 715 605 clericorum
727 597 735 611 ,
758 576 787 603 et
809 573 852 603 sic
875 573 913 603 de

145 624 232 654 aliis:
249 634 341 664 ergo,
359 628 416 656 etc.

185 678 278 715 item,
297 679 400 709 sinon
422 681 548 718 possent
563 678 850 714 excommunicarI,
873 688 913 708 ex

143 740 206 770 quo
231 734 306 761 sunt
329 732 611 770 excommunicati,
638 733 668 761 et
692 731 735 761 illi
762 731 817 770 qui
840 733 914 761 sunt

143 783 261 822 absque
289 785 618 814 excommunicatione
643 786 770 823 possent
786 784 823 822 (a)
854 793 912 813 ex-

143 836 369 866 communicari
378 848 385 873 ;
399 845 478 875 ergo
488 837 753 867 excommunicati
765 839 869 867 essent
878 837 911 875 h)

145 889 286 919 melioris
302 889 508 925 conditionis,
525 899 621 929 quam
642 899 706 920 non
729 899 914 920 excommn-

143 941 251 971 nicati.

183 994 297 1024 Contra
312 1005 318 1024 :
346 997 375 1024 1.
402 994 706 1024 Excommunicatus
731 995 913 1026 interfectus

141 1049 187 1077 est
203 1047 308 1085 gladio
323 1047 478 1086 spirituali
494 1058 500 1077 :
517 1048 570 1077 sed
583 1047 766 1078 interfectus
781 1057 843 1078 non
860 1058 913 1088 po-

140 1102 198 1130 test
213 1100 316 1138 magis
331 1110 387 1130 nec
402 1100 508 1130 minus
524 1101 655 1131 interfici
669 1111 675 1130 ;
692 1109 770 1139 ergo
786 1110 843 1131 nec
859 1110 914 1131 ex-

141 1153 393 1183 communicatus
409 1153 523 1183 iterum
540 1154 822 1184 excommunicari.

181 1208 210 1236 2.
237 1205 316 1236 Item
337 1207 632 1237 excommunicatus
654 1209 744 1237 extra
768 1216 911 1237 commn-

143 1258 274 1288 nionem
290 1258 434 1288 Ecclesiae
450 1260 496 1288 est
519 1259 637 1297 ejectus
655 1269 660 1288 :
686 1259 757 1296 sed,
784 1262 818 1289 ut
841 1261 914 1290 oicit

142 1310 308 1349 Apostolus
330 1315 336 1330 ¹
360 1320 367 1340 :
391 1311 478 1348 Quid
501 1311 583 1342 milti
607 1312 643 1342 de
667 1312 733 1349 his,
754 1314 811 1351 (11ιὶ
834 1314 914 1351 foris

142 1366 233 1400 sunt,
249 1364 401 1402 Juclz'care
413 1365 427 1394 ἱ)
446 1364 507 1395 Sed
527 1374 615 1403 posse
639 1366 913 1396 excommunicare

142 1418 187 1444 est
215 1425 305 1454 posse
317 1417 459 1455 judicare
477 1429 483 1447 :
507 1426 586 1455 crgo
603 1418 627 1446 si
644 1427 708 1447 non
723 1419 859 1457 pertinet
876 1419 913 1448 de

142 1467 257 1498 talibus
266 1468 430 1507 judicare,
448 1469 574 1499 videtur
588 1469 734 1500 similiter
752 1471 834 1510 qnod
856 1480 912 1501 nec

142 1521 432 1552 excommunicare.

182 1575 211 1603 3.
231 1573 307 1603 Item
325 1575 616 1605 excommunicatus
631 1578 677 1605 est
691 1575 852 1606 beneficiis
867 1585 909 1606 ec-

142 1626 321 1656 clesiasticis
337 1628 499 1666 privatus,
518 1630 548 1658 et
566 1629 851 1659 excommunicatio
867 1632 913 1659 cst

141 1678 277 1718 privatio
292 1688 299 1708 :
316 1680 369 1710 sed
385 1681 578 1720 privationes
594 1690 658 1711 non
676 1682 833 1721 recipiunt
848 1692 912 1712 ma-

143 1731 193 1770 gis
208 1734 239 1762 et
253 1732 380 1762 minus:
399 1742 462 1764 non
479 1734 563 1764 enim
581 1734 695 1765 [licitur
712 1745 796 1765 uuus
811 1745 912 1766 caecus

141 1784 241 1815 altero
254 1785 358 1824 magis
369 1795 487 1824 caeCUS,
505 1788 535 1816 et
549 1786 656 1817 minus
669 1798 675 1817 :
693 1797 783 1826 ergo,
803 1790 860 1818 etc.

181 1839 211 1867 4.
231 1837 309 1868 Item
324 1839 402 1869 alter
417 1839 514 1869 altero
530 1849 593 1870 non
609 1842 655 1870 est
669 1840 831 1871 absolutus
846 1850 911 1871 ma-

144 1889 212 1928 gis,
237 1899 296 1920 nec
315 1891 438 1927 minus,
464 1900 522 1921 nec
548 1892 630 1922 idem
655 1893 759 1930 magis
782 1894 908 1932 seipso:

142 1950 221 1980 ergo
236 1943 303 1981 pari
319 1943 440 1973 ratione
458 1953 516 1973 nec
533 1945 825 1976 excommunicatus
840 1956 910 1977 ma-

142 1994 206 2033 gis,
222 1997 253 2025 et
269 1995 373 2026 minus
383 2019 393 2034 ,
410 1996 475 2027 11110
491 1997 590 2028 multo
603 1998 726 2029 fortius.

394 2110 652 2143 CONCLUSIO.

141 2192 376 2220 Excommunicari
396 2194 465 2221 z'dem
482 2198 570 2229 potest
587 2197 706 2231 pluries,
727 2200 781 2225 tum
799 2203 911 2234 propter

177 2244 271 2263 novam
297 2238 419 2272 culpam,
445 2242 500 2265 lum
522 2242 634 2274 propter
660 2242 784 2275 majorem
813 2245 910 2276 confu-

173 2287 281 2307 szonem.

179 2362 270 2403 Resp.
291 2367 330 2395 ad
345 2374 414 2404 arg.
433 2366 604 2397 Dicendum
619 2370 703 2407 quod
718 2379 905 2402 excommu-

139 2416 261 2447 nicatus
278 2417 358 2448 bene
373 2421 473 2458 potest
488 2420 604 2450 iterum
620 2424 905 2462 excommunicari,

139 2468 189 2499 vel
214 2471 356 2509 eiusdem
382 2473 718 2505 excommunicationis
743 2476 908 2507 iteratione

139 2521 177 2552 ad
198 2531 288 2553 suam
311 2525 465 2563 maiorem
487 2526 718 2566 confusionem,
746 2529 795 2559 vel
811 2530 906 2559 etiam

139 2572 200 2603 alia
226 2578 352 2615 propter
380 2586 472 2608 novae
499 2578 598 2617 culpae
626 2581 905 2613 commissionem:

172 2634 316 2667 ¹1Cor.‚v,
331 2638 365 2661 12.

1699 201 1736 228 ‘29

966 257 997 285 et
1012 257 1086 286 tunc
1101 258 1145 287 tot
1163 261 1257 287 erunt
1275 259 1632 301 excommunicationes,
1661 266 1737 304 quot

966 317 1068 339 eausae
1082 310 1288 350 principales,
1307 321 1363 351 pro
1383 313 1500 352 quibus
1517 319 1736 348 excommuni—

967 364 1065 392 catur.
1088 362 1175 393 Sicut
1198 364 1283 394 enim
1304 364 1435 396 iteratur
1451 368 1556 408 culpa,
1575 369 1618 400 ita
1639 371 1736 401 ratio-

967 414 1113 444 nabiliter
1128 416 1233 446 iterari
1249 419 1348 456 potest
1368 421 1397 448 et
1417 419 1507 451 debet
1528 421 1595 461 ipsa
1618 432 1712 462 poena
1728 433 1735 454 ε

967 468 998 496 et
1010 468 1215 499 concedendae
1226 472 1301 499 snut
1312 471 1448 501 rationes
1459 474 1497 503 ad
1508 474 1589 504 lianc
1602 478 1734 514 partem.

1009 523 1036 550 1.
1054 521 1101 550 Ad
1117 521 1196 552 illud
1211 531 1290 560 ergo
1307 524 1390 561 quod
1408 525 1509 563 primo
1531 527 1680 567 objicitur
1698 529 1736 559 de

968 573 1203 612 intersectione,
1229 575 1398 605 dicendum
1420 579 1505 616 quod
1529 581 1736 618 quemadmo-

968 625 1044 655 dum
1059 626 1114 665 qui
1132 630 1240 665 peccat
1255 628 1431 659 mortaliter
1452 634 1597 663 mortuus
1621 636 1684 672 est,
1708 637 1738 664 et

968 678 1115 709 interficit
1130 679 1270 719 seipsum
1293 690 1347 719 per
1367 683 1587 721 expulsionem
1606 687 1736 724 gratiae.

968 733 997 760 et
1013 732 1116 762 adlinc
1134 733 1238 771 magis
1256 736 1358 773 potest
1372 744 1516 774 peccare,
1535 739 1610 777 quia
1624 749 1736 779 qnam-

969 784 1017 814 vis
1035 794 1097 814 non
1114 785 1200 816 vivat
1215 787 1252 816 ad
1270 787 1349 817 bene
1369 789 1529 826 agencium
1541 814 1549 828 ,
1568 792 1671 822 adhuc
1692 796 1738 823 ta-

969 846 1040 867 men
1066 838 1144 868 vivit
1167 839 1198 868 in
1221 848 1258 869 eo
1281 840 1429 871 voluntas
1450 843 1489 872 ad
1504 844 1585 874 male
1600 853 1734 884 operan-

968 890 1063 928 dum;
1079 893 1109 921 et
1123 892 1272 930 quamvis
1286 894 1392 931 gratia
1411 895 1451 925 sit
1471 896 1621 936 expulsa,
1639 901 1740 938 potest

967 945 1074 973 tamen
1089 945 1192 983 magis
1209 955 1227 975 a
1242 946 1345 984 gratia
1361 947 1503 986 elongari
1526 960 1531 978 z
1554 950 1598 980 sie
1621 950 1736 981 intelli-

968 997 1109 1034 gendum
1123 999 1170 1027 est
1184 997 1216 1027 in
1232 999 1408 1037 proposito,
1427 1001 1502 1039 quia
1523 1003 1669 1041 quamvis
1690 1013 1738 1034 se-

968 1050 1108 1079 cuudum
1124 1052 1241 1080 statum
1255 1051 1346 1081 illum
1362 1053 1441 1082 nihil
1458 1055 1579 1092 prosint
1595 1056 1623 1085 ei
1640 1057 1737 1087 eecle-

968 1101 1091 1131 siastica
1114 1106 1311 1133 sacramenta
1333 1106 1363 1134 et
1385 1105 1553 1144 suffragia,
1571 1109 1672 1146 potest
1693 1111 1741 1138 ta-

969 1164 1042 1184 men
1063 1155 1165 1185 adhuc
1188 1156 1293 1194 magis
1315 1159 1345 1186 et
1367 1159 1471 1196 magis
1496 1159 1653 1199 elongari.
1678 1161 1740 1192 Nec

968 1209 1015 1235 est
1029 1206 1130 1236 simile
1147 1207 1184 1237 (le
1199 1207 1412 1239 interfectione
1428 1212 1599 1250 corporali,
1624 1213 1656 1243 in
1678 1223 1741 1252 qua

969 1259 1069 1298 prima
1086 1260 1261 1290 interfectio
1278 1262 1379 1292 reddit
1392 1263 1621 1302 impossibilem
1636 1266 1675 1296 ad
1691 1267 1738 1296 vi-

969 1314 1054 1342 tam:
1072 1322 1135 1342 non
1151 1314 1194 1343 sic
1210 1317 1256 1344 est
1279 1315 1310 1345 in
1335 1317 1513 1355 proposito,
1541 1319 1615 1358 quia
1636 1319 1739 1350 adhuc

970 1367 1075 1394 manet
1090 1366 1230 1403 aptitudo
1244 1367 1282 1397 ad
1300 1368 1508 1400 redeundum.

1008 1420 1038 1447 2.
1069 1419 1114 1448 Αι1
1144 1419 1219 1449 illud
1245 1421 1330 1459 quod
1355 1422 1515 1460 objicitur,
1543 1424 1626 1462 quod
1649 1427 1739 1454 extra

969 1471 1227 1502 ‹ommuniouem
1257 1475 1304 1503 est
1316 1497 1323 1511 ‚
1353 1474 1522 1505 dicendum
1550 1477 1635 1515 quod
1664 1478 1738 1517 quia

968 1523 1181 1555 characterem
1189 1525 1409 1565 baptismalem
1421 1528 1514 1558 habet
1522 1529 1720 1560 indelebilem
1729 1555 1737 1569 ,

968 1580 1263 1618 quantumcnniqaee
1287 1580 1326 1609 sit
1348 1581 1469 1619 malus,
1495 1581 1565 1612 ideo
1589 1592 1653 1613 non
1675 1584 1739 1614 exit

968 1630 1098 1660 omnino
1114 1631 1259 1662 Ecclesiae
1274 1635 1461 1671 potestatem
1478 1643 1485 1663 ε
1503 1637 1534 1664 et
1549 1635 1617 1665 ideo
1632 1637 1734 1675 punit,

968 1685 998 1712 et
1014 1684 1145 1722 corrigit
1162 1686 1280 1724 magis,
1302 1696 1398 1725 quam
1414 1697 1558 1726 paganos
1575 1689 1716 1720 infideles
1728 1714 1735 1728 ,

968 1736 1022 1775 (1111
1037 1746 1202 1777 nunqnam
1223 1739 1353 1769 fuerunt
1375 1741 1433 1770 snb
1457 1744 1606 1780 potestate
1630 1742 1734 1773 Eccle-

968 1789 1023 1819 siae
1040 1801 1045 1819 :
1063 1792 1093 1820 et
1109 1790 1147 1820 (le
1168 1791 1299 1829 talibus,
1318 1792 1435 1823 scilicet
1458 1793 1495 1823 de
1520 1795 1667 1833 paganis,
1689 1795 1737 1825 lo-

967 1842 1076 1881 quitur
1104 1843 1290 1883 Apostolus,
1318 1854 1381 1875 11011
1406 1846 1444 1876 de
1468 1847 1559 1877 malis
1581 1848 1736 1886 subditis,

967 1897 997 1924 et
1011 1897 1317 1928 excommunicatis:
1340 1908 1414 1929 nam
1434 1899 1500 1938 ipse
1524 1900 1560 1930 de
1586 1900 1630 1930 eis
1650 1901 1738 1939 judi-

968 1947 1068 1977 cahat.

1008 2003 1037 2031 3.
1054 2001 1101 2031 Ad
1118 2001 1193 2031 illud
1210 2003 1294 2042 quod
1311 2004 1469 2043 objicitur,
1486 2006 1570 2045 quod
1585 2007 1735 2046 privatio-

966 2062 1023 2084 nes
1037 2063 1101 2084 non
1114 2055 1271 2094 recipiunt
1287 2057 1405 2096 magis,
1423 2067 1481 2088 nec
1495 2059 1601 2090 minus
1613 2084 1621 2097 ,
1637 2062 1738 2099 potest

966 2107 1149 2146 responderi
1162 2108 1338 2148 dupliciter.
1357 2110 1480 2146 Primo,
1498 2112 1572 2151 quia
1592 2112 1668 2143 illud
1692 2115 1737 2143 est

966 2168 1078 2189 verum
1092 2160 1124 2190 in
1139 2162 1226 2200 puris
1242 2163 1490 2201 privationibus,
1512 2174 1575 2194 non
1597 2165 1629 2195 in
1654 2165 1733 2196 aliis.

966 2212 1045 2243 Nam
1053 2213 1183 2244 claudus
1192 2215 1306 2246 dicitur
1315 2217 1417 2255 magis
1427 2220 1456 2247 et
1465 2218 1579 2256 miuus,
1589 2219 1737 2258 quianon

965 2266 1102 2296 totaliter
1116 2267 1219 2306 privat
1240 2270 1389 2300 virtutem
1413 2271 1578 2309 gradiendi
1595 2281 1602 2301 :
1624 2272 1735 2302 simili-

966 2321 1013 2349 ter
1025 2321 1055 2349 et
1070 2319 1207 2358 injustus
1223 2323 1344 2360 magis,
1362 2325 1392 2353 et
1414 2324 1531 2354 minus.
1556 2323 1611 2355 Vel
1634 2328 1737 2363 posset

965 2371 1043 2408 (lici,
1075 2373 1158 2411 quod
1188 2374 1245 2403 etsi
1269 2375 1392 2405 ratione
1417 2378 1506 2406 actus
1535 2377 1584 2407 vel
1608 2377 1735 2407 habitus

966 2425 1068 2463 magis
1089 2427 1118 2455 et
1141 2425 1248 2455 minus
1271 2435 1334 2457 uon
1356 2428 1522 2467 recipiant,
1549 2431 1655 2460 tamen
1680 2439 1734 2459 ra-

965 2476 1048 2507 tione
1063 2486 1249 2509 causarum:
1271 2480 1355 2510 unde
1376 2481 1480 2519 magis
1503 2484 1549 2511 est
1569 2482 1735 2520 elongatus

965 2538 984 2559 a
998 2530 1085 2568 visu,
1102 2532 1157 2570 (1111
1172 2531 1267 2562 laesus
1282 2535 1327 2563 est
1340 2533 1370 2563 in
1383 2543 1494 2571 nervo,
1506 2535 1582 2565 etin
1594 2535 1711 2574 pupilla
1721 2558 1729 2572 ,

965 2584 996 2612 et
1010 2582 1042 2612 111
1056 2583 1191 2614 humore
1205 2585 1398 2624 crystallino,
1412 2596 1509 2626 quam
1521 2587 1576 2626 (1111
1591 2587 1624 2617 111
1635 2587 1734 2618 altero

998 2645 1031 2675 (a)
1046 2646 1106 2670 Cret.
1121 2646 1181 2669 edil.
1197 2650 1352 2676 possunt.—
1368 2649 1401 2680 (b)
1415 2649 1474 2673 Item
1487 2652 1552 2674 sunt.
