1991 3006
213 224 270 252 034
723 213 955 248 SENTENTIAE
977 215 1295 249 SENTENTIARUM.

544 375 707 417 LIBER
741 371 1019 415 SECUNDUS
1055 372 1476 417 SENTENTIARUM

463 498 679 532 DISTINCTIO
703 499 726 530 Ι.

418 592 577 617 creationem
598 597 698 620 rerum,
722 591 770 613 etc.

250 664 305 695 Hic
335 663 445 702 nequit
472 670 578 693 errare
589 685 596 699 ,
629 660 707 691 dans
736 668 839 689 unum
870 659 982 688 cuncta

288 725 406 747 creare.

211 770 252 801 De
264 769 364 800 nihilo
379 769 480 799 faeere
495 767 571 807 quid
582 792 589 804 ⁷
606 766 690 797 [liras
704 774 770 796 esse
785 774 901 795 creare.

212 823 265 854 Est
280 832 357 862 ergo
370 823 471 853 faeere
488 822 525 851 de
540 820 671 850 materia
688 820 867 859 prceeunte3

214 877 272 908 Sed
288 878 372 906 creat
385 876 451 916 ipse
466 874 563 909 Deus,
581 882 645 903 non
663 872 794 902 materia
813 872 981 902 subeunte.

213 930 274 961 Pro
287 931 371 969 facio
386 929 467 959 clare
481 927 637 967 reperitur
650 935 733 966 saepe
747 933 862 957 creare.

216 983 331 1021 comto,
348 990 427 1020 creo,
442 981 542 1021 facio,
561 980 611 1011 vel
626 988 700 1019 αῃο,
719 978 981 1009 diversificantur.

214 1036 302 1067 Actio
314 1035 482 1076 displicuit,
499 1034 601 1074 passio
617 1035 709 1072 grata
723 1032 794 1068 suit,

213 1089 344 1127 Quando
357 1089 505 1126 Creatori,
522 1088 572 1119 vel
587 1087 688 1125 nobis,
706 1086 912 1117 associantur.

213 1143 266 1174 Est
280 1143 412 1174 Domino
431 1143 532 1172 faeere
543 1166 550 1179 ‚
566 1141 650 1181 quod
671 1149 720 1171 res
735 1148 819 1170 nova
832 1138 936 1178 prodit
951 1137 984 1167 in

293 1205 369 1227 CSSss.

213 1251 330 1282 Cuncta
343 1252 446 1281 creata
459 1253 526 1280 rate
540 1250 614 1279 sunt
628 1248 736 1278 divina
751 1246 901 1282 bonitate,

212 1303 274 1335 Nec
300 1313 363 1334 non
388 1303 512 1334 condita
539 1303 613 1332 sunt
641 1301 785 1340 ipsorum
809 1298 982 1329 commodi-

291 1359 363 1388 tate.

212 1410 300 1441 Uniri
315 1410 418 1441 voluit
432 1410 555 1440 animas
569 1408 660 1445 Deus,
678 1408 714 1437 ut
728 1408 886 1437 reseretur

211 1464 301 1501 Unio,
316 1473 380 1504 qua
394 1464 526 1494 Domino
541 1471 632 1493 meus
644 1462 678 1492 in
692 1460 778 1492 coelis
793 1460 943 1490 societur.

212 1518 400 1558 Corporibus
429 1517 546 1547 dantur
575 1516 671 1546 etiam
683 1539 690 1553 ,
717 1513 803 1555 quod
828 1513 896 1553 plus
917 1521 983 1542 me-

290 1573 430 1602 reantur.

212 1624 356 1664 Angelici
372 1633 462 1654 casus
476 1623 551 1663 ipsis
567 1622 661 1652 etiam
676 1622 877 1661 reparantur.

212 1678 266 1709 Est
282 1678 377 1708 homo
392 1677 493 1707 factus
507 1677 547 1706 ob
564 1676 640 1713 hoc,
664 1677 699 1705 ut
719 1683 796 1713 rege
820 1673 881 1703 Deo
900 1672 984 1702 frue-

292 1733 379 1762 retur
396 1743 402 1761 :

213 1785 269 1816 Cui
284 1785 308 1814 si
325 1784 467 1819 serviret,
485 1783 542 1813 sibi
558 1782 698 1813 muudus
714 1780 935 1820 subjiceretur.

461 1890 678 1923 DISTINCTIO
703 1891 740 1921 II.

325 1970 388 2002 Quoe
413 1967 605 1995 consideranda
629 1967 684 1994 sint
707 1966 739 1993 de
763 1966 874 2000 angelis.

379 2049 415 2072 De
432 2048 546 2079 angelica
560 2048 644 2078 itaque
659 2048 750 2070 natura
761 2065 766 2076 ‚
779 2047 826 2070 etc.

256 2106 416 2145 Angelus,
439 2114 641 2145 empyreum,
671 2106 858 2143 tempusque
883 2111 988 2133 coaeva

294 2161 433 2197 fuerunt,

216 2213 253 2243 Ut
270 2212 354 2243 Beda
369 2212 377 2228 ¹
393 2213 525 2242 testatur
543 2220 551 2241 ε
567 2210 641 2250 hyle
656 2210 745 2241 dictis
759 2210 907 2240 sociatur.

215 2266 265 2297 Tu
279 2268 386 2296 teneas
400 2274 486 2302 vere,
505 2264 601 2295 simul
621 2264 681 2294 ista
695 2272 803 2294 coaeva
818 2272 958 2300 manere,

216 2318 373 2358 Angelus,
390 2327 579 2358 empyreum
594 2317 727 2354 coelum,
744 2317 787 2347 sic
801 2318 942 2355 tempus,
961 2317 990 2345 et

298 2372 384 2411 hyle.

216 2426 375 2465 Empyreo
389 2424 477 2461 coelo,
495 2425 571 2454 tunc
585 2422 708 2453 Lucifer
721 2423 786 2462 ipse
802 2424 926 2453 creatus

217 2479 271 2512 Est
293 2479 499 2518 depravatus,
524 2477 577 2507 sed
602 2486 678 2507 mox
704 2476 815 2507 cecidit
839 2478 989 2516 reproba-

300 2534 364 2562 tus.

219 2585 272 2617 Est
294 2584 419 2616 Domini
439 2583 557 2624 paritas
581 2582 698 2613 coelum
723 2583 825 2622 quod,
856 2583 989 2622 Lucifer,

298 2639 398 2677 optas.

253 2700 256 2714 ¹
270 2699 341 2730 Bed„
355 2699 382 2722 in
396 2699 523 2728 Hexaem„
535 2704 586 2722 nou
605 2697 679 2728 longe
694 2704 708 2720 a
723 2697 804 2727 princ.

1276 498 1494 531 DISTINCTIO
1516 500 1567 531 111.

1039 575 1135 607 Quales
1150 577 1221 609 facti
1241 578 1343 610 suerint
1365 579 1455 612 angeli
1471 589 1477 605 :
1497 581 1520 606 et
1542 579 1614 614 quod
1638 580 1752 614 quatuor
1772 579 1809 605 eis

1089 621 1218 647 attributa
1232 624 1294 648 sunt
1308 623 1336 648 z'n
1350 624 1407 657 ipso
1421 624 1500 650 initio
1513 631 1567 650 suoe
1583 623 1753 650 conditionis.

1115 702 1177 727 Ecce
1191 704 1321 727 ostensum
1337 705 1386 735 est,
1400 705 1444 728 ubi
1457 705 1541 736 angeli
1559 705 1651 729 fuerint
1663 723 1668 735 ‚
1683 706 1732 729 etc.

1077 763 1131 795 Est
1146 765 1307 796 rationalis
1321 767 1554 806 pcrsonalisque
1564 770 1687 798 creatus

1038 817 1190 855 Angelus,
1208 820 1238 848 et
1252 819 1398 858 simplex,
1417 820 1469 850 sed
1484 820 1626 851 libertate
1637 821 1807 860 probatus:

1038 870 1174 910 Spiritus
1194 872 1359 911 angelicus
1375 873 1476 903 bouus
1491 883 1509 904 a
1524 873 1706 904 dominante
1723 882 1810 904 crea-

1118 927 1168 955 tus
1187 935 1193 962 ;

1040 978 1113 1009 Post
1126 979 1334 1018 depravatus,
1353 979 1460 1010 statim
1480 979 1589 1011 cecidit
1611 980 1810 1019 reprobatus

1039 1032 1097 1069 Qui
1124 1035 1379 1072 permanserunt,
1403 1033 1585 1064 confirmari
1612 1034 1810 1063 meruerunt.

1039 1084 1116 1116 Cum
1132 1086 1258 1124 quibus,
1275 1088 1330 1115 aut
1345 1095 1364 1116 a
1379 1095 1442 1125 quo
1457 1086 1609 1124 sintfacti,
1628 1095 1723 1126 seque
1735 1086 1812 1116 scie-

1119 1139 1204 1169 bant.

1039 1191 1197 1222 Naturalis
1211 1201 1300 1222 amor
1316 1192 1428 1228 inerat,
1446 1192 1632 1232 reliquoque
1646 1193 1808 1223 carebant:

1040 1245 1157 1276 idcirco
1171 1245 1291 1275 meritis
1306 1245 1402 1276 nullis
1418 1247 1494 1275 tunc
1506 1245 1723 1285 proficiebant.

1281 1357 1499 1389 DISTINCTIO
1523 1358 1572 1389 IV.

1068 1436 1113 1462 An
1128 1437 1260 1470 perfectos
1274 1439 1297 1463 el
1313 1436 1398 1462 beatos
1414 1436 1515 1462 creavit
1532 1436 1598 1462 Deus
1611 1435 1738 1470 angelon
1755 1443 1791 1462 an

1264 1482 1370 1507 miseros
1382 1483 1406 1507 et
1417 1481 1594 1514 imperfectos.

1097 1562 1155 1585 Post
1168 1560 1222 1585 haee
1237 1560 1376 1584 videndum
1388 1561 1441 1589 est,
1455 1560 1540 1583 utrum
1552 1558 1676 1589 perfectos
1689 1577 1697 1589 ‚
1711 1560 1758 1583 etc.

1082 1623 1226 1654 Caelestes
1248 1622 1364 1662 vigiles
1387 1631 1451 1652 non
1474 1621 1564 1652 crede
1584 1621 1682 1652 fuisse
1696 1623 1817 1652 creatos

1042 1678 1089 1708 Ex
1104 1680 1169 1708 toto
1185 1677 1327 1713 misc-ros,
1345 1678 1401 1706 aut
1414 1675 1503 1705 omni
1518 1677 1607 1715 parte
1622 1675 1743 1706 beatos.

1043 1731 1129 1762 Sicut
1142 1740 1198 1761 nec
1214 1731 1339 1767 misera,
1356 1730 1399 1760 sic
1411 1738 1469 1759 nec
1484 1729 1618 1769 perfecte
1632 1729 1726 1760 beata

1044 1785 1163 1815 Dicitur
1178 1783 1322 1823 angelica
1336 1785 1450 1814 natura
1465 1782 1559 1813 fuisse
1571 1785 1685 1813 creata.

1043 1838 1197 1877 Tempore
1219 1836 1363 1876 perfecti,
1380 1845 1444 1866 non
1465 1838 1642 1875 naturaque
1661 1836 1791 1867 fuerunt
1807 1846 1815 1873 ;

1044 1891 1146 1931 Atque
1165 1899 1261 1921 suum
1281 1899 1389 1920 casum
1410 1898 1606 1930 praenoscere
1624 1898 1688 1920 non
1704 1891 1815 1929 potue-

1124 1946 1211 1981 runt,

1043 1998 1106 2029 Nec
1123 1997 1353 2037 praesciverunt
1367 1998 1495 2033 stantes,
1512 1996 1597 2035 quod
1615 1997 1684 2036 post
1697 1995 1817 2026 habue-

1124 2053 1210 2082 runt.

1291 2119 1507 2152 DISTINCTIO
1530 2119 1567 2151 V.

1082 2196 1117 2222 De
1141 2195 1357 2228 confirmatione,
1386 2195 1411 2219 et
1438 2193 1605 2219 conversione
1631 2191 1781 2222 stantium3

1178 2241 1202 2266 et
1217 2239 1369 2269 aversione,
1386 2240 1411 2264 et
1430 2238 1507 2272 lapsu
1523 2236 1684 2263 cadentium.

1109 2317 1168 2339 Post
1179 2315 1233 2338 haec
1247 2313 1416 2338 consideratio
1432 2312 1534 2336 adducit
1545 2311 1672 2343 inquirere
1684 2329 1692 2341 ,
1706 2312 1755 2334 etc.

1086 2373 1197 2403 Aversi
1212 2372 1356 2412 quidam⁷
1371 2379 1446 2400 mox
1468 2370 1506 2400 de
1521 2369 1598 2400 coeto
1616 2368 1816 2404 ceeiderunt;

1046 2425 1194 2456 Conversi
1209 2434 1295 2463 vero,
1313 2423 1493 2455 confirmari
1510 2423 1705 2452 meruerunt.

1046 2479 1203 2510 Libertate
1217 2487 1276 2508 sua
1289 2477 1466 2507 discernere
1480 2475 1524 2506 sic
1539 2474 1721 2505 voluerunt.

1047 2532 1107 2570 Qui
1117 2531 1355 2568 confirmantur,
1373 2531 1489 2560 stantes
1503 2528 1537 2558 in
1551 2536 1660 2558 amore
1669 2526 1816 2557 beantur.

1048 2585 1137 2616 Multi
1147 2586 1312 2621 testantur,
1331 2583 1414 2623 quod
1429 2590 1515 2612 nunc
1531 2580 1610 2611 illud
1624 2581 1816 2610 mereantur.

1049 2639 1183 2677 Quidam
1213 2637 1378 2673 dixerunt,
1406 2634 1490 2676 quod
1522 2635 1599 2664 tunc
1634 2631 1730 2663 simul
1758 2632 1818 2663 hoc

1128 2692 1324 2722 meruerunt.

1975 2305 1991 3006 m-Q—-ss———u-
