1991 3006
131 2323 235 2345 Fundam.

251 224 308 253 532

248 288 316 319 dico
326 287 410 327 quod
434 286 564 316 remittit
581 286 643 316 duo
665 285 704 323 ei,
727 287 781 325 qui
804 285 921 315 meruit
941 294 1015 321 sex3

248 341 378 372 remittit
402 342 539 380 quatuor
555 339 602 376 ei,
625 340 679 379 qui
699 340 813 369 meruit
834 338 1015 374 (luodccim3

250 404 307 425 nee
323 393 424 432 magis
432 393 563 423 remittit
576 393 788 432 comparando
799 392 835 421 ad
854 391 1015 429 meritum,

248 447 315 476 sive
335 446 374 476 ad
395 446 586 485 quantitates
609 445 765 481 diversas,
782 444 852 474 licet
875 444 1018 473 absolute

248 500 364 538 magis.
381 498 470 535 Quod
485 508 563 537 ergo
575 498 649 528 dicit
667 498 751 537 quod
774 499 912 537 reportat
932 505 1017 526 com-

247 553 390 589 modum,
415 551 583 582 dIcendum
607 551 689 590 quod
720 551 832 581 falsum
859 552 920 587 est,
944 550 1019 589 quia

248 615 372 645 semper
392 605 489 645 duplo
512 605 654 644 punitur.
686 603 898 634 Misericordia
919 603 1016 639 enim,

247 658 375 698 quando
394 658 492 688 currit
507 667 580 688 cum
601 657 743 697 justitia,
761 656 864 694 magis
889 655 1018 685 remittit

247 713 422 752 quantitate
437 711 596 748 absoluta,
612 711 667 741 ubi
682 713 726 740 est
746 711 848 749 major
866 709 1015 745 miseria3

247 765 301 796 sed
311 770 417 796 tamen
432 765 606 804 aequaliter,
625 763 782 803 loquendo
797 762 1017 801 proportiona-

245 818 326 857 liter,
344 819 418 858 quia
439 819 520 848 sicut
541 817 613 854 uni,
628 817 671 847 ita
694 818 725 846 et
749 815 849 845 alteri.
872 814 1018 845 Rationes

246 881 322 903 vero
350 872 388 902 ad
419 873 539 911 partem
574 869 750 909 oppositam
776 868 950 908 procedunt
980 868 1018 898 de

241 926 385 965 justitia,
402 924 574 955 secundum
597 923 682 963 quod
703 923 777 953 dicit
800 922 943 952 ordinem
963 931 969 951 :
988 923 1018 951 et

245 978 289 1007 sic
299 976 565 1016 quemadmodum
577 974 728 1014 sapientia
742 973 861 1013 optime
872 973 1016 1012 producit

245 1030 417 1061 secundum
433 1029 577 1059 ordinem
593 1027 819 1064 conditionum,
839 1027 881 1056 ita
893 1026 1017 1065 justitia

241 1083 413 1122 justissime
424 1083 607 1112 remunerat
619 1079 796 1110 secundum
812 1079 957 1109 ordinem
971 1088 1018 1108 re-

245 1136 465 1167 tributionum.

446 1253 734 1287 ARTICULUS
769 1252 814 1284 ΙΙ.

288 1352 531 1390 consequenter,
548 1351 703 1389 quantum
719 1348 758 1378 ad
773 1346 948 1377 secundum
964 1354 1014 1376 ar-

244 1405 389 1441 ticulum,
407 1403 564 1444 quaeritur
580 1401 741 1441 quomodo
756 1399 971 1430 misericordia
988 1401 1018 1428 et

244 1458 361 1488 vetitas
380 1456 524 1487 eamdem
549 1455 717 1494 respiciant
741 1454 970 1493 operationem;
988 1453 1018 1481 et

245 1511 327 1540 circa
342 1511 401 1540 hoc
415 1511 607 1549 quaeruntur
622 1510 761 1547 quatuor
779 1518 785 1537 ι
806 1506 909 1546 primo
928 1513 1017 1544 quae-

245 1564 327 1594 ritur
342 1566 450 1594 utrum
464 1563 495 1592 in
511 1562 617 1601 aliquo
638 1570 731 1601 opere
752 1560 877 1591 Domini
896 1559 936 1588 sit
957 1558 1015 1589 mi-

246 1617 416 1648 sericordia
429 1619 460 1646 et
472 1616 605 1652 veritas;
623 1615 770 1652 secundo,
786 1616 895 1643 utrum
911 1613 942 1642 in
963 1621 1014 1642 eo-

246 1672 317 1703 dem
328 1681 422 1711 opere
436 1670 559 1701 Domini
569 1671 607 1700 sit
617 1668 831 1700 misericordia
841 1670 872 1698 et
882 1667 997 1697 veritas
1007 1678 1013 1703 ;

246 1726 276 1754 et
290 1723 361 1754 dato
376 1723 461 1762 quod
476 1722 509 1752 in
524 1721 646 1759 eodem,
663 1720 838 1751 secundum
852 1719 936 1758 quod
952 1718 1015 1748 mi-

246 1776 412 1807 sericordia
442 1778 473 1806 et
498 1775 614 1805 veritas
642 1774 790 1804 dicuntur
818 1771 1015 1810 largissime,

248 1829 339 1860 tertio
350 1829 505 1868 quaeritur
520 1830 641 1865 utrum,
656 1826 830 1857 secundum
846 1825 931 1864 quod
944 1833 1018 1864 pro-

248 1885 315 1924 prie
344 1885 558 1924 accipiuntur,
593 1883 782 1913 concurrant
813 1881 846 1910 in
879 1879 988 1910 eodem
1008 1890 1015 1915 ;

247 1941 378 1978 quarto,
399 1940 509 1969 utrum
528 1935 743 1967 misericordia
762 1937 791 1965 et
810 1934 927 1964 veritas
951 1942 1019 1972 pos-

247 1992 309 2022 sint
333 1991 372 2022 ab
392 1991 528 2022 invicem
545 1991 576 2020 in
596 1990 702 2029 aliquo
716 1997 810 2028 opere
825 1986 975 2026 separari.

522 2103 699 2141 QUAESTIO
723 2104 745 2133 I.

286 2187 329 2213 An
353 2188 380 2212 z'n
402 2186 492 2220 aliquo
517 2192 593 2220 opere
616 2185 722 2211 Domini
746 2185 780 2210 sit
804 2181 988 2209 misericordia

548 2231 573 2256 et
587 2230 686 2256 veritas
699 2230 716 2254 ¹.

290 2310 380 2347 Quod
396 2310 427 2340 in
444 2309 550 2348 aliquo
573 2317 667 2348 opere
689 2307 814 2338 Domini
839 2307 878 2336 sit
901 2306 1021 2336 miseri—

251 2365 356 2396 cordia
371 2366 401 2394 et
415 2364 531 2393 veritas
543 2387 550 2400 ‚
567 2362 740 2392 ostenditur
754 2364 764 2379 ²
779 2372 785 2391 :
804 2361 909 2392 Estote
926 2360 1018 2390 mise-

249 2416 402 2454 ricordes,
411 2417 494 2447 sicut
508 2419 536 2447 ec
550 2416 642 2447 Pater
656 2419 756 2447 vester
766 2414 945 2445 misericors
954 2416 1021 2443 est:

251 2480 341 2511 ergo,
358 2472 416 2501 etc.

283 2554 290 2567 ¹
314 2552 354 2582 Cf.
377 2550 446 2575 Alex.
469 2550 563 2579 Alexis„
593 2556 618 2579 p.
642 2549 661 2579 Ι,
685 2556 710 2579 q.
735 2554 831 2578 xxxix,
855 2547 965 2571 membr,
994 2548 1020 2576 ¹3

252 2588 332 2618 Scot„
350 2587 382 2611 IV
402 2587 480 2616 Sent,
497 2586 554 2609 dist.
570 2591 645 2615 wa,
660 2591 684 2615 q.
703 2590 733 2614 ¹¹3
750 2583 879 2612 Ricliard.5
896 2584 925 2607 lV
943 2583 1021 2611 sent„

251 2623 308 2647 dist.
324 2629 394 2654 wa,
414 2624 461 2646 art.
474 2624 501 2652 2,
517 2628 542 2652 q.
556 2627 576 2651 1;
590 2620 680 2644 Thom.
695 2621 791 2650 Argeut
804 2638 810 2646 ,
826 2619 855 2642 lv
870 2619 948 2648 Seni„
964 2617 1021 2640 dist.

251 2664 322 2689 xLV1,
337 2666 362 2689 q.
378 2664 397 2689 1,
412 2660 460 2682 art.
476 2659 503 2687 43
515 2656 601 2686 steph.
623 2655 708 2679 Brulef
719 2673 725 2683 ‚
743 2655 773 2678 {V
790 2655 868 2683 Sem„
881 2654 929 2676 dist
951 2658 1021 2682 xm,

252 2701 276 2723 q.
293 2700 321 2723 v;
341 2695 426 2717 Petrus
439 2694 469 2716 «le
481 2693 593 2721 Tarant„
608 2691 637 2714 IV
651 2692 730 2718 Seni„
745 2691 801 2713 dist.
818 2695 886 2718 xm,
901 2696 924 2719 q.
942 2694 1021 2712 111.—

809 217 1113 249 SENTENTIARUM
1136 217 1210 248 LIB.
1234 217 1281 247 IV.

1115 286 1202 321 Item,
1220 284 1303 323 quod
1320 284 1353 313 in
1368 283 1454 313 omni
1475 292 1569 322 opere
1585 283 1709 313 Domini
1724 283 1763 314 sit
1777 284 1844 322 jus-

1076 338 1153 374 titia,
1170 347 1224 367 seu
1240 338 1367 373 veritas,
1385 337 1509 367 videtur
1524 346 1578 376 per
1594 336 1670 367 illud
1687 336 1801 366 Psalmi
1813 340 1840 366 ⁸:

1075 391 1199 422 lfeflrles
1214 391 1385 429 unicuique
1395 389 1496 428 juxta
1511 398 1606 429 opera
1621 397 1681 421 sua
1697 400 1703 420 :
1719 389 1772 420 sed
1784 389 1844 420 hoc

1073 443 1261 482 estjustitiae
1279 454 1284 472 ε
1304 452 1383 482 crgo
1395 467 1404 480 ,
1423 445 1481 472 etc.

1115 496 1191 526 item
1206 497 1264 526 ista
1280 496 1342 527 duo
1356 496 1504 526 decorant
1526 498 1694 533 rcctorem;
1714 494 1797 525 unde
1811 495 1844 525 in

1075 549 1252 580 Proverbiis
1267 550 1274 565 '¹
1294 559 1299 578 :
1318 548 1539 580 Misericordia
1556 552 1584 579 el
1604 549 1723 580 veritas
1736 551 1843 580 custo-

1073 604 1168 635 dizmt
1182 612 1295 643 regem,
1312 606 1340 634 et
1355 603 1534 639 clementia,
1550 604 1607 631 etc.
1625 601 1687 632 Sed
1705 600 1786 631 Deus
1798 603 1844 631 est

1075 657 1185 688 ltector
1199 657 1345 687 omnium
1358 665 1483 686 rerum:
1501 664 1588 694 ergo,
1604 657 1662 684 etc.

1114 710 1191 740 item
1208 710 1327 740 ratione
1341 709 1485 746 videtur,
1505 708 1580 748 quia
1600 707 1668 738 istae
1685 709 1759 738 sunt
1773 707 1844 738 duae

1074 763 1207 794 virtutes
1222 763 1254 792 iu
1269 763 1359 793 nobis
1376 774 1382 792 :
1401 771 1479 800 ergo
1499 764 1572 791 sunt
1594 760 1789 800 exemplaria
1812 760 1844 790 in

1074 818 1135 849 Deo
1149 830 1155 848 :
1170 818 1233 848 etsi
1250 818 1320 855 hoc,
1333 826 1412 855 ergo
1427 826 1502 846 cum
1518 825 1575 846 nos
1583 824 1751 855 operemur
1758 816 1843 854 ,iuste

1072 875 1101 902 ct
1119 871 1372 907 misericorditer,
1386 879 1467 908 ergo
1481 872 1511 899 et
1526 869 1608 899 Deus
1618 868 1772 898 similiter.

1112 925 1244 955 Contra:
1263 927 1290 953 1.
1315 922 1374 953 Per
1399 921 1648 953 Damascenum⁸
1667 932 1673 952 ;
1695 933 1710 950 ιι
1724 920 1842 951 Miseri-

1072 979 1176 1008 cordia
1194 981 1239 1008 est
1254 977 1429 1017 compassio
1443 976 1481 1006 de
1496 975 1606 1006 alienis
1622 974 1713 1005 malis
1729 985 1735 1005 z
1752 985 1766 1002 n
1789 972 1843 1004 sed

1073 1031 1152 1062 Deus
1175 1031 1253 1061 nihil
1274 1033 1423 1070 operatur
1448 1038 1487 1059 ex
1511 1027 1742 1068 compassione,
1768 1026 1842 1066 quia

1071 1094 1135 1115 uon
1155 1084 1366 1124 compatitur:
1385 1092 1464 1122 ergo
1487 1082 1519 1112 iu
1543 1081 1630 1112 nullo
1654 1089 1748 1120 opere
1774 1081 1843 1119 ejus

1071 1139 1229 1169 concurrit
1244 1136 1467 1167 misericordia.

1111 1195 1139 1222 9..
1165 1191 1242 1221 Item
1262 1190 1385 1230 justitia
1406 1191 1469 1225 est,
1491 1197 1564 1219 cum
1591 1188 1626 1218 fit
1644 1187 1728 1226 quod
1750 1186 1842 1217 debet

1071 1244 1155 1274 fieri:
1175 1243 1228 1274 sed
1244 1243 1325 1273 Deus
1338 1242 1417 1272 nihil
1429 1243 1577 1280 operatur
1587 1249 1626 1270 ex
1639 1239 1754 1276 debito,
1767 1238 1843 1278 quia

1072 1297 1149 1327 nulli
1161 1300 1207 1327 est
1221 1296 1380 1327 obnoxius
1394 1303 1491 1333 :ergo
1504 1293 1583 1324 nihil
1593 1294 1695 1332 juste:
1710 1292 1764 1330 sic,
1780 1293 1841 1322 etc.

1113 1354 1141 1380 3.
1159 1350 1237 1380 Item
1255 1350 1280 1379 si
1296 1347 1511 1378 misericordia
1525 1349 1556 1377 ct
1577 1346 1694 1377 veritas
1708 1347 1756 1376 est
1769 1353 1843 1375 con-

1072 1404 1148 1434 ditio
1162 1403 1215 1433 Dei
1238 1402 1416 1442 operantis;
1433 1410 1507 1431 cum
1531 1408 1610 1439 ergo
1633 1399 1768 1430 conditio
1790 1397 1844 1428 Dei

1072 1457 1230 1496 operantis
1247 1456 1383 1486 reluceat
1406 1455 1440 1484 in
1461 1462 1555 1494 opere
1567 1477 1575 1491 ‚
1592 1455 1626 1483 ut
1649 1454 1753 1492 patet,
1770 1450 1845 1491 quia

1072 1510 1156 1540 enim
1172 1510 1274 1539 bonus
1291 1511 1355 1545 est,
1373 1508 1442 1538 ideo
1457 1507 1541 1537 bona
1556 1508 1630 1536 sunt
1643 1506 1723 1535 sacta
1741 1515 1747 1534 :
1764 1512 1845 1542 ergo

1073 1564 1140 1602 pari
1164 1563 1303 1599 ratione⁷
1326 1561 1400 1600 quia
1420 1561 1527 1599 justus
1549 1562 1613 1596 est,
1629 1559 1737 1588 omnia
1765 1556 1844 1586 facta

1073 1616 1261 1654 suntjusta;
1278 1616 1308 1644 et
1325 1614 1404 1652 lapis
1418 1615 1465 1643 est
1477 1613 1584 1651 justus
1597 1635 1604 1647 ‚
1621 1610 1700 1650 lapis
1721 1611 1768 1639 est
1790 1608 1846 1638 mi-

1072 1668 1205 1698 sei-{cors
1223 1678 1229 1697 z
1246 1666 1330 1706 quod
1347 1666 1371 1695 si
1388 1674 1453 1695 non
1476 1664 1675 1701 conceditur,
1693 1671 1772 1701 ergo
1788 1670 1846 1692 nec

1073 1722 1156 1752 Deus
1195 1723 1344 1760 operatur
1382 1718 1558 1749 secundum
1595 1715 1845 1748 misericordiam

1073 1784 1175 1811 suam,
1192 1776 1247 1804 aut
1262 1773 1440 1803 veritatem.

1113 1831 1143 1858 4.
1161 1828 1237 1858 Item
1253 1826 1332 1857 nihil
1348 1824 1529 1866 ponendum
1546 1825 1594 1854 est
1611 1823 1642 1852 in
1663 1822 1743 1860 Deo,
1760 1821 1845 1862 quod

1074 1891 1137 1912 non
1151 1881 1263 1911 debeat
1278 1880 1350 1920 poni
1366 1879 1399 1909 in
1411 1886 1538 1908 summo
1555 1886 1562 1907 :
1578 1876 1632 1907 sed
1642 1875 1767 1915 justitia
1780 1883 1845 1905 non

1073 1935 1164 1965 debet
1175 1934 1249 1974 poni
1264 1934 1297 1963 in
1312 1933 1418 1972 aliquo
1430 1932 1464 1962 in
1478 1939 1605 1961 summo
1620 1940 1626 1959 :
1644 1928 1730 1960 unde
1743 1928 1845 1960 Eccle-

1074 1990 1188 2020 siastes
1206 1989 1242 2026 la]
1261 1986 1334 2018 dicit
1349 1987 1359 2002 ⁶
1374 1995 1381 2016 ε
1399 1985 1474 2017 Noli
1495 1993 1557 2016 esse
1576 1983 1709 2015 multum
1725 1981 1845 2021 justus.

1350 2101 1573 2134 CONCLUSIO.

1075 2186 1106 2212 In
1123 2186 1215 2219 aliquo
1230 2192 1306 2219 opere
1322 2184 1432 2210 Domini
1446 2184 1481 2208 est
1495 2179 1681 2208 misericordia
1697 2181 1723 2205 et
1736 2179 1845 2208 ver-itas,

1132 2227 1350 2263 quemadmodum
1367 2229 1395 2253 in
1410 2233 1486 2261 opere
1500 2224 1643 2251 rationalis
1657 2225 1793 2250 creaturoe.

1118 2309 1209 2348 Resp.
1226 2308 1264 2338 ad
1284 2316 1355 2346 arg.
1374 2305 1548 2336 Dicendum
1570 2303 1654 2343 quod
1676 2302 1849 2333 misericor-

1077 2361 1128 2391 dia
1142 2364 1173 2391 ct
1196 2360 1312 2391 veritas
1327 2361 1373 2389 est
1390 2359 1424 2388 in
1438 2366 1534 2397 opere
1545 2359 1700 2387 creaturae
1713 2354 1849 2385 rationa-

1076 2413 1114 2443 lis
1134 2423 1142 2443 :
1165 2415 1194 2443 et
1220 2413 1281 2443 hoc
1311 2411 1439 2451 quidem
1468 2409 1639 2440 nobilitatis
1667 2410 1714 2438 est
1737 2418 1744 2438 ε
1771 2415 1848 2446 ergo

1078 2466 1178 2497 multo
1192 2466 1304 2497 fortius
1312 2467 1343 2495 et
1360 2463 1499 2495 nobilius
1513 2463 1546 2492 in
1559 2461 1707 2502 operibus
1719 2460 1786 2493 Dei.

1077 2564 1164 2590 ²Luc.‚
1181 2569 1215 2594 xl,
1231 2564 1269 2587 36.
1280 2575 1308 2580 —
1324 2562 1334 2578 ³
1346 2561 1411 2586 Psal.
1428 2567 1482 2590 ΠΙ,
1499 2562 1536 2584 13.
1547 2572 1577 2577 ——
1591 2560 1601 2576 δ
1612 2559 1693 2588 Ρνου.,
1711 2564 1755 2588 xx,
1770 2559 1809 2582 28.
1820 2570 1846 2575 —

1078 2600 1086 2613 ⁵
1104 2600 1231 2629 Damaso„
1250 2599 1279 2622 cle
1298 2598 1356 2622 Fid.
1377 2597 1447 2622 Orth.
1464 2596 1508 2620 lib.
1526 2595 1560 2626 11,
1576 2602 1598 2619 c.
1615 2600 1668 2619 Χιν.
1682 2606 1712 2613 -
1731 2594 1740 2608 ⁸
1755 2592 1848 2624 an-le„

1079 2641 1127 2663 vn,
1146 2636 1182 2658 17.

1112 2688 1145 2717 (a)
1161 2686 1221 2710 Coet.
1238 2685 1297 2709 edit..
1314 2685 1510 2710 Ecclesiasticus,
1526 2683 1610 2706 mend,

1861 929 1893 949 Ad
1913 936 1965 956 opp.
