1991 3006
195 190 254 218 238

195 255 327 288 istarum
347 255 483 294 partium
503 253 581 284 duas
596 253 710 291 habet;
733 254 767 284 in
789 253 892 293 prima
906 263 961 293 op-

195 303 302 347 ponit;
318 307 350 337 in
363 307 499 337 secunda
511 306 614 337 solvit.
631 306 738 337 Partes
751 309 857 337 autem
872 307 903 336 in
917 307 964 337 lit-

195 363 260 390 tera
276 360 448 390 manifesta}
464 362 549 390 sunt.

523 453 590 475 DUB.
615 453 634 474 1.

246 511 278 534 Ut
289 511 310 534 si
323 510 379 541 quis
390 510 529 540 promittat,
542 511 582 534 vel
598 510 674 534 etiam
684 510 751 540 juret
765 510 849 538 alicui,
865 511 912 533 cte.

235 572 394 609 Quaeritur
423 575 531 603 utrum
556 574 775 611 juramentum
806 571 898 601 addat
925 571 962 601 ad

195 625 455 664 promissionem:
488 626 513 656 si
541 626 625 655 enim
650 625 731 655 nihil
754 625 858 661 addit,
885 633 964 663 vrgo

195 677 311 708 frustra
326 679 513 718 apponitur;
532 678 557 708 si
571 678 672 715 addit,
689 687 768 716 ergo
782 678 903 707 firmior
917 679 965 707 est

195 731 361 769 promissio
372 755 381 768 ,
399 734 429 761 et
445 733 548 770 majus
564 731 737 761 vinculum.
758 730 818 761 Sed
833 733 940 760 contra
955 741 961 761 z

196 783 298 822 Majus
313 784 476 814 vinculum
492 784 717 823 superveniens
732 783 826 813 solvit
841 783 962 819 minus,

196 838 231 866 ut
251 838 361 867 votum
383 837 543 876 privatum
566 837 699 867 solvitur
720 846 776 876 per
798 837 963 867 matrimo-

196 888 285 918 nium
304 892 559 920 consummatum
576 900 581 920 :
604 898 681 928 ergo
695 889 721 919 si
736 889 851 929 aliquis
868 898 962 928 spon-

196 942 267 972 deat
276 942 369 972 alicui
380 951 453 973 cum
463 943 599 982 simplici
612 942 682 979 fide,
700 945 728 972 et
743 945 811 982 post
826 942 879 972 alii
891 952 964 973 cum

192 996 376 1034 Juramento
393 1020 400 1033 ‚
426 995 552 1026 videtur
576 995 658 1035 quod
685 997 829 1025 teneatur
851 995 891 1025 ad
914 1004 964 1025 se—

196 1049 344 1079 cundam.

238 1101 328 1141 Resp.
363 1102 536 1132 Dicendum
560 1102 645 1141 quod
668 1102 699 1131 in
723 1101 772 1131 his
795 1111 866 1141 quae
891 1104 965 1131 sunt

197 1155 338 1193 eJusdem
362 1155 417 1185 fori
435 1158 466 1185 et
482 1155 608 1193 generis
620 1179 627 1191 ,
649 1155 795 1194 quamvis
810 1164 909 1185 unum
926 1156 966 1185 sit

197 1208 300 1246 majus
315 1208 376 1237 alio
388 1232 395 1245 ,
419 1210 525 1237 tamen
546 1217 609 1237 non
625 1207 728 1237 solvit.
753 1207 840 1237 Unde
857 1208 964 1237 matri-

197 1260 342 1290 monium
363 1263 620 1290 consummatum
637 1269 701 1290 non
725 1260 818 1290 solvit
839 1263 943 1290 ratum
957 1284 964 1297 ‚

197 1322 234 1343 co
249 1313 333 1352 quod
349 1315 521 1352 utrumque
536 1315 582 1343 est
602 1313 842 1343 matrimonium
856 1337 863 1350 ‚
881 1315 911 1343 ct
925 1313 966 1342 li-

197 1368 252 1404 gat
266 1366 298 1395 in
311 1366 387 1396 facie
401 1365 547 1396 Ecclesiae
559 1376 566 1396 z
583 1366 727 1396 similiter
739 1375 797 1396 nec
811 1366 967 1405 sponsalia

197 1419 324 1449 solvunt
341 1419 499 1458 sponsalia
511 1443 518 1456 ,
539 1419 591 1449 sed
612 1419 853 1449 matrimonium
869 1428 965 1458 spon-

198 1471 274 1501 salia
286 1471 378 1502 solvit
393 1481 400 1501 :
418 1474 448 1501 et
462 1472 530 1501 ideo
546 1472 693 1502 standum
709 1474 754 1502 est
769 1472 881 1511 primae
894 1472 965 1502 fidei

199 1526 228 1553 et
242 1524 437 1563 obligationi.
459 1524 538 1555 Nam
559 1525 966 1563 secundumjuramentum

198 1577 322 1607 nullum
344 1580 408 1615 est,
428 1587 465 1607 eo
487 1578 570 1617 quod
591 1580 699 1608 contra
718 1578 795 1607 illud
817 1580 861 1608 est
883 1578 966 1616 quod

198 1629 331 1660 fideliter
358 1630 529 1670 adimplere
558 1633 691 1661 tenetur.
733 1630 820 1660 Unde
847 1630 966 1660 sacien—

197 1682 273 1712 dum
289 1685 335 1712 est
353 1683 526 1713 secundum
548 1683 623 1713 illud
646 1682 752 1712 Isidori
768 1694 774 1712 ;
796 1694 810 1710 «
826 1682 860 1712 In
877 1682 967 1711 malis

196 1736 359 1774 promissis
390 1736 530 1765 rescinde
560 1736 654 1765 fidem
672 1747 678 1765 z
696 1748 710 1763 »
739 1735 808 1765 ideo
827 1734 966 1773 jurando

196 1788 354 1826 peccavit,
378 1789 429 1818 sed
451 1798 514 1819 non
534 1789 673 1827 peccavit
691 1787 881 1817 adhaerendo
902 1787 964 1826 pri-

197 1849 269 1871 mae.

517 1900 584 1922 nun.
610 1900 641 1920 11.

211 1958 267 1981 Non
293 1960 376 1981 autem
397 1958 432 1981 sic
454 1960 504 1988 est,
524 1958 625 1989 quando
645 1958 818 1988 juramentum
841 1957 950 1987 conjugii

284 1993 417 2023 praesentis
432 2000 571 2017 consensus
583 1993 743 2017 attestatione
758 1992 880 2016 firmatur.

236 2053 366 2084 Videtur
386 2054 467 2084 male
482 2055 603 2091 dicere,
628 2054 703 2093 quia
725 2053 965 2083 matrimonium

196 2109 268 2137 ante
286 2107 431 2146 copulam
446 2107 580 2137 solvitur
599 2115 654 2145 per
676 2108 786 2136 votum
802 2105 942 2136 solemne
957 2116 963 2135 ε

195 2169 274 2198 ergo
287 2169 360 2190 cum
374 2159 613 2189 matrimonium
626 2160 884 2189 consummatum
898 2160 966 2188 tan-

195 2214 238 2243 tae
253 2212 293 2241 sit
311 2212 511 2250 obligationis
531 2213 568 2241 ut
588 2214 700 2241 votum
712 2235 720 2248 ‚
743 2211 868 2241 videtur
881 2210 966 2250 quod

196 2264 340 2294 similiter
354 2263 475 2294 solvere
489 2264 611 2294 debeat.

238 2316 328 2356 Resp.
346 2316 516 2346 Dicendum
529 2316 614 2355 quod
628 2325 692 2346 non
705 2319 750 2347 est
763 2317 876 2354 simile,
891 2317 966 2356 quia

196 2368 250 2399 hic
263 2371 337 2398 sunt
351 2368 561 2406 obligationes
571 2369 713 2408 eJusdem
729 2370 865 2408 generis.
883 2369 966 2400 Prae-

197 2424 301 2458 terea,
324 2424 456 2460 uterque
472 2421 550 2451 vivit
571 2422 701 2452 mundo.
725 2421 762 2452 Et
777 2422 893 2452 iterum
905 2447 914 2459 ,
933 2423 965 2452 in

198 2473 342 2513 sequenti
358 2473 557 2503 matrimonio
571 2474 646 2503 tides
659 2475 852 2513 promittitur
867 2476 897 2504 et
911 2474 964 2504 da-

199 2529 253 2556 tur
267 2525 392 2556 mulieri
405 2535 412 2562 ;
430 2525 462 2555 in
477 2528 551 2556 voto
566 2528 673 2556 autem
688 2527 819 2556 solemni
835 2529 880 2556 est
891 2527 967 2557 obli-

235 2607 238 2619 *
257 2606 297 2636 Cf.
319 2608 345 2630 S.
365 2606 465 2636 Thom.,
486 2606 511 2629 iu
531 2605 616 2636 Suppl.
638 2612 662 2635 p.
685 2606 725 2633 ΙΙΙ,
748 2612 772 2635 q.
791 2611 848 2634 XLV,
871 2608 916 2630 art.
940 2609 963 2636 1;

201 2641 329 2671 Richard„
353 2641 383 2663 tv
403 2641 480 2671 Sent.,
501 2640 558 2664 dist,
575 2645 666 2668 xxvui,
681 2646 706 2671 q.
728 2639 916 2669 1;Franeiseus
935 2641 965 2664 de

753 186 1060 218 SENTENTIARUM
1083 188 1155 220 LlB.
1181 189 1229 219 lV.

1021 255 1107 293 gatio
1136 255 1265 286 alterius
1295 257 1432 294 generis.
1472 256 1627 287 Praeterea
1657 257 1792 287 moritur

1020 307 1116 338 homo
1132 309 1262 346 mundo,
1280 310 1363 348 quod
1379 309 1473 340 solvit
1485 309 1547 339 tale
1562 309 1736 340 vinculum.
1752 309 1790 340 Et

1021 361 1148 396 iterum,
1168 362 1245 392 fides
1260 365 1289 392 ct
1303 363 1491 402 obsequium
1508 363 1704 402 promittitur
1717 361 1789 399 Deo,

1020 414 1070 444 cui
1087 414 1158 453 plus
1178 417 1335 452 tenemur,
1358 425 1455 455 quam
1474 416 1544 446 aliis
1560 427 1566 446 :
1587 418 1618 446 et
1637 415 1706 446 ideo
1728 423 1792 445 non

1020 469 1066 496 est
1086 467 1187 498 simile
1199 491 1208 505 ,
1230 469 1306 508 quia
1320 470 1419 498 status
1439 468 1638 508 perfectionis
1655 467 1790 498 assumi-

1020 521 1087 549 tur:
1102 522 1131 549 et
1145 520 1213 550 ideo
1224 520 1284 550 tale
1293 523 1402 551 votum
1414 521 1533 552 licitum
1544 523 1601 558 est,
1616 530 1651 551 ac
1664 529 1719 560 per
1732 519 1791 550 hoc

1018 572 1258 610 obligatorium.
1285 574 1464 604 Secundum
1491 576 1599 604 autem
1623 573 1790 603 matrimo-

1021 625 1111 654 nium
1126 634 1188 654 non
1203 628 1249 655 est
1264 625 1385 655 licitum
1399 650 1406 662 ,
1424 628 1455 656 et
1470 626 1538 656 ideo
1552 635 1609 656 nec
1623 625 1722 656 robur
1735 625 1792 656 ha-

1020 676 1082 714 het,
1099 686 1156 708 nec
1166 678 1395 716 obligationem
1409 690 1415 708 ε
1433 681 1462 708 et
1475 679 1519 709 sic
1533 680 1617 718 patet
1633 678 1716 718 quod
1729 686 1793 708 non

1020 732 1066 760 est
1080 730 1194 760 simile.

1340 780 1408 801 nnn.
1432 779 1476 800 111.

1202 832 1369 856 sacerdotum
1385 831 1546 862 benedictio,
1564 834 1612 855 etc.

1062 888 1166 918 lnnuit
1192 889 1350 927 Magister,
1378 889 1463 928 quod
1485 889 1551 919 sine
1575 888 1793 920 benedictione

1021 950 1083 971 non
1100 942 1139 971 sit
1157 942 1347 980 eonjugium
1368 944 1525 981 quantum
1541 941 1579 972 ad
1596 941 1793 972 honestatem

1021 995 1219 1024 sacramenti.
1236 994 1366 1025 Videtur
1379 995 1439 1024 hoc
1452 994 1568 1024 falsum
1577 1018 1586 1032 ,
1603 995 1680 1034 quia
1693 994 1728 1025 in
1741 1003 1793 1025 se-

1021 1047 1131 1077 cundis
1144 1047 1262 1086 nuptiis
1277 1047 1414 1077 maxime
1427 1050 1473 1077 est
1485 1050 1720 1078 sacramentum
1732 1047 1790 1078 ho-

1021 1103 1146 1130 nestum
1159 1124 1167 1137 ‚
1183 1102 1213 1130 et
1227 1102 1335 1130 tamen
1353 1109 1415 1130 non
1431 1102 1476 1130 est
1490 1101 1676 1131 benedictio.

1063 1152 1153 1192 Resp.
1179 1153 1351 1184 Dicendum
1373 1154 1456 1193 quod
1479 1154 1512 1184 in
1536 1154 1681 1184 secundis
1705 1163 1793 1194 nup-

1022 1207 1092 1244 tiis,
1111 1207 1249 1236 maxime
1264 1207 1389 1247 quando
1406 1207 1520 1237 mulier
1536 1209 1583 1237 est
1597 1207 1712 1243 vidua,
1728 1215 1793 1238 non

1022 1260 1056 1289 fit
1072 1259 1244 1289 benedictio
1266 1262 1394 1299 propter
1409 1259 1563 1290 defectum
1584 1260 1790 1297 sacramenti,

1021 1311 1102 1342 sicut
1117 1312 1197 1342 infra
1218 1312 1346 1352 patebit.
1371 1312 1421 1342 Sic
1442 1315 1548 1342 autem
1569 1314 1599 1342 et
1616 1312 1795 1343 celebratur

1022 1364 1116 1394 Missa
1137 1365 1345 1395 determinate
1379 1367 1507 1404 propter
1533 1365 1647 1404 triplex
1672 1365 1794 1396 bonum

1022 1417 1236 1454 matrimonii,
1270 1417 1353 1456 quod
1381 1418 1482 1448 tribus
1505 1418 1648 1457 personis
1679 1427 1792 1458 appro-

1021 1470 1154 1509 priatur,
1182 1470 1300 1500 bonum
1325 1470 1421 1509 prolis
1445 1470 1551 1508 Patri,
1576 1471 1697 1501 bonum
1721 1471 1794 1502 fidei

1025 1522 1120 1560 Filio,
1137 1523 1256 1553 bonum
1281 1523 1491 1560 sacramenti,
1510 1523 1577 1553 sive
1600 1523 1718 1554 vinculi
1744 1523 1794 1554 in-

1022 1576 1187 1606 divisibilis
1198 1600 1207 1613 ,
1225 1576 1355 1615 Spiritui
1371 1578 1479 1606 sancto
1494 1576 1727 1616 appropriatur.

1176 1695 1417 1728 ARTICULUS
1447 1695 1614 1729 UNICUS.

1063 1788 1110 1818 Ad
1134 1788 1376 1827 intelligentiam
1401 1790 1566 1829 praesentis
1589 1789 1795 1820 distinctionis

1022 1850 1077 1871 sex
1091 1844 1282 1880 quaeruntur
1296 1853 1302 1871 z
1320 1842 1422 1881 primo
1436 1842 1592 1881 quaeritur
1603 1844 1712 1872 utrum
1723 1850 1794 1872 con-

1022 1903 1134 1923 sensus
1156 1894 1193 1924 de
1214 1894 1322 1924 futuro
1344 1894 1436 1924 faciat
1459 1894 1700 1924 matrimonium
1712 1905 1720 1931 ;
1742 1903 1791 1924 se-

1022 1946 1135 1983 cundo,
1154 1948 1262 1976 utrum
1278 1956 1448 1977 consensus
1462 1947 1500 1977 ad
1516 1949 1660 1986 tempus3
1681 1947 1790 1985 tertio,

1023 2000 1132 2029 utrum
1168 2009 1340 2030 consensus
1368 1999 1620 2037 conditionatus;
1659 2002 1791 2040 quarto,

1022 2053 1131 2081 utrum
1162 2060 1332 2081 consensus
1358 2052 1491 2088 tacitus;
1523 2052 1654 2090 quinto,
1682 2053 1792 2081 utrum

1021 2113 1193 2135 consensus
1205 2104 1361 2140 occultus;
1379 2106 1480 2140 sexto,
1496 2106 1605 2134 utrum
1619 2103 1705 2134 solus
1717 2111 1790 2133 con-

1020 2166 1132 2188 sensus
1148 2157 1180 2187 in
1195 2156 1353 2187 carnalem
1368 2156 1524 2195 copulam.

1292 2262 1470 2300 QUAESTIO
1494 2262 1517 2293 l.

1045 2346 1086 2369 An
1105 2350 1239 2369 consensus
1257 2343 1291 2369 de
1308 2343 1401 2374 futuro
1419 2343 1509 2374 saciat
1527 2343 1728 2368 matrimonium
1745 2341 1764 2368 ¹.

1061 2420 1150 2457 Quod
1167 2430 1339 2451 consensus
1353 2420 1391 2450 de
1405 2421 1511 2450 futuro
1524 2420 1616 2450 faciat
1630 2420 1791 2450 matrimo-
1807 2428 1841 2450 Λα
1849 2434 1907 2456 ηρ.

1021 2474 1123 2511 nium,
1135 2473 1311 2504 ostenditur
1321 2473 1380 2503 hac
1395 2473 1518 2503 ratione
1531 2483 1536 2502 :
1553 2472 1639 2502 Sicut
1649 2481 1682 2503 se
1697 2472 1790 2503 habet

1022 2572 1112 2602 Mnyr„
1132 2571 1161 2594 tv
1185 2570 1263 2599 Sent„
1282 2570 1338 2593 dist.
1362 2575 1458 2599 xxv111,
1480 2576 1504 2599 q.
1531 2574 1556 2598 13
1577 2569 1662 2599 Steph.
1687 2569 1789 2600 Brulet„

1023 2606 1053 2629 lV
1067 2606 1144 2635 Sent.,
1158 2606 1215 2629 dist.
1227 2611 1320 2633 xxvni,
1331 2612 1355 2635 q.
1371 2611 1391 2634 1;
1404 2605 1492 2628 Petrus
1503 2603 1534 2627 de
1544 2604 1657 2634 Tarant,
1668 2605 1700 2628 lv
1710 2604 1789 2630 Sent..

1021 2641 1078 2665 dist.
1095 2647 1187 2671 xxviii,
1199 2647 1224 2671 q.
1240 2646 1256 2664 ι.
