1991 3006
69 536 102 557 Ad
122 544 172 565 opp.

189 255 246 281 598

187 320 335 360 quodque
379 329 494 360 corpus
527 321 622 351 habet
655 321 850 351 habilitatem
884 323 956 351 teu-

187 372 280 403 dendi
300 373 339 403 ad
361 372 465 403 locum
490 383 585 404 suum
611 385 617 404 :
644 383 723 412 ergo
747 384 818 404 eum
845 374 957 404 habeat

188 426 383 456 habilitatem
406 426 571 463 tendendi,
600 429 630 457 et
653 427 735 457 haue
756 436 818 457 nou
842 427 956 457 habeat

190 479 248 509 nisi
264 488 319 519 per
332 479 528 517 agilitatem,
545 482 648 519 patet,
665 483 724 517 etc,

228 533 361 563 Contra:
379 536 408 563 1.
427 533 555 564 Frustra
568 536 611 563 est
627 533 752 572 agilitas
766 534 804 563 ad
821 535 954 569 motum,

188 586 213 616 si
229 595 291 616 non
306 587 393 617 decet
407 595 474 617 esse
489 589 612 617 motum
630 599 636 617 ι
655 587 706 616 sed
723 586 755 616 iu
772 587 957 626 corporibus

188 639 248 669 illis
262 639 454 679 impossibile
469 642 514 670 est
530 649 596 670 esse
614 642 753 676 motum,
770 642 865 679 prout
881 639 958 669 dici-

187 693 239 723 tur
251 694 259 710 ¹
270 693 400 724 Juravit
415 692 499 732 quod
511 700 575 723 non
589 694 649 724 erit
665 692 748 723 ultra
765 694 886 731 tempus
900 692 937 730 la)
947 701 957 719 .·

188 745 242 776 sed
257 746 361 776 omnis
375 748 481 776 motus
495 746 600 776 localis
615 748 660 776 est
677 746 707 775 in
727 748 866 785 tempore
883 756 888 775 :
907 755 958 775 er-

190 808 246 837 go,
263 799 289 828 si
304 808 368 829 non
384 799 443 829 erit
457 801 600 838 tempus,
621 808 702 837 ergo
718 808 774 828 net:
792 800 909 828 motus.

228 855 257 882 2.
276 852 352 882 Item
369 862 424 891 per
438 852 657 891 Augustinum
669 876 676 889 ,
702 852 740 883 tle
759 852 933 883 Trinilale²
948 863 959 882 .·

194 918 206 934 (ι
222 906 257 936 In
273 906 464 936 habentibus
478 906 688 936 mutationem
706 905 859 935 nonnulla
875 914 960 935 mors

189 962 235 990 est
254 960 321 999 ipsa
338 959 481 990 mutatio.
498 970 512 987 »
534 959 570 989 Et
593 959 672 989 ratio
687 959 785 997 liujus
806 961 867 996 est,
885 959 960 998 quia

190 1014 222 1043 in
244 1013 331 1043 omui
354 1014 442 1042 motu
463 1012 582 1052 aliquid
604 1012 805 1051 deperditur,
827 1015 857 1042 et
883 1012 960 1042 illud

190 1066 271 1096 mori
287 1075 351 1096 non
365 1065 545 1103 incongrue
566 1065 692 1095 dicitur.
713 1065 772 1095 Sed
788 1074 902 1104 eorpus
921 1065 958 1094 il-

190 1119 244 1150 lud
262 1120 320 1150 erit
335 1119 373 1149 ab
386 1119 473 1150 omni
493 1121 596 1148 morte
611 1119 749 1149 alienum
765 1130 770 1148 :
790 1128 884 1157 ergo,
900 1120 958 1147 etc.

231 1176 260 1205 3.
286 1173 363 1204 Item
391 1173 598 1212 Philosophus
618 1173 722 1210 ‹licit⁸‚
746 1173 830 1212 quod
856 1176 962 1203 motus

191 1230 235 1258 est
255 1227 427 1257 euteleehia
445 1226 499 1265 (b),
518 1226 548 1256 id
563 1228 628 1263 est,
647 1227 729 1256 entis
745 1227 777 1256 iu
794 1226 933 1265 potentia
953 1236 958 1255 :

191 1280 275 1310 unde
290 1279 393 1310 omnis
409 1281 513 1309 motus
537 1279 766 1317 imperfectioni
782 1280 959 1315 attestatur,

191 1333 266 1373 quia
284 1335 411 1372 propter
434 1332 617 1362 habendum
642 1332 762 1371 aliquid
783 1341 846 1361 non
874 1332 962 1362 habi-

190 1389 260 1416 tum
277 1397 283 1416 :
301 1385 354 1416 sed
369 1386 472 1415 omnis
489 1385 683 1424 imperfectio
704 1386 791 1415 abest
811 1394 830 1415 a
851 1395 961 1424 corpo-

191 1440 280 1470 ribus
297 1439 444 1478 gloriosis
463 1450 469 1469 ;
485 1448 563 1478 ergo
579 1441 608 1469 et
625 1439 730 1469 omnis
747 1440 861 1469 motus.

231 1495 259 1523 ln.
276 1493 353 1523 Item
370 1493 429 1523 hoe
443 1492 621 1523 ostenditur
636 1501 691 1531 per
707 1492 809 1522 simile
825 1492 857 1522 iu
873 1501 963 1531 supe-

192 1546 269 1577 riori
284 1548 314 1576 et
336 1545 496 1583 inferiori,
520 1546 594 1585 quia
616 1546 721 1575 anima
739 1547 964 1575 remuneratur

193 1608 248 1639 per
262 1598 465 1629 affectionum
485 1599 520 1636 (c)
545 1600 575 1627 et
590 1598 820 1636 cogitationum
838 1598 963 1637 quieta-

193 1653 329 1688 tionem;
353 1661 484 1690 corpora
507 1652 600 1681 eliani
620 1651 868 1690 supercoelestia,
892 1661 963 1690 quae

193 1707 267 1735 sunt.
282 1704 421 1735 maxime
442 1704 561 1735 habilia
577 1704 614 1734 ad
637 1706 777 1742 motum,
797 1714 852 1744 per
874 1705 962 1744 quie-

194 1760 257 1788 tem
276 1760 523 1788 remunerantur
541 1769 546 1788 ;
567 1766 646 1795 ergo
669 1758 812 1788 similiter
833 1767 964 1797 corpora

196 1810 345 1849 gloriosa.

467 1875 691 1907 CONCLUSIO.

198 1955 315 1990 Corpora
337 1955 455 1989 yloriosa
474 1955 568 1981 habent
590 1955 739 1989 (militatem
764 1955 906 1987 facientem
933 1955 969 1981 ari

345 1999 542 2033 empeditionem
558 2000 654 2025 animoe
669 2000 697 2025 in
712 2006 816 2033 corpus.

239 2076 328 2116 Resp.
350 2077 389 2107 ad
409 2085 478 2114 arg.
504 2076 674 2106 Dicendum
689 2076 790 2115 quod,
813 2075 967 2115 quidquid

199 2129 244 2167 (d)
261 2129 301 2159 sit
316 2129 353 2159 de
368 2131 473 2167 motu,
498 2131 604 2158 tamen
626 2128 664 2159 de
683 2128 824 2167 agilitate
846 2130 968 2158 certum

198 2185 259 2219 est,
278 2182 363 2221 quod
382 2182 440 2211 ista
456 2181 632 2221 proprietas
652 2183 698 2210 est
719 2180 757 2211 de
781 2181 968 2220 perfectione

198 2238 228 2265 et
242 2235 403 2265 nobilitate
419 2234 575 2274 eorporis,
602 2236 632 2263 et
652 2234 768 2264 faciens
784 2234 822 2264 ad
837 2234 969 2273 expedi-

199 2288 316 2318 tionem
331 2288 447 2318 animae
460 2287 494 2317 iu
509 2296 639 2326 corpore
653 2298 659 2317 :
675 2289 706 2317 et
718 2287 788 2317 ideo
798 2287 867 2317 dieo
885 2287 969 2325 quod

199 2341 258 2372 erit
272 2341 315 2371 ibi
326 2364 335 2378 ,
352 2340 434 2370 sicut
451 2340 584 2379 probant
599 2340 746 2370 rationes.

240 2393 330 2431 Quod
340 2402 416 2424 vero
426 2393 573 2432 objicitur
589 2395 616 2422 t.
629 2393 666 2422 ‹le
679 2394 783 2429 motu,
801 2392 969 2423 dicendum

201 2446 285 2486 quod
307 2448 411 2476 motus
438 2445 542 2475 omnis
571 2448 615 2475 est
640 2448 767 2484 propter
799 2446 970 2476 carentiam

201 2499 334 2538 alicujus
350 2498 394 2529 rei
409 2497 571 2528 :ementiti
588 2500 694 2528 autem
719 2500 819 2537 polest
835 2507 901 2528 esse
917 2501 969 2528 aut

234 2581 240 2595 ¹
253 2580 336 2609 Alme„
352 2585 377 2608 x,
390 2580 413 2602 ὃ.
423 2578 472 2595 -2
484 2578 558 2607 Aug„
572 2577 600 2600 de
613 2577 712 2607 Triui‘t„
725 2577 766 2600 lib.
784 2579 802 2608 l,
817 2586 838 2600 ‹·.
858 2583 874 2603 1,
888 2579 971 2609 quoad

203 2622 318 2644 sensum3
343 2615 413 2637 Cont.
436 2613 549 2640 Mamur,
574 2612 616 2635 lib.
641 2613 687 2637 ΙΙΙ.
712 2613 743 2636 al.
769 2613 802 2641 ll,
826 2620 847 2636 c.
876 2619 920 2637 xii.
944 2627 966 2630 -

203 2651 213 2666 ⁸
230 2651 314 2677 Arist..
336 2649 420 2679 Phys„
441 2648 482 2672 lib.
506 2649 553 2677 ΙΙΙ,
575 2649 642 2671 nont.
665 2650 686 2669 lt.
707 2661 734 2664 --
755 2648 763 2662 't
784 2648 839 2671 Aris
854 2667 869 2678 .,
889 2648 971 2679 Phys„

204 2685 245 2708 lib.
270 2686 309 2714 ill,
326 2686 394 2708 cont.
411 2686 433 2707 3.
450 2697 478 2700 —
495 2684 504 2699 ὅ
523 2684 563 2713 Cf,
580 2684 604 2707 S.
627 2683 727 2712 'l‘hour7
745 2683 769 2706 in
787 2683 874 2713 Suppl.
892 2691 914 2713 [ι.
931 2684 970 2710 ΙΙΙ,

205 2727 231 2755 ⁴]—
248 2725 350 2749 inxiv,
361 2721 407 2743 art.
421 2721 434 2742 2
450 2721 474 2741 et
493 2720 519 2745 :3·,
540 2718 665 2744 ltichartl..
687 2718 716 2741 lv
730 2718 807 2747 Sen!.,
828 2718 883 2741 dist.
903 2724 972 2747 nix,

739 253 1049 285 SENTENTiARUM
1074 255 1146 285 [ΑΒ.
1175 255 1221 285 lV.

1013 322 1058 352 rei
1073 332 1145 362 quae
1161 323 1312 361 inhaeret,
1328 326 1383 354 aut
1399 324 1443 354 rei
1458 332 1531 363 quae
1542 323 1658 353 assistit
1674 333 1680 352 z
1697 322 1723 352 si
1734 321 1781 352 rei

1013 384 1085 414 quae
1111 376 1245 406 inhaeret
1273 379 1306 406 ut
1331 377 1506 416 proprietas
1530 376 1687 412 absoluta,
1713 374 1782 405 haec

1013 429 1141 468 quidem
1168 430 1434 468 imperfectionem
1455 430 1528 459 facit
1548 430 1580 459 in
1600 427 1728 464 mobili,
1751 429 1783 458 et.

1013 482 1157 512 similiter
1183 485 1302 518 motus3
1323 482 1385 512 alia
1408 485 1456 513 est
1475 482 1614 512 carentia
1637 481 1682 512 rei
1707 489 1780 520 quae

1014 535 1142 570 assistit,
1159 538 1187 565 et
1204 538 1279 565 tunc
1291 538 1345 565 aut
1360 535 1411 565 illa
1425 537 1472 565 est
1486 537 1559 565 nata
1572 534 1717 565 assistere
1728 543 1783 574 per

1015 590 1171 625 naturam,
1190 591 1220 618 et
1236 591 1309 618 tuuc
1328 588 1381 618 illa
1398 588 1530 627 indiget,
1547 590 1576 618 et
1594 587 1664 617 talis
1679 589 1785 618 motus

1014 642 1069 671 etsi
1084 642 1123 671 sit
1139 642 1182 672 rei
1208 643 1368 681 perfectae,
1385 644 1553 672 attestatur
1568 644 1673 671 tamen
1690 640 1784 671 alicui

1015 695 1261 734 imperfectioni,
1279 701 1311 725 ut
1328 705 1401 725 rum
1418 695 1495 734 lapis
1511 697 1658 725 movetur
1682 694 1721 724 ad
1736 693 1782 724 lo-

1015 756 1086 777 cum
1107 747 1271 784 deorsum3
1294 750 1348 777 aut
1362 748 1448 777 locus
1465 747 1517 777 ille
1532 756 1595 777 non
1619 749 1666 776 est
1690 748 1785 776 natus

1016 801 1159 830 assistere
1185 810 1240 840 per
1259 803 1406 831 naturam
1433 800 1552 839 inagis,
1572 808 1668 839 quam
1687 798 1782 836 alius,

1016 854 1090 893 quia
1105 854 1158 884 illo
1174 863 1236 884 nou
1256 854 1376 892 indiget
1389 877 1396 890 ,
1418 853 1471 884 sed
1496 862 1550 893 per
1568 852 1764 883 voluntatem
1776 875 1784 888 ,

1017 907 1092 946 quia
1107 907 1225 946 aliquid
1242 906 1307 937 vult
1323 907 1404 937 circa
1420 907 1508 937 illum
1523 907 1627 936 locum
1643 905 1784 945 operari,

1017 963 1045 989 et
1059 960 1128 990 talis
1141 962 1247 990 motus
1260 969 1324 990 non
1336 960 1423 999 pouit
1436 959 1718 999 imperfectionem,
1733 957 1786 988 sed

1017 1014 1191 1044 libertatem
1210 1024 1216 1043 :
1234 1016 1264 1043 et
1278 1013 1348 1043 talis
1368 1023 1434 1043 esse
1461 1012 1573 1052 poterit
1597 1012 1629 1042 in
1653 1020 1783 1051 corpore

1018 1067 1166 1106 glorioso.

1057 1120 1104 1150 Asi
1123 1119 1198 1149 illuil
1221 1128 1301 1157 ergo
1320 1118 1403 1158 quod
1423 1118 1588 1157 objicitur,
1618 1117 1703 1157 quod
1724 1126 1787 1148 non

1018 1173 1074 1203 erit
1092 1175 1226 1211 tempu&
1242 1171 1410 1201 (licendum
1428 1171 1513 1210 quod
1526 1180 1639 1201 verum
1650 1173 1707 1208 est,
1722 1179 1789 1210 pro-

1019 1228 1052 1255 ut
1068 1227 1113 1255 est
1130 1234 1278 1254 mensura
1296 1226 1400 1254 motus
1416 1223 1510 1263 primi
1527 1223 1663 1253 mobilis.

1058 1281 1086 1308 2.
1107 1279 1154 1308 Ad
1175 1278 1251 1308 illud
1268 1278 1351 1317 quod
1377 1278 1526 1317 objicitur
1541 1277 1579 1307 de
1594 1276 1768 1307 mutatione
1780 1300 1788 1313 ,

1018 1333 1102 1372 quoti
1116 1334 1163 1362 est
1177 1341 1273 1368 mors,
1288 1332 1458 1361 dicendum
1472 1331 1555 1371 quoii
1571 1330 1650 1360 illud
1662 1339 1729 1360 non
1745 1330 1791 1361 in-

1018 1385 1172 1424 telligitur
1184 1385 1220 1414 tle
1236 1384 1376 1424 qualibet
1393 1384 1581 1421 mutatione,
1597 1383 1650 1414 sed
1666 1383 1705 1414 de
1717 1391 1791 1414 mu·

1018 1440 1136 1469 tatione
1151 1438 1190 1468 ad
1205 1438 1351 1468 t‘orinam.

1059 1496 1087 1524 3.
1101 1492 1148 1522 Ad
1163 1492 1239 1522 illud
1253 1491 1337 1530 quod
1353 1491 1510 1530 objicitur,
1526 1490 1610 1530 quod
1625 1492 1732 1520 motus
1747 1491 1791 1519 at-

1020 1547 1153 1576 testatur
1169 1545 1416 1584 imperfectioni,
1443 1544 1611 1574 dicendum
1626 1543 1711 1583 quod
1734 1551 1791 1572 ve-

1020 1608 1091 1629 rum
1111 1600 1157 1628 est
1181 1598 1218 1628 de
1242 1599 1331 1627 motu
1351 1597 1388 1627 ad
1414 1598 1548 1626 formam
1569 1595 1620 1626 vel
1637 1595 1675 1626 ad
1696 1595 1792 1626 situm

1019 1655 1146 1692 propter
1164 1651 1392 1689 indigentiffln3
1418 1649 1469 1679 hic
1490 1651 1596 1679 autem
1613 1650 1720 1679 motus
1747 1650 1794 1678 est

1020 1706 1148 1744 propter
1160 1704 1349 1733 libertatem.

1060 1760 1089 1786 4.
1105 1757 1151 1786 Ad
1165 1756 1242 1785 illud
1258 1755 1343 1794 quod
1354 1754 1502 1793 objicitur
1513 1754 1597 1794 quod
1605 1754 1713 1784 anima
1729 1762 1793 1784 non

1021 1812 1123 1840 mutat
1137 1809 1335 1845 affeetiones;
1356 1808 1524 1838 dicendum
1550 1807 1635 1847 quod
1659 1806 1791 1842 mutatio

1021 1864 1167 1894 veniebat
1187 1872 1227 1893 ex
1242 1863 1312 1902 eJus
1327 1861 1552 1898 instabilitate,
1580 1869 1636 1891 seu
1658 1860 1792 1891 necessi-

1021 1920 1083 1947 tate
1101 1928 1107 1947 :
1126 1916 1258 1946 mutatio
1277 1915 1362 1945 enirn
1380 1915 1390 1929 ¹·
1405 1922 1574 1954 corporum
1592 1913 1793 1953 superiorum

1022 1973 1067 2000 est
1079 1972 1203 2009 propter
1216 1969 1400 1998 inferiorum
1412 1967 1643 2003 necessitatem3
1659 1966 1794 1997 mutatio

1022 2025 1128 2054 autem
1144 2022 1284 2062 corporis
1299 2022 1338 2051 ab
1353 2021 1473 2057 anima,
1487 2030 1528 2051 ex
1543 2020 1687 2050 libertate
1701 2029 1708 2050 :
1722 2019 1793 2050 ideo

1022 2085 1086 2106 non
1101 2078 1146 2106 est
1158 2074 1272 2105 simile.

1290 2177 1468 2215 QUAESTlO
1493 2178 1530 2208 ll.

1024 2267 1069 2292 An
1090 2265 1203 2298 affilitas
1229 2264 1339 2290 inclinet
1365 2270 1459 2297 corpus
1480 2263 1623 2296 gloriosum
1643 2262 1680 2289 ad
1698 2270 1797 2290 omnem

1225 2308 1404 2342 differentiam
1418 2307 1564 2341 positionis
1577 2307 1597 2333 ⁸.

1065 2392 1107 2422 De
1122 2391 1322 2421 inclinatione
1339 2390 1478 2429 eorporis
1494 2389 1646 2428 gloriosi,
1663 2398 1736 2428 quae
1751 2391 1797 2420 est
1812 2403 1845 2425 Ad
1865 2410 1916 2431 ψ,

1025 2454 1081 2485 per
1095 2444 1288 2483 agilitatem3
1306 2446 1335 2473 et
1358 2443 1515 2483 quaeritur
1539 2444 1647 2473 utrum
1671 2442 1798 2481 agilitas

1026 2537 1050 2559 q.
1076 2534 1125 2558 m,
1144 2531 1190 2551 att.
1210 2529 1238 2557 4;
1255 2528 1345 2551 Thoni.
1365 2529 1478 2557 ixi-gent„
1499 2527 1528 2550 tv
1547 2527 1628 2551 SenL,
1647 2526 1705 2550 dist.
1727 2532 1798 2554 ⁴xriii,

1026 2572 1051 2595 q.
1079 2570 1101 2593 1,
1124 2566 1171 2587 art.
1199 2566 1228 2592 .‘;;
1253 2563 1339 2593 Stephi
1368 2562 1471 2592 ltrulef„
1492 2563 1520 2585 ΙΥ
1547 2563 1624 2590 Seni„
1647 2562 1704 2586 dist.
1727 2567 1796 2591 xux,

1027 2607 1050 2630 q.
1068 2605 1144 2623 xxxii.

1060 2648 1091 2677 (a)
1104 2647 1176 2677 Vulg.
1191 2648 1284 2677 tempus*
1299 2654 1345 2670 non
1360 2648 1408 2670 erit
1419 2645 1536 2676 amplius.
1547 2659 1575 2662 —
1589 2645 1621 2675 (b)
1636 2645 1702 2670 Edit.
1719 2646 1795 2670 Vati'c.

1028 2683 1176 2706 endeliehia.
1203 2682 1270 2705 Edit.
1300 2682 1353 2705 Ven.
1375 2681 1529 2706 endelechia.
1543 2693 1572 2698 —
1593 2681 1624 2711 (c)
1650 2681 1709 2705 Coet.
1735 2680 1794 2704 edit.

1027 2717 1234 2742 affectionenn—
1252 2717 1288 2747 (d)
1305 2717 1372 2741 Edit.
1391 2717 1446 2739 Ven.
1461 2716 1564 2746 aliquid.
