1991 3006
815 181 847 211 LI
857 180 926 210 ΗΕΒ
952 177 1145 216 QUARTUS.

182 253 250 290 Quo
278 253 460 291 procreatur
487 251 546 280 sibi
574 258 659 280 mors
670 274 677 286 ,
702 247 860 278 homicida
885 255 944 276 vo-

261 308 361 336 eatur.

182 358 214 390 Si
229 368 292 389 non
304 359 415 389 ardore
430 367 530 395 coeaS,
547 357 598 388 sed
615 356 710 396 prolis
724 363 847 391 amore,

182 412 291 442 Debita
312 421 368 442 seu
393 411 529 447 dederis,
554 419 619 440 non
643 418 765 448 peccas,
792 408 856 436 imo
886 415 949 435 me-

262 465 351 494 reris.

183 517 236 547 Est
252 519 358 547 tamen
370 517 402 546 in
416 516 500 546 coitu
515 516 599 546 mala
611 514 774 546 delectatio
789 522 878 549 vere;

182 569 276 608 quue
293 569 376 599 malo
391 569 508 608 eulpae,
526 577 589 598 non
604 576 708 607 poenae
722 566 814 596 credo
830 573 947 595 carere.

385 674 601 705 DISTINCTIO
623 673 741 704 XXXII.

344 751 381 777 De
403 751 535 777 solutione
558 750 677 776 carnalis
701 749 789 775 debiti.

229 830 365 854 Sciendum
378 830 452 853 etiam
467 830 504 852 est
515 847 520 858 Υ
535 829 592 859 quia
609 835 666 851 eun]
678 827 823 851 uomInibus
834 845 842 857 ,
855 828 903 850 etc.

222 887 275 917 Vir
291 887 468 925 mulierque
484 894 573 925 pares
586 888 661 915 sunt
668 885 749 923 juris
759 884 948 920 reddItione3

184 940 217 970 In
234 940 353 970 eunctis
368 939 436 970 aliis
449 941 496 969 est
511 939 560 968 vir
575 941 669 977 eaput
683 947 723 967 ex
738 938 869 968 ratione.

182 995 211 1024 Si
227 993 419 1023 contradicat
434 993 466 1022 in
480 994 554 1022 voto
570 992 619 1021 vir
633 991 770 1029 mulieri,

183 1047 256 1077 Sive
272 1047 340 1077 viro
356 1046 480 1083 mulier,
498 1054 554 1085 pro
569 1045 656 1074 nullo
672 1045 762 1075 debet
778 1044 898 1074 haberi.

182 1100 230 1131 Ad
241 1102 294 1139 Jus
309 1099 504 1130 reddendum
519 1099 603 1129 dicas
618 1100 791 1137 utrumque
807 1098 916 1128 teneri.

183 1153 375 1184 Concedente
391 1154 469 1190 viro,
486 1153 511 1182 si
527 1153 645 1191 conjux
661 1152 854 1191 polliceatur,

184 1206 263 1236 Hine
279 1206 424 1236 habitum
436 1208 547 1242 mutet,
561 1208 670 1235 votum
683 1214 847 1244 nunquam
864 1213 949 1235 revo-

263 1262 363 1289 catur.

184 1312 215 1342 Si
231 1312 281 1343 vir
295 1313 443 1343 concedat
459 1313 549 1342 uxori
567 1321 656 1351 posse
672 1320 800 1348 vovere,

183 1366 228 1396 Ac
242 1366 386 1396 habitum
405 1367 524 1402 mutet,
549 1367 617 1405 post
639 1374 700 1394 non
722 1365 832 1403 poterit
850 1364 953 1403 prohi-

263 1420 348 1449 bere.

185 1471 344 1502 Menstrua
365 1472 491 1512 quando
520 1473 640 1509 ssuunt⁷
667 1470 755 1501 reddi
785 1471 839 1500 tibi
859 1472 950 1509 jura,

265 1526 397 1555 scienter

185 1574 216 1604 Si
232 1574 326 1614 peti5‚
343 1574 489 1611 offendis3
511 1583 605 1613 porro
621 1575 675 1612 jus
692 1573 784 1603 redde
800 1573 951 1602 dolenter.

186 1627 358 1666 Praecipuis
378 1628 460 1657 festis
475 1627 615 1657 offendas
625 1628 699 1665 jura
716 1625 864 1665 petendo;

185 1681 246 1711 Sed
259 1689 322 1710 non
340 1680 508 1717 reddendo,
526 1680 551 1709 si
567 1679 668 1709 reddis
684 1683 792 1708 mente
807 1678 952 1708 dolendo.

186 1734 221 1763 ln
236 1733 322 1764 festis
338 1735 441 1772 petere
453 1734 506 1771 jus
522 1731 601 1762 nulli
617 1732 709 1761 credo
724 1731 827 1768 licere,

187 1786 248 1816 Hos
266 1788 319 1825 Jus
341 1786 510 1825 disjungit,
534 1794 614 1825 quos
629 1784 954 1824 Septuagesimajun-

265 1839 326 1878 git.

386 1899 601 1930 nlsTINCTIO
623 1898 756 1929 XXXIII.

338 1973 375 1998 De
403 1972 513 1997 diversis
542 1970 643 2004 legibus
672 1970 799 2004 conjugii,

295 2047 419 2075 Quaeritur
434 2047 474 2070 hio
490 2047 520 2070 de
535 2045 644 2076 antiquie
659 2045 780 2075 patribus,
797 2048 844 2068 ete.

226 2106 333 2136 Plures
348 2115 465 2136 uxores
479 2107 581 2144 patres
596 2104 736 2134 habuere
749 2104 883 2143 priores;

185 2159 247 2190 Nec
261 2159 485 2198 delinquebant
499 2169 505 2188 ε
524 2167 619 2188 eausa
634 2156 730 2196 prolis
746 2157 911 2187 faciebant.

184 2212 265 2243 Sunt
300 2212 413 2242 idcirco
449 2220 552 2250 parOS,
587 2210 725 2240 Abraani
763 2209 828 2247 vir,
859 2211 952 2248 virgo

263 2264 409 2295 Joannes.

184 2318 350 2357 Integritas
369 2317 482 2347 mentis
500 2316 603 2346 carnis
619 2317 709 2355 praeIt
724 2316 950 2355 integritatem.

183 2370 377 2410 Conjugium
393 2373 518 2410 patrum
536 2369 685 2408 praecellit
701 2369 933 2408 virginitatem,

184 2422 215 2453 Si
231 2423 471 2462 distinguantur
486 2423 588 2461 leges,
605 2422 722 2461 quibus
740 2423 807 2452 Iiaee
826 2423 950 2453 varian-

266 2479 328 2506 tur.

185 2529 251 2559 Non
272 2530 367 2566 Loth,
386 2529 438 2559 sed
458 2531 540 2558 natae
562 2530 696 2558 mortem
713 2529 771 2558 sibi
790 2532 863 2559 sunt
881 2539 952 2569 ope-

266 2585 353 2613 ratae.

1716 176 1774 204 655

1207 297 1425 328 DISTINCTIO
1445 295 1574 327 XXXIV.

1232 373 1268 398 De
1280 374 1399 406 personis
1417 373 1551 405 legitimis.

1178 451 1249 474 Nunc
1267 453 1382 481 superest
1393 451 1523 475 attendere
1535 469 1542 481 ,
1558 452 1605 474 ete.

1047 507 1179 545 Votum,
1197 509 1264 546 juS,
1283 509 1417 546 crimen,
1440 518 1511 538 oum
1527 508 1630 537 cultus
1648 506 1776 546 dispari-

1086 563 1166 598 tate,

1007 613 1112 650 Error,
1127 613 1276 651 conditio,
1291 613 1404 653 triplici
1420 623 1492 644 cuin
1507 613 1722 653 proximitate,

1007 666 1104 704 Ordo⁷
1139 666 1363 705 ligamentum,
1394 666 1525 697 coeundi
1553 665 1777 706 praepedimen-

1086 721 1175 749 tum:

1008 772 1080 802 Haec
1095 771 1241 802 socianda
1255 774 1375 810 negant
1394 772 1566 809 connubia,
1581 772 1692 811 juncta
1706 771 1775 802 reli-

1088 827 1176 863 gant.

1007 878 1101 915 Actu,
1126 887 1188 908 non
1210 878 1336 916 babitu,
1361 878 1385 907 si
1407 887 1602 918 quemquam
1622 877 1777 908 concomi-

1087 933 1171 960 titur

1008 983 1182 1013 Nubentem
1200 983 1297 1020 furia,
1314 985 1491 1014 contractus
1505 984 1555 1013 hie
1568 983 1773 1013 annihilatur.

1008 1036 1200 1076 Coniugium
1224 1036 1348 1066 macula
1369 1037 1586 1067 membrorum
1607 1046 1670 1066 non
1690 1045 1777 1075 sepa-

1088 1093 1185 1119 ratur.

1011 1145 1122 1175 Uxoris
1139 1145 1274 1185 propriae
1291 1154 1379 1175 soror
1393 1155 1412 1175 a
1426 1148 1455 1175 te
1471 1146 1496 1175 si
1512 1145 1658 1181 violatur„

1009 1197 1082 1227 Haeo
1094 1207 1155 1227 non
1171 1198 1314 1237 privatur
1328 1198 1454 1237 proprio
1467 1199 1545 1237 quin
1557 1199 1626 1236 J'ure
1642 1198 1776 1227 fruatur.

1009 1249 1156 1286 Quaerere
1177 1259 1239 1280 non
1262 1251 1393 1289 poteris,
1416 1251 1468 1280 sed
1493 1251 1622 1281 reddere
1639 1251 1714 1289 jura
1737 1252 1779 1279 te-

1089 1303 1190 1339 neris,

1009 1353 1134 1384 Nubere
1151 1363 1213 1384 non
1229 1354 1346 1394 poteris
1363 1365 1369 1384 2
1388 1363 1470 1384 uxor
1484 1354 1565 1393 quit,
1582 1353 1606 1383 si
1621 1352 1775 1383 morieris.

1218 1460 1433 1492 DlSTlNCTIO
1456 1460 1572 1491 XXXV.

1151 1536 1248 1562 Eodem
1259 1536 1320 1570 jure
1336 1538 1424 1562 utitur
1436 1537 1495 1567 vir,
1510 1538 1534 1562 et
1545 1536 1648 1562 mulier.

1089 1615 1141 1638 Hoc
1157 1615 1232 1638 etiam
1246 1616 1403 1644 notandum,
1420 1615 1487 1645 qnod
1507 1615 1637 1643 Dominus,
1654 1617 1699 1638 ete.

1050 1689 1081 1718 Si
1099 1690 1148 1719 vir
1163 1690 1351 1727 moecbatur,
1369 1691 1548 1729 conjuxque
1564 1691 1669 1720 virum
1686 1690 1778 1720 comi-

1112 1744 1206 1779 tatur⁷

1012 1795 1144 1824 Pecoant
1164 1795 1233 1833 Iege
1253 1796 1319 1834 pari
1335 1806 1341 1825 :
1360 1799 1522 1835 nequeunt
1541 1796 1609 1826 ideo
1626 1797 1776 1835 separari.

1012 1848 1070 1884 Qui
1091 1857 1153 1877 non
1173 1848 1360 1885 moechatur,
1378 1849 1402 1878 si
1426 1848 1509 1884 vult,
1526 1848 1608 1878 IiQIte
1623 1858 1776 1888 segrega-

1090 1905 1158 1939 tur3

1010 1955 1070 1986 Sed
1095 1955 1216 1993 redeat,
1244 1956 1293 1986 vel
1320 1957 1492 1994 contineat,
1520 1956 1663 1996 quisquis
1688 1967 1775 1998 sepa—

1089 2011 1188 2039 ratur.

1010 2061 1086 2097 Quae
1102 2070 1165 2091 non
1181 2071 1199 2091 a
1214 2062 1329 2092 scelere
1345 2065 1454 2100 cessat,
1471 2063 1534 2093 noli
1549 2064 1694 2095 retinere.

1010 2114 1035 2144 A
1051 2124 1115 2144 non
1135 2115 1312 2145 moechante
1328 2116 1471 2145 moechus
1489 2117 1602 2155 poterit
1617 2119 1774 2157 revocari;

1010 2167 1159 2204 Possunt,
1183 2168 1309 2207 quando
1334 2168 1462 2205 volunt⁷
1488 2169 1530 2198 sic
1553 2170 1701 2208 disjuncti
1727 2181 1777 2202 so-

1089 2220 1175 2250 ciuri.

1010 2272 1170 2303 Pontificis
1185 2275 1266 2303 nutu
1283 2273 1417 2304 divortia
1432 2274 1481 2304 dit:
1496 2274 1658 2306 celebrari.

1009 2324 1072 2353 Seu
1087 2324 1213 2355 vivente
1229 2324 1298 2354 viro
1313 2334 1346 2355 se
1359 2325 1483 2356 moecho
1501 2328 1622 2356 moecha
1638 2330 1774 2367 vovebit,

1009 2377 1081 2407 Sive
1096 2377 1154 2406 viri
1170 2378 1289 2416 proprii
1302 2381 1435 2408 mortem
1449 2388 1506 2418 pro
1520 2389 1610 2418 posse
1626 2383 1774 2421 movebit,

1008 2431 1129 2460 Nubere
1158 2439 1359 2470 nequaquam
1389 2434 1512 2464 moecho
1543 2435 1691 2472 praedicla
1720 2446 1774 2467 va-

1089 2483 1163 2513 lebit
1178 2495 1183 2514 :

1010 2535 1095 2566 Hanc
1120 2536 1225 2576 legem
1250 2538 1368 2577 pariter
1390 2549 1463 2569 cum
1491 2539 1612 2570 moeeha
1637 2542 1776 2573 moechus

1090 2589 1231 2620 habebit.
