1991 3006
239 228 275 256 36
793 220 1102 253 SENTENTIARUM
1123 221 1198 252 LlB.
1221 222 1270 253 IV.

240 296 349 325 tamen
363 290 542 334 Augustini
559 289 727 322 sententiae
744 289 875 322 videtur
887 289 1020 322 obviare
1041 288 1128 333 qnod
1145 289 1189 321 ait
1210 289 1368 333 Esychius
1386 293 1392 308 '
1411 302 1417 322 ;
1438 303 1454 321 a
1469 289 1659 324 Sacerdotes
1671 316 1680 332 ,
1695 290 1825 335 inquit,

239 361 304 382 non
330 348 461 393 propria
482 348 604 380 virtute
632 346 851 387 benedicunt3
878 346 933 379 sed
953 346 1032 390 quia
1054 346 1196 389 figuram
1219 346 1339 380 Christi
1362 351 1504 389 gerunt,
1525 351 1557 380 et
1572 351 1703 392 propter
1730 359 1827 390 eum,

239 407 295 451 qui
313 407 344 438 in
361 406 437 450 ipsis
462 408 507 437 est
522 430 530 445 ,
552 404 789 448 plenitudinem
815 403 1052 436 benedictionis
1075 404 1243 444 tribuunt,
1261 415 1326 437 non
1347 404 1454 437 solum
1470 405 1514 446 is,
1539 405 1597 449 qui
1613 404 1829 438 sacerdotium

241 464 373 496 sortitus
388 467 446 503 cst,
465 462 518 494 sed
535 462 736 506 quicumque
752 462 921 494 Christum
938 460 970 493 in
987 461 1090 505 seipso
1105 460 1215 501 habet,
1231 464 1262 493 et
1282 461 1353 505 ejus
1367 461 1510 505 figuram
1526 462 1610 505 gerit
1624 473 1681 507 per
1695 472 1830 495 conver-

240 521 398 554 sationem
413 520 532 553 bonam
547 545 555 561 ,
570 519 653 552 sicut
669 519 813 563 Moyses,
835 519 970 551 idoneus
989 522 1037 551 est
1053 522 1088 551 ut
1103 518 1360 551 benedictionem
1379 523 1517 563 praestet.
1538 532 1554 551 »
1570 519 1650 552 Ecce
1665 519 1718 553 hic
1731 519 1831 553 habes

241 578 328 622 quod
345 588 408 610 non
426 577 532 610 solum
549 577 695 610 sacerdos
709 603 717 618 ‚
734 577 787 609 sed
810 577 915 609 omnis
940 576 974 608 in
992 587 1059 620 quo
1079 576 1228 609 Christus
1249 576 1392 618 habitat,
1409 577 1669 610 benedictionem
1684 581 1827 622 praestat.

240 635 303 668 Sed
327 635 392 668 alia
412 639 458 668 est
481 635 662 668 benedictio
676 661 684 676 ,
704 646 777 679 quae
801 635 878 667 solis
902 634 1122 667 sacerdotibus
1145 634 1314 677 congruit;
1332 634 1396 667 alia
1417 646 1492 679 quae
1511 635 1552 668 ab
1567 635 1722 668 omnibus
1735 635 1831 669 bonis

240 693 457 726 communiter
481 693 666 726 exhibetur.
693 693 840 737 Denique
873 692 921 725 illi
945 691 1124 725 sacerdotes
1139 717 1147 733 ‚
1175 692 1210 724 in
1231 692 1353 736 ciuibus
1377 692 1528 725 Christus
1551 692 1677 725 habitat
1697 719 1705 734 ,
1733 693 1831 726 bene—

239 750 389 784 dictionis
404 751 643 795 plenitudinem
670 751 813 783 tribuere
839 750 1019 782 dicuntur:
1051 761 1116 783 non
1143 750 1221 794 quia
1246 750 1305 782 soli
1334 750 1384 782 illi
1409 750 1641 783 transfundant
1667 750 1829 793 gratiam,

240 808 296 841 sed
320 809 398 853 quia
422 809 471 841 illi
495 809 555 841 soli
578 809 664 842 licite
689 813 719 841 et
742 808 839 851 digne
861 808 893 840 id
915 811 1030 850 agunt.
1047 807 1112 840 Nec
1127 807 1274 840 subditos
1290 807 1375 840 mala
1400 808 1467 840 vita
1489 807 1662 841 sacerdotis
1683 807 1789 849 laedit,
1805 807 1832 840 si

243 866 329 899 bona
351 866 475 899 faciunt
498 878 570 910 quas
594 866 649 898 ille
674 866 763 899 dicit.
790 865 885 898 Unde
907 864 1085 908 Gregorius
1101 866 1111 881 ²
1128 877 1134 897 :
1153 878 1169 896 «
1189 865 1284 898 Multi
1309 865 1389 897 dum
1403 865 1482 909 [plus
1506 866 1607 898 vitam
1628 865 1831 898 sacerdotum

242 935 343 968 quam
357 935 450 957 suam
465 923 644 956 discutiunt
658 936 664 955 ε
683 924 717 956 111
739 923 858 956 erroris
874 922 1001 956 foveam
1023 922 1217 955 dilabuntur
1234 934 1241 955 :
1260 922 1370 955 minus
1385 922 1644 962 considerantes,
1661 921 1750 966 quod
1765 932 1832 955 non

242 993 295 1014 eos
313 982 379 1015 vita
393 981 595 1014 sacerdotum
611 981 741 1014 laederet
755 1007 763 1021 ,
779 981 805 1013 si
822 980 992 1014 humiliter
1013 980 1107 1013 honis
1127 980 1331 1013 sacerdotum
1353 980 1634 1013 admonitionibus
1653 990 1768 1013 aurem
1781 989 1834 1013 ao-

242 1039 496 1072 commodarent.
514 1053 529 1070 1)

135 1113 166 1133 ne
176 1113 215 1133 hoc
287 1097 465 1130 Pramiissae
480 1108 557 1130 vero
573 1098 739 1130 sententias
750 1123 757 1137 ‚
774 1109 840 1141 qua
855 1097 975 1129 dicitur
999 1097 1096 1129 etiam
1119 1107 1176 1140 per
1198 1096 1274 1128 mali
1297 1096 1471 1129 sacerdotis
1494 1096 1714 1129 ministerium
1731 1100 1834 1129 trans-

122 1144 226 1202 scfiffiffl
243 1155 338 1188 fundi
360 1155 498 1198 gratiam
520 1155 755 1187 benedictionis
769 1181 776 1195 ‚
799 1154 929 1187 videtur
950 1154 1083 1187 obviare
1098 1180 1105 1194 ‚
1122 1154 1210 1198 quod
1234 1154 1395 1186 Dominus
1413 1165 1470 1198 per
1484 1153 1678 1187 Malachiam
1693 1153 1836 1198 Prophe·

120 1210 150 1227 est
159 1207 229 1227 inrua-

132 1238 218 1258 taem:
247 1217 312 1245 tam
331 1213 425 1246 malis
439 1213 660 1245 sacerdotibus
679 1213 898 1245 comminatur
914 1213 945 1244 ³:
973 1211 1173 1244 itlaledicmn
1198 1211 1474 1244 benedictionibus
1498 1212 1623 1244 vestris.
1649 1211 1690 1244 Et
1713 1209 1832 1244 alibi⁴:

131 1270 220 1289 Maledi-

127 1306 172 1319 cain
184 1300 220 1320 be-

123 1331 228 1382 ”cffiiffisffi
243 1330 385 1363 rz‘mztur.
404 1329 439 1361 Si
451 1329 538 1361 enim
556 1329 719 1361 maledicit
734 1328 893 1360 Dominus
908 1327 1189 1359 benedictionibus
1203 1338 1316 1359 eorum
1328 1353 1336 1367 ,
1349 1331 1380 1359 et
1394 1328 1420 1359 si
1437 1327 1555 1360 animas
1568 1338 1650 1371 quas
1665 1326 1835 1360 vivificant

122 1394 206 1413 *emis
244 1398 309 1421 non
326 1387 464 1426 vivunt,
482 1386 647 1430 quomodo
664 1397 721 1430 per
736 1397 789 1418 eos
803 1385 908 1428 gratia
921 1384 1155 1417 benedictionis
1170 1384 1435 1417 transfunditur?
1452 1384 1516 1417 Sed
1531 1384 1615 1417 illud
1628 1384 1832 1429 capitulum:

242 1444 462 1484 Muledlmm,
478 1448 554 1483 etc„
577 1443 711 1487 quidam
738 1443 883 1475 referunt
906 1442 945 1474 ad
970 1441 1156 1484 haeretieos,
1180 1442 1237 1485 qui
1259 1442 1299 1474 ab
1323 1442 1464 1474 Ecclesia
1485 1441 1610 1485 praecisi
1623 1445 1718 1483 sunt;
1742 1445 1774 1474 et
1794 1441 1835 1474 ad

253 1273 304 1304 Vae
327 1271 377 1304 ln's
399 1271 454 1315 qni
478 1271 651 1314 vivificant
675 1271 808 1302 animas
824 1282 894 1314 (μία)
918 1281 984 1302 non
1006 1270 1135 1308 vivunt,
1155 1275 1185 1301 et
1201 1269 1408 1312 mortificant
1429 1269 1582 1309 animas,
1600 1280 1672 1313 quoe
1686 1280 1752 1302 non
1766 1280 1835 1302 mo-

243 1502 540 1535 excommunicatos
555 1527 562 1542 ‚
579 1512 722 1545 quorum
738 1500 978 1533 benedictiones
995 1499 1079 1532 liunt
1100 1499 1341 1532 maledictiones
1356 1499 1406 1531 his
1419 1525 1427 1540 ,
1444 1499 1501 1543 qui
1517 1510 1631 1532 eorum
1649 1502 1836 1544 sequuntur

245 1571 379 1592 errores.
407 1559 493 1591 Illud
521 1569 598 1591 vero
621 1559 782 1599 alterum,
806 1558 926 1590 scilicet
946 1569 953 1589 :
980 1557 1177 1601 Vivz'ficans,
1202 1561 1278 1595 etc„
1301 1567 1399 1600 super
1422 1568 1535 1589 omnes
1559 1557 1632 1589 illos
1655 1556 1836 1589 sacerdotes

243 1621 411 1662 exponunt
424 1643 432 1657 ,
445 1616 501 1661 qui
517 1616 640 1660 absque
655 1616 745 1648 clave
760 1615 900 1648 scientim
912 1642 918 1656 ,
932 1619 962 1648 et
974 1615 1079 1648 forma
1094 1615 1186 1648 bonae
1202 1615 1277 1648 vitre
1289 1619 1495 1659 praesumunt
1510 1615 1614 1657 ligare
1629 1614 1681 1647 vel
1696 1614 1833 1647 solvere.

244 1674 308 1708 Sed
329 1675 443 1707 nullus
467 1674 574 1707 officio
597 1673 769 1706 sacerdotis
790 1673 837 1706 uti
858 1673 953 1706 debet
966 1699 974 1715 ,
991 1673 1055 1706 nisi
1071 1673 1229 1706 immunis
1243 1673 1284 1705 sit
1307 1673 1347 1705 ab
1370 1673 1436 1705 illis
1457 1684 1532 1716 quae
1550 1672 1584 1705 in
1602 1672 1833 1716 aliisjudicat:

244 1733 392 1778 alioquin
408 1733 550 1777 seipsum
567 1733 762 1765 condemnat
777 1736 798 1763 ⁵.

135 1809 208 1833 Qum
289 1790 427 1830 Qualem
442 1795 552 1823 autem
567 1794 715 1834 oporteat
730 1801 797 1822 esse
811 1815 819 1829 ‚
836 1790 893 1834 qui
913 1789 1053 1821 aliorum
1065 1788 1168 1832 judex
1187 1788 1409 1828 constituitur,
1428 1787 1832 1830 Augustinus⁶‹tescribit‚

132 1840 219 1898 {22ssss
244 1849 288 1881 ita
311 1849 419 1881 (licens
450 1860 456 1880 :
479 1861 495 1879 «
519 1848 675 1880 Sacerdos
699 1848 752 1880 cui
767 1848 873 1879 omnis
896 1847 1031 1879 offertur
1046 1850 1214 1891 peccator,
1234 1850 1309 1878 ante
1331 1857 1429 1890 quem
1453 1845 1609 1878 statuitur
1633 1845 1741 1878 omnis
1763 1845 1834 1878 lan·-

122 1902 162 1923 ἀει
171 1903 229 1923 eccle

123 1935 228 1955 siamus·
244 1918 328 1950 guor
340 1932 348 1947 ‚
366 1907 400 1938 in
418 1906 511 1938 nullo
525 1917 638 1938 eorum
655 1906 696 1938 sit
708 1904 906 1950 judicandus
917 1931 925 1946 ‚
942 1915 1014 1948 quae
1030 1904 1063 1936 in
1079 1904 1142 1936 alio
1154 1903 1302 1948 judicare
1315 1907 1361 1935 est
1377 1907 1558 1947 promptus,
1574 1901 1731 1936 Judicans
1745 1902 1834 1935 enim

245 1964 369 2005 alium,
386 1964 443 2007 qui
466 1968 513 1996 est
533 1963 732 2007 judicandus
746 1989 754 2004 ,
779 1962 975 1995 condemnat
999 1961 1153 2005 seipsum.
1181 1961 1360 2003 Cognoscat
1380 1971 1457 2002 ergo
1477 1971 1528 2001 se,
1553 1963 1585 1992 et
1608 1963 1725 2004 purget
1746 1960 1782 1993 in
1803 1970 1836 1993 se

246 2021 333 2065 quod
347 2021 429 2053 alios
452 2021 540 2053 videt
564 2020 625 2052 sibi
650 2020 787 2061 offerre3
804 2023 915 2051 caveat
938 2023 974 2051 ut
995 2029 1012 2050 a
1036 2029 1070 2050 se
1094 2018 1284 2061 projecerit,
1301 2017 1463 2061 quidquid
1488 2017 1523 2049 in
1547 2017 1611 2049 alio
1639 2017 1835 2050 damnosum

248 2078 413 2123 repererit.
435 2077 684 2110 Animadvertat
707 2076 793 2120 quod
813 2078 822 2094 ⁷
837 2076 978 2120 quisine
997 2081 1131 2119 peccato
1156 2075 1356 2118 est‚primzcs
1371 2074 1406 2106 in
1426 2074 1520 2106 illam
1536 2074 1681 2118 lapidem
1705 2074 1833 2106 mittat.

247 2135 321 2168 Ideo
336 2135 425 2168 enim
448 2134 601 2167 liberavit
622 2134 829 2178 peccatricem
841 2159 849 2175 ,
866 2133 944 2177 quia
966 2144 1031 2166 non
1048 2136 1117 2165 erat
1130 2132 1188 2176 qui
1207 2133 1294 2175 juste
1311 2131 1479 2175 projiceret
1494 2131 1649 2175 lapidem.
1666 2131 1838 2171 Quomodo

248 2192 425 2237 lapidaret,
442 2192 498 2236 qui
514 2203 546 2223 se
562 2191 777 2235 lapidandum
792 2192 1021 2233 cognosceret?
1038 2190 1158 2222 Nullus
1174 2189 1262 2222 enim
1278 2193 1346 2222 erat
1361 2189 1430 2222 sine
1445 2193 1573 2233 peccato
1587 2215 1596 2231 ,
1612 2189 1646 2222 in
1662 2200 1728 2234 quo
1742 2189 1840 2222 intel-

249 2251 363 2295 ligitur
378 2262 491 2283 omnes
506 2250 641 2282 crimine
657 2249 756 2282 fuisse
772 2260 853 2282 reos.
871 2249 954 2281 Nam
972 2248 1112 2281 venialia
1128 2247 1377 2280 remittebantur
1392 2258 1450 2290 per
1463 2247 1682 2280 caeremonias.
1700 2246 1736 2280 Si
1749 2247 1838 2291 quod
1871 2249 1873 2251 ’

249 2320 326 2350 ergo
341 2308 374 2340 in
391 2308 436 2339 eis
452 2312 616 2351 peccatum
633 2311 717 2347 erat,
734 2306 904 2339 criminale
919 2309 998 2339 erat.
1016 2306 1053 2338 In
1069 2306 1129 2338 hoc
1146 2316 1223 2347 ergo
1239 2304 1499 2348 patentissimum
1520 2309 1584 2346 est,
1599 2304 1721 2337 crimen
1737 2315 1841 2337 sacer-

249 2365 362 2398 dotum
388 2377 455 2398 esse
480 2364 683 2403 detestabile,
707 2365 765 2408 qui
790 2375 855 2397 non
882 2364 974 2408 prius
997 2375 1030 2396 se
1052 2362 1222 2407 judicant,
1249 2366 1425 2405 antequam
1448 2361 1529 2394 alios
1548 2361 1696 2405 alligent.
1720 2361 1841 2395 Caveat

253 2422 431 2467 spiritualis
446 2422 545 2465 judvx
558 2449 565 2463 ,
585 2428 619 2454 ut
637 2423 720 2454 sieut
736 2434 800 2454 non
816 2421 978 2454 commisit
993 2421 1116 2453 crimen
1132 2419 1286 2463 nequitioe
1302 2444 1310 2459 ,
1328 2419 1373 2451 ita
1390 2430 1454 2451 non
1470 2424 1576 2451 eareat
1591 2429 1726 2452 munere
1738 2420 1841 2452 scien-

256 2480 320 2513 tiam
337 2478 471 2523 Oportet
494 2484 529 2511 ut
545 2479 622 2511 sciat
638 2490 846 2521 cognoscere,
863 2478 1026 2523 quidquid
1045 2478 1138 2510 debet
1151 2477 1311 2520 judicare.
1328 2476 1507 2509 <Iudiciaria
1521 2476 1608 2509 enim
1624 2480 1763 2520 potestas
1779 2476 1840 2509 hoc

252 2537 411 2581 postulat,
429 2540 466 2569 ut
480 2536 568 2580 quod
593 2536 688 2569 debet
704 2536 852 2580 judicare
865 2562 873 2578 ,
891 2537 1061 2569 discernat.
1079 2535 1226 2578 Diligens
1241 2544 1319 2576 ergo
1333 2533 1547 2577 investigator
1564 2534 1726 2577 sapienter
1740 2533 1840 2567 inter·

285 2628 289 2640 ¹
308 2627 427 2657 Hesych.‚
442 2633 515 2657 super
533 2626 619 2656 Levit„
635 2626 678 2649 lib.
697 2627 726 2655 tt,
742 2634 762 2650 e.
781 2632 815 2650 ix.
829 2639 858 2643 --
871 2627 879 2640 ’λ
895 2628 980 2657 Graj-3„
996 2629 1021 2650 et
1034 2625 1150 2653 habetury
1165 2624 1223 2648 dist.
1240 2630 1256 2654 1,
1273 2631 1298 2654 ¹1-
1315 2629 1332 2652 1,
1349 2630 1372 2646 c.
1388 2623 1465 2646 Multi
1477 2622 1644 2646 soecularium.
1655 2635 1685 2640 —
1700 2623 1710 2637 ⁵
1722 2621 1841 2653 Malaca„

253 2668 282 2693 11,
298 2664 320 2685 2.
333 2675 361 2678 m
378 2662 388 2677 Β
405 2662 502 2691 ΕτεεΙι.,
521 2668 578 2690 xiii,
593 2663 615 2684 9.
633 2675 661 2679 -
678 2662 685 2675 ³
700 2663 776 2690 Rom„
795 2667 820 2691 11,
841 2665 860 2685 1.
873 2675 902 2679 —-
917 2662 927 2678 θ
944 2663 996 2685 tmo
1010 2663 1098 2685 auctor
1113 2660 1146 2683 lib
1172 2659 1201 2683 de
1217 2666 1265 2682 uer.
1281 2660 1304 2681 et
1318 2658 1378 2687 sals.
1395 2658 1492 2685 Poem‘t„
1506 2665 1528 2681 c.
1545 2663 1588 2687 xx,
1604 2664 1630 2680 n.
1647 2658 1684 2681 36.
1696 2671 1727 2675 -
1739 2658 1842 2686 Ἰ]οαη.,

254 2702 311 2724 vm,
327 2699 349 2721 7.
