1991 3006
541 194 638 226 DIST.
662 195 738 226 XXI.
765 195 879 226 PART.
904 195 938 225 ll.
964 195 1053 226 ART.
1079 195 1101 225 I.
1126 195 1276 232 QUAEST.
1305 196 1325 226 l.

137 267 199 295 tres
217 265 426 302 conditiones,
449 263 564 294 scilicet
584 263 668 303 quod
699 263 738 293 sit
764 263 901 301 integra,

137 318 284 357 frequens
299 320 329 348 et
343 317 522 348 accelerata.
540 316 572 346 Si
590 318 745 355 quantum
768 315 807 345 ad
822 324 904 345 asso—

137 371 314 408 ciationem,
333 371 376 400 sic
388 370 478 400 debet
491 369 608 400 habere
626 369 763 399 duarum
777 368 903 399 societa-

138 427 202 455 tem
216 424 366 463 partium,
381 422 495 453 scilicet
511 422 706 452 contritionis
722 425 752 451 et
767 422 904 453 satisfac-

137 477 250 508 tionis:
268 478 424 516 quantum
446 475 484 505 ad
500 475 721 505 contritionem
740 475 781 505 sit
800 475 902 515 lacry-

137 529 275 567 mabilis;
298 531 453 568 quantum
472 529 509 559 ad
529 528 772 558 satisfactionem
794 530 833 558 sit
849 538 903 568 pa-

136 592 204 614 rere
219 584 345 622 parata3
363 582 413 612 vel
427 583 583 621 quantum
602 581 641 611 ad
660 583 851 620 utrumque,
875 584 905 612 et

135 637 179 668 sic
199 636 298 667 fortis.
314 635 476 672 Quantum
496 635 535 666 ad
555 634 754 674 qualitatem,
779 636 834 664 aut
856 635 905 674 ip-

136 691 200 721 sius
219 689 412 726 confitentis,
433 691 488 719 aut
509 687 733 718 confessionis:
759 687 785 717 si
809 689 904 718 confi-

135 743 242 781 tentis,
257 743 302 773 sic
314 744 386 773 sunt
400 743 542 782 quinque
558 741 751 772 conditiones
768 752 774 772 :
795 750 905 771 secun-

134 796 211 827 dum
221 796 287 826 vim
300 795 486 826 rationalem
498 797 545 825 est
558 794 709 834 simplex,
727 794 905 824 secundum

135 849 410 889 concupiscibilem
434 848 526 879 debet
552 857 618 878 esse
645 848 764 884 libens;
793 856 905 877 secun-

135 903 211 933 dum
225 902 414 932 irascibilem
426 926 433 939 ,
450 901 600 938 humilis;
619 901 652 930 in
666 909 811 931 sermone
829 900 905 930 tide-

135 954 183 992 lis,
199 957 228 985 et
244 955 278 984 in
293 955 386 993 signo
406 953 600 984 verecunda:
618 955 649 983 et
664 953 707 982 sic
725 954 800 982 sunt
815 952 906 990 quin-

135 1017 214 1047 que.
238 1007 271 1037 Si
293 1008 325 1037 in
349 1016 380 1037 se
400 1006 633 1043 consideretur,
659 1006 703 1035 sic
725 1005 817 1036 debet
839 1013 905 1034 esse

134 1070 224 1100 pura,
238 1063 273 1091 ut
282 1060 361 1090 nihil
376 1059 605 1096 intermisceat3
620 1059 710 1089 debet
725 1067 793 1089 esse
806 1058 903 1096 nuda,

134 1116 172 1144 ut
195 1113 271 1143 nihil
297 1113 432 1144 celatum
453 1114 567 1143 teneat.
596 1111 756 1148 Quantum
783 1111 821 1142 ad
842 1111 903 1141 cir-

134 1167 339 1198 cumstantias
353 1167 445 1197 (lebet
459 1175 527 1196 esse
544 1165 687 1202 discreta,
704 1166 739 1195 ut
755 1164 834 1194 nihil
848 1165 904 1195 ad-

134 1221 200 1258 dat;
218 1220 309 1251 debet
327 1229 393 1251 esse
409 1222 541 1257 secreta,
558 1221 594 1248 ut
615 1218 683 1248 aliis
697 1226 762 1248 non
778 1220 902 1256 noceatq

134 1273 226 1304 debet
243 1282 309 1303 esse
332 1273 539 1309 accusatoria,
566 1273 601 1302 ut
618 1271 758 1310 seipsum
782 1270 904 1309 puniat.

136 1326 174 1356 Et
199 1326 242 1355 sic
265 1328 340 1356 sunt
360 1328 423 1356 tres
445 1335 486 1355 ex
508 1326 595 1364 parte
617 1323 817 1363 quantitatis,
844 1325 906 1354 tres

135 1379 256 1410 ratione
277 1379 432 1417 adJuncti‚
454 1378 594 1418 quinque
614 1377 733 1408 ratione
754 1378 904 1416 subJecti‚

135 1435 165 1463 et
185 1432 325 1472 quinque
344 1432 465 1463 ratione
486 1431 555 1462 sui:
583 1433 613 1461 et
635 1430 679 1460 sic
699 1431 732 1460 in
755 1430 906 1461 universo

136 1487 210 1515 sunt
224 1484 392 1515 sexdecim.

453 1577 521 1599 DUB.
539 1577 584 1598 IV.

154 1647 203 1672 Sed
222 1646 289 1671 aliud
303 1647 341 1670 est
356 1647 442 1669 favore
458 1644 498 1667 vel
512 1643 570 1667 odio
585 1643 718 1674 proprium
733 1644 892 1668 sacerdotem

401 1682 579 1709 contemnere,
596 1681 644 1703 etc.

179 1753 308 1784 Videtur
320 1752 372 1783 hic
388 1752 470 1783 male
484 1752 605 1783 solvere
616 1776 623 1789 ,
639 1753 713 1792 quia
727 1761 767 1783 ex
782 1753 842 1783 hac
856 1762 907 1784 so-

137 1807 258 1838 lutione
277 1806 424 1846 quilibet,
443 1806 493 1836 cui
513 1806 581 1836 vult
593 1830 600 1844 7
623 1808 727 1845 posset
746 1806 906 1844 confiteri,

136 1859 309 1890 dummodo
327 1868 392 1889 non
415 1861 595 1889 contemnat
616 1859 782 1898 proprium
805 1868 907 1889 sacer-

137 1913 253 1944 dotem.
270 1913 330 1943 Sed
344 1913 538 1943 contrarium
553 1912 689 1942 habetur
699 1912 733 1942 in
748 1912 905 1951 decretali,

138 1966 331 2003 ubidicitur,
355 1965 439 2005 quod
459 1965 484 1995 si
505 1974 545 1995 ex
565 1974 659 1995 causa
675 1964 743 1996 vult
763 1965 908 1996 accedere

139 2019 177 2049 ad
190 2018 300 2056 alium,
314 2020 398 2058 petat
410 2018 524 2058 primo,
537 2020 567 2048 et
578 2018 719 2048 obtineat
733 2017 906 2055 licentiam,

138 2073 214 2112 quia
228 2072 318 2102 aliter
333 2081 397 2102 non
411 2071 524 2111 poterit
538 2071 670 2108 solvere,
688 2071 739 2102 vel
753 2071 864 2110 ligare.

179 2122 268 2162 Resp.
293 2122 462 2168 Dicendum
483 2122 567 2161 quod
588 2122 666 2152 illud
686 2122 821 2152 verbum
841 2123 906 2152 Au-

138 2176 258 2216 gustini
279 2176 468 2215 intelligitur
487 2178 642 2215 quantum
664 2176 702 2206 ad
724 2176 906 2206 electionem

138 2229 316 2267 sacerdotis,
334 2231 503 2269 antequam
516 2228 659 2259 subditus
674 2228 772 2268 aliqui
790 2238 822 2260 se
837 2230 909 2260 sub·

134 2283 222 2323 jiciat
232 2306 239 2320 ‚
256 2284 287 2313 et
299 2291 409 2313 curam
423 2282 538 2312 animae
551 2282 744 2319 committat3
763 2283 815 2313 sed
832 2292 907 2314 ver-

138 2336 217 2367 bum
240 2335 357 2366 Urbani
376 2337 447 2374 post
471 2334 744 2365 commissionem:
769 2344 810 2366 ex
834 2338 908 2366 tunc

138 2389 223 2419 enim
238 2390 362 2419 tenetur
377 2388 405 2419 ei
422 2388 573 2425 confiteri,
591 2397 649 2418 nec
661 2388 753 2419 debet
767 2389 831 2427 alii,
846 2390 907 2420 nisi

138 2444 221 2482 petat
241 2442 408 2473 licentiam.
433 2441 553 2471 Tamen
574 2441 607 2471 in
626 2441 766 2481 quinque
782 2443 907 2474 casibus

138 2495 272 2526 habetur
287 2495 413 2525 licentia
428 2495 525 2534 petita
547 2503 603 2532 pro
619 2494 766 2525 obtenta:
783 2496 907 2535 primus

138 2549 194 2584 est,
211 2548 235 2578 si
251 2548 290 2579 sit
304 2548 534 2587 vagabundu53
556 2547 712 2578 secundus
727 2551 783 2587 est,
799 2550 823 2579 si
840 2560 907 2580 mu-

169 2627 228 2656 ¹Cf.
241 2627 311 2651 Alex.
330 2627 424 2657 Alcns„
440 2635 464 2658 p.
483 2629 525 2658 lv,
540 2635 563 2658 q.
578 2634 654 2659 xviii,
671 2629 764 2652 memb.
783 2631 804 2657 rl,
822 2632 866 2653 art.
885 2632 907 2660 5,

136 2662 190 2693 523
209 2662 296 2691 steph.
314 2663 392 2692 Brut,
413 2663 442 2687 IV
464 2663 542 2692 Seni„
557 2663 614 2688 dist.
630 2671 683 2694 xxi,
700 2672 724 2695 q.
746 2670 799 2695 vu3
820 2666 907 2689 Petrus

1677 199 1734 227 ¹05

960 262 1039 292 tavit
1053 262 1267 300 domicilium;
1282 263 1393 293 tertius
1404 287 1412 300 ,
1426 263 1451 293 si
1467 263 1607 302 peccavit
1623 263 1673 294 vel
1687 263 1733 293 of-

960 316 1058 346 fendit
1076 316 1109 345 in
1131 315 1234 346 aliena
1253 316 1420 355 parochia;
1438 318 1581 356 quartus,
1605 318 1733 355 propter

961 369 1129 400 sacerdotis
1149 369 1380 407 ignorantiam,
1397 369 1448 399 vel
1470 369 1622 399 malitiam
1634 393 1642 407 ,
1659 369 1733 409 quia

961 425 1007 452 est
1021 422 1177 453 revelator
1196 422 1412 459 confessionis,
1428 422 1479 452 vel
1494 422 1675 453 sollicitator
1695 423 1734 453 ad

962 474 1097 511 malum;
1115 474 1247 504 ultimus
1267 475 1313 504 est
1335 474 1368 503 in
1383 483 1456 504 casu
1472 475 1682 512 necessitatis,
1699 477 1734 505 ut

961 528 985 557 si
1002 528 1041 557 sit
1059 528 1090 557 in
1107 527 1239 557 articulo
1260 527 1389 564 mortis,
1414 528 1464 558 vel
1485 528 1594 559 debeat
1616 528 1734 559 intrare

957 581 1082 619 justum
1097 580 1230 611 bellum.

1204 692 1445 727 ARTICULUS
1470 694 1495 726 I.

1002 793 1048 823 Ad
1060 793 1304 832 intelligentiam
1319 794 1418 833 hujus
1433 794 1543 833 partis,
1560 795 1734 825 secundum

961 846 1024 876 duo
1040 855 1112 885 quae
1126 848 1305 884 tanguntur
1319 847 1352 876 in
1367 846 1481 885 littera,
1499 847 1561 877 duo
1578 847 1734 887 principa-

961 899 1032 929 liter
1051 901 1241 939 quaeruntur
1255 910 1261 929 z
1278 900 1381 939 primo
1397 900 1553 939 quaeritur
1568 901 1605 930 de
1620 901 1735 931 conses-

962 952 1051 982 sione
1073 955 1229 992 quantum
1259 953 1297 983 ad
1326 953 1473 990 modum3
1501 953 1637 983 secundo
1660 963 1735 984 vero

962 1005 1118 1044 quaeritur
1139 1006 1177 1036 de
1197 1006 1390 1036 confessione
1410 1008 1565 1046 quantum
1587 1006 1626 1037 ad
1646 1007 1736 1046 sigil-

961 1058 1039 1089 lum.
1057 1058 1144 1089 Circa
1162 1059 1303 1098 primum
1323 1062 1513 1099 quaeruntur
1527 1060 1607 1090 tria:
1632 1060 1735 1099 primo

962 1112 1116 1151 quaeritur
1133 1114 1244 1142 utrum
1266 1112 1358 1142 liceat
1375 1112 1498 1152 aliquod
1520 1115 1683 1152 peccatum
1702 1113 1735 1143 in

962 1165 1155 1195 confessione
1170 1165 1330 1202 omittere;
1348 1165 1503 1201 secundo⁷
1520 1167 1628 1195 utrum
1645 1166 1733 1196 liceat

962 1218 1089 1255 addere;
1113 1218 1215 1256 tertio,
1239 1220 1349 1249 utrum
1374 1218 1465 1249 liceat
1486 1218 1589 1248 aliena
1609 1221 1734 1258 peccata

962 1271 1089 1301 referre.

1226 1341 1419 1378 QUESTIO
1445 1342 1467 1371 Ι.

1026 1418 1067 1443 An
1090 1417 1165 1444 liceat
1188 1419 1215 1444 z'n
1236 1419 1397 1450 confessione
1418 1419 1538 1445 omittere
1559 1419 1670 1453 aliquod

1260 1464 1399 1495 peccatum
1416 1464 1432 1489 ¹.

1004 1537 1093 1573 Quod
1116 1546 1181 1567 non
1204 1537 1294 1567 liceat
1319 1537 1356 1567 de
1378 1538 1565 1568 confitendis
1589 1538 1735 1569 omittere

963 1592 1154 1623 ostenditur:
1178 1592 1282 1632 primo
1304 1593 1488 1623 auctoritate
1510 1593 1683 1631 Augustini
1702 1594 1736 1624 in

963 1646 1043 1676 libro
1058 1645 1095 1677 de
1110 1646 1303 1677 Psenitentt'a
1316 1649 1326 1663 ²
1336 1656 1345 1674 :
1366 1657 1380 1674 α
1399 1645 1512 1677 Caveat
1527 1655 1567 1676 ne
1581 1655 1735 1677 verecun-

964 1699 1015 1728 dia
1029 1699 1143 1729 ductus
1158 1699 1276 1730 dividat
1290 1699 1373 1739 apud
1391 1707 1424 1729 se
1439 1699 1684 1737 confessionem,
1701 1702 1736 1730 ut

963 1751 1088 1783 diversa
1102 1752 1234 1783 diversis
1252 1753 1328 1783 velit
1347 1752 1567 1783 manifestare:
1592 1753 1676 1792 quod
1691 1755 1737 1783 est

964 1814 996 1835 se
1018 1805 1163 1843 laudare,
1192 1807 1222 1835 et
1247 1805 1285 1835 ad
1311 1805 1507 1845 hypocrisim
1533 1806 1676 1844 tendere,
1706 1808 1736 1837 et

964 1867 1087 1896 semper
1110 1857 1204 1889 venia
1227 1867 1352 1895 carere,
1376 1858 1415 1888 ad
1440 1867 1537 1898 quam
1562 1868 1617 1898 per
1638 1860 1736 1890 frusta

964 1912 1067 1950 sperat
1086 1911 1261 1950 pervenire.
1278 1922 1292 1939 »

1005 1964 1083 1994 Item
1099 1964 1220 1994 ratione
1234 1964 1410 1994 ostenditur
1427 1964 1470 1995 sic
1483 1975 1490 1995 z
1509 1964 1667 1996 Confessio
1682 1974 1731 1996 or-

964 2017 1092 2047 dinatur
1114 2017 1154 2047 ad
1175 2017 1293 2056 peccati
1312 2017 1548 2056 cognitionem:
1574 2017 1627 2048 sed
1649 2027 1733 2048 nun-

964 2080 1061 2110 quam
1075 2071 1275 2109 recognoscit
1295 2071 1522 2110 aegritudinem
1545 2071 1735 2102 sufficienter

963 2124 1018 2164 qui
1029 2124 1131 2154 solum
1146 2125 1311 2164 peccatum
1321 2134 1422 2155 unum
1435 2125 1535 2163 novit,
1550 2134 1623 2155 cum
1638 2125 1734 2156 homo

965 2177 1072 2208 multis
1081 2179 1225 2216 aegrotet,
1237 2177 1317 2208 sicut
1327 2179 1412 2217 patet
1422 2178 1454 2208 in
1467 2178 1642 2209 medicinis:
1656 2187 1735 2217 ergo

964 2239 1028 2261 non
1049 2231 1239 2261 sufficienter
1253 2233 1417 2270 peccatum
1442 2231 1577 2270 detegit,
1601 2232 1735 2271 quinon

963 2284 1037 2314 dicit
1050 2284 1107 2314 uni
1122 2284 1274 2314 sacerdoti
1286 2286 1412 2323 peccata
1428 2284 1546 2323 omnia,
1564 2293 1637 2324 quae
1653 2293 1737 2315 com-

964 2337 1058 2367 misit.

1004 2390 1080 2421 Item
1093 2390 1245 2420 confessio
1259 2392 1306 2420 est
1323 2390 1362 2420 ad
1377 2390 1547 2429 peccatoris
1561 2391 1733 2421 accusatio-

964 2452 1054 2474 nem:
1074 2443 1126 2474 sed
1141 2452 1214 2473 cum
1229 2445 1373 2482 peccator
1389 2452 1421 2474 se
1436 2445 1561 2473 accusat
1580 2443 1618 2473 de
1634 2443 1735 2474 tribus

964 2497 1113 2536 peccatis,
1130 2498 1160 2527 et
1174 2496 1245 2527 fecit
1260 2495 1382 2533 decem,
1404 2496 1464 2526 hoc
1482 2496 1550 2536 ipso
1570 2495 1735 2536 praetendit

964 2550 1116 2581 sacerdoti
1129 2559 1162 2580 se
1182 2559 1247 2580 non
1269 2558 1412 2589 peccasse
1433 2549 1493 2579 nisi
1512 2551 1580 2579 ter:
1605 2548 1658 2579 sed
1673 2548 1734 2578 hoc

963 2630 993 2654 dc»
1012 2630 1107 2659 Palud„
1139 2630 1170 2653 lV
1191 2629 1269 2659 Seni„
1289 2629 1345 2653 dist.
1364 2635 1419 2658 xxr,
1434 2636 1458 2659 q.
1477 2634 1493 2651 1.
1510 2641 1541 2645 -
1558 2628 1566 2642 ²
1587 2628 1621 2651 De
1637 2634 1687 2650 ver.
1709 2628 1733 2650 et

962 2665 1022 2696 [αις.
1038 2666 1138 2690 Poenil..
1153 2672 1176 2689 c.
1192 2671 1234 2695 xv,
1248 2665 1313 2689 inter
1326 2671 1403 2695 opera
1416 2666 1442 2689 S.
1459 2665 1563 2694 August.

1750 1555 1853 1576 Fundam.
