1991 3006
623 219 717 252 DIST.
742 219 857 250 XXXV.
882 219 971 250 ART.
996 220 1018 249 l.
1043 219 1192 254 QUAEST.
1216 219 1266 249 VI.

148 290 231 320 tione
254 291 425 321 retractari.
444 301 458 318 ι)
477 290 561 328 Ergo
586 297 658 318 cum
680 286 851 318 divortium
874 286 914 316 sit

148 343 340 374 celebratum
356 352 412 383 per
427 342 647 373 diffinitionem
672 340 814 370 Ecclesiae
826 363 834 377 ,
858 348 914 378 pa-

147 397 201 433 tet,
217 398 274 425 etc.

188 451 216 478 ⁶2.
233 447 310 478 ltem
333 450 467 486 uterque
483 447 582 485 potest
600 454 725 475 servare
749 444 913 474 continen-

146 500 233 537 tiam,
251 502 280 530 et
295 509 410 530 vovere
424 501 493 538 post
515 498 687 529 divortium
710 508 716 527 t
739 506 817 535 ergo
832 506 915 527 unus

146 561 210 582 non
224 552 318 582 habet
331 553 386 591 ,ius
401 551 434 581 in
450 551 584 581 alterum
605 561 611 580 :
630 559 708 588 ergo
723 549 748 579 si
773 558 836 578 non
856 549 913 578 ha-

146 607 220 636 bent
241 605 378 636 invicem
395 607 459 644 J'US,
481 614 542 635 non
563 606 694 644 possunt
714 603 850 633 invicem
871 611 916 632 re-

145 657 304 689 conciliari
320 657 466 697 amplius.

186 714 214 742 3.
232 711 320 748 Item,
338 710 422 750 quod
434 710 598 740 fornicanti
614 718 678 739 non
693 711 851 748 competat
863 718 915 739 ac-

145 763 188 793 tio
202 763 235 792 in
244 762 354 799 alium,
366 762 503 800 videtur,
514 763 590 801 quia
600 761 711 801 regula
727 763 773 792 est
788 761 820 791 in
829 763 914 801 Jure,

145 815 229 854 quod
246 815 325 845 actio
339 815 435 845 semel
450 816 612 854 perempta
626 824 690 844 non
705 814 889 844 restituatur
905 823 912 844 t

146 877 225 907 ergo
241 868 267 897 si
283 877 322 898 ex
337 868 542 898 fornicatione
553 867 657 898 amisit
664 868 717 906 ,ius
728 867 851 906 petendi
868 867 916 896 de-

146 921 259 957 bitum,
274 922 369 960 patet,
381 922 438 950 etc.

186 975 214 1003 4.
232 972 320 1010 Item,
337 973 421 1012 quod
437 973 487 1003 vir
502 981 565 1002 non
589 972 684 1011 possit
700 972 760 1002 sibi
775 972 916 1002 reconci-

147 1026 223 1056 liare
250 1026 469 1063 fornicariam,
487 1026 623 1061 videtur,
642 1026 716 1065 quia
739 1025 772 1055 in
797 1025 916 1064 ,judicio

146 1079 244 1118 petiit,
269 1081 300 1109 et
326 1079 462 1109 obtinuit
490 1078 743 1118 separationem:
767 1087 847 1117 ergo
870 1087 917 1108 re-

146 1131 304 1162 nuntiavit
324 1131 390 1170 juri
405 1131 531 1171 petendi
557 1131 697 1161 debitum
718 1141 724 1160 :
742 1132 772 1160 et
793 1131 817 1160 si
843 1131 914 1167 hoc,

147 1193 221 1214 cum
231 1193 295 1214 uon
310 1184 406 1224 possit
420 1193 515 1223 agere
528 1193 567 1214 ex
584 1192 621 1214 eo
632 1184 685 1213 cui
700 1183 910 1220 renunciavit,

147 1237 280 1274 videtur,
298 1239 355 1267 etc.

422 1325 643 1356 CONCLUSlO.

150 1407 333 1433 Reconciliatio
350 1407 409 1439 fieri
421 1406 515 1439 potest,
534 1405 565 1431 de
586 1406 722 1438 utriusque
743 1405 831 1438 partis
857 1411 916 1429 con-

182 1458 266 1481 sensu,
280 1451 398 1476 intereos
409 1450 456 1483 qui
470 1448 587 1475 divortio
601 1450 659 1474 sunt
673 1449 792 1482 separati
798 1456 805 1481 3
818 1448 918 1474 dissen-

182 1493 309 1520 tientibus
336 1495 437 1523 tamen,
467 1500 632 1526 nequaquam
644 1501 651 1525 3
677 1491 746 1525 quod
772 1492 797 1517 si
826 1499 918 1518 nocens

182 1539 341 1564 innocentem
353 1538 435 1571 petat,
449 1544 501 1562 non
516 1536 591 1562 debet
606 1537 663 1569 coqi
672 1545 679 1566 ;
695 1536 740 1562 sed
755 1537 780 1561 si
795 1537 917 1561 innocens

182 1584 313 1608 nocentem
324 1581 438 1615 postulet
448 1601 457 1611 ‚
473 1579 549 1606 debet
562 1580 694 1613 compelli.

187 1661 275 1700 Resp.
291 1659 329 1690 ad
343 1668 415 1698 arg.
432 1658 604 1689 Dicendum
621 1658 705 1697 quod
721 1658 759 1688 ad
776 1658 918 1688 reconci-

146 1713 306 1744 liationem
319 1711 506 1748 faciendam,
520 1713 574 1741 aut
587 1713 722 1750 uterque
738 1711 915 1748 concordat,

146 1768 201 1796 aut
219 1767 354 1804 uterque
373 1764 530 1795 discordat
551 1787 558 1801 ,
582 1765 637 1794 aut
657 1772 742 1793 unus
764 1763 841 1802 petit
859 1787 866 1799 ,
887 1765 918 1793 et

147 1818 225 1848 alter
239 1819 410 1856 repugnat.
435 1816 467 1846 Si
484 1818 617 1856 uterque
634 1816 816 1852 concordat,
845 1816 916 1845 abs-

148 1880 209 1911 que
223 1870 320 1901 duhio
341 1870 387 1899 fit.
406 1869 436 1899 Si
453 1871 587 1908 uterque
601 1868 772 1905 discordat,
790 1878 847 1898 nec
862 1878 919 1907 po-

149 1925 225 1960 test,
243 1931 301 1953 nec
316 1922 409 1952 debet
422 1921 491 1951 fieri
505 1945 512 1958 ,
537 1921 598 1950 nisi
616 1921 669 1950 fiat
683 1922 811 1959 propter
828 1930 918 1950 scan-

147 1975 254 2006 dalum
277 1973 421 2005 Ecclesiae
434 1997 441 2011 ‚
463 1982 535 2012 quae
562 1972 790 2004 scandalizatur
807 1982 862 2012 pro
882 1982 919 2003 eo

149 2027 233 2067 quod
258 2028 391 2066 uterque
409 2026 581 2056 fornicatur
604 2026 739 2065 publice.
764 2026 795 2057 Si
813 2028 918 2056 autem

148 2082 226 2113 alter
240 2081 333 2121 petit,
351 2083 404 2111 aut
420 2089 536 2111 nocens
560 2080 636 2120 petit
651 2081 869 2117 innocentem,
889 2083 919 2111 et

147 2137 191 2167 sic
203 2146 266 2167 non
283 2136 373 2166 debet
393 2136 466 2174 cogi
482 2135 520 2165 ad
536 2135 843 2172 reconciliationem3
861 2138 917 2165 aut

148 2199 264 2220 nocens
283 2189 503 2225 innocentem,
530 2191 566 2218 ut
581 2188 631 2218 vir
655 2190 760 2218 castus
782 2197 917 2218 uxorem

147 2242 340 2278 adulteram,
358 2243 388 2271 et
403 2241 447 2270 sic
466 2241 533 2280 ipsa
556 2240 655 2270 invita
670 2240 761 2270 debet
779 2242 917 2270 reconci-

148 2294 216 2324 liari
233 2303 288 2334 per
306 2293 462 2333 judicium
478 2293 641 2330 Ecclesiae,
659 2293 733 2332 quia
745 2317 752 2330 ,
775 2293 855 2323 sicut
869 2293 917 2323 di-

148 2349 224 2377 cunt
233 2348 308 2386 jura
319 2370 328 2384 ,
349 2358 363 2375 «
379 2346 460 2386 quod
479 2347 512 2376 in
535 2355 641 2376 meum
658 2347 800 2376 favorem
816 2346 917 2376 intro-

148 2399 278 2431 ductum
294 2402 357 2436 est,
381 2400 413 2429 in
438 2408 547 2429 meum
568 2399 720 2429 damnum
744 2408 805 2429 non
828 2399 921 2429 debet

147 2453 333 2491 retorqueri.
349 2463 363 2480 n
382 2452 445 2482 Aut
460 2460 576 2482 nocens
592 2454 756 2482 nocentem
772 2452 867 2491 petit,
885 2454 919 2481 ut

149 2505 276 2543 mulier,
292 2515 364 2545 quae
381 2505 468 2545 prius
484 2508 530 2536 est
545 2505 713 2541 fornicata,
737 2505 849 2544 repetit
871 2505 920 2534 vi—

149 2565 221 2587 rum
232 2580 240 2593 ‚
255 2558 310 2597 qui
326 2560 373 2588 est
391 2559 460 2597 post
480 2557 653 2588 divortium
668 2557 860 2593 fornicatus,
890 2559 920 2587 et

184 2635 188 2650 ¹
202 2636 242 2665 Cf.
256 2636 283 2659 S.
297 2636 415 2666 Thomas,
430 2636 454 2660 in
468 2636 554 2666 Suppl.
571 2644 595 2667 p.
614 2637 655 2666 ΙΙΙ,
671 2644 697 2667 q.
714 2643 775 2667 Lxu,
790 2639 836 2661 art.
854 2638 882 2666 5,
896 2638 919 2660 et

151 2671 183 2694 lv
198 2672 275 2701 Sent,
290 2671 348 2695 dist.
363 2677 442 2702 xxxv,
456 2678 480 2702 q.
498 2677 514 2702 ι,
530 2673 576 2696 art.
595 2673 626 2702 63
643 2672 770 2703 Richard.,
791 2673 822 2697 lv
841 2672 919 2701 Seni„

1681 222 1739 250 345

970 286 1013 315 sic
1029 286 1242 316 restituendus
1266 288 1311 315 est
1335 286 1468 316 maritus
1484 286 1576 316 uxori
1600 286 1737 322 invitus,

970 348 1034 368 non
1049 339 1124 378 quia
1138 338 1216 368 actio
1232 338 1372 368 mulieris
1389 339 1571 368 resuscitata
1579 338 1628 375 sit,
1640 337 1693 367 sed
1706 337 1739 367 in

973 400 1100 430 poenam
1115 391 1346 428 fornicationis,
1364 391 1437 430 quia
1451 392 1569 421 abusus
1584 393 1629 421 est
1644 390 1741 430 privi-

970 444 1057 482 legio
1067 443 1230 474 libertatis,
1245 443 1542 483 Quantumcumque
1554 446 1660 473 tamen
1672 452 1742 473 mu-

971 497 1028 527 lier
1051 497 1140 527 faciat
1163 497 1401 536 poenitentiam,
1419 506 1584 536 nunquam
1607 496 1740 536 acquirit

968 551 1021 588 jus
1035 549 1067 579 in
1080 550 1202 585 virum,
1220 550 1287 588 ipso
1301 549 1442 587 nolente,
1461 550 1521 579 nisi
1541 549 1592 580 vir
1606 549 1741 579 fornice-

972 604 1040 639 tur·,
1058 604 1087 632 et
1103 602 1162 632 hoc
1176 604 1303 641 propter
1318 602 1542 632 contumeliam
1552 625 1560 639 ,
1578 611 1675 641 quam
1690 601 1738 630 in-

972 655 1043 685 tulit
1059 655 1261 684 matrimonio
1272 678 1281 691 ,
1299 655 1373 694 quia
1388 655 1502 685 directe
1518 655 1657 693 peccavit
1671 663 1741 684 con-

972 711 1019 738 tra
1037 708 1156 738 bonum
1172 708 1255 737 fidei.
1272 707 1319 737 Ex
1335 707 1383 737 his
1407 709 1490 746 patet
1506 707 1618 737 solutio
1635 708 1742 746 objec-

971 764 1077 792 torum
1093 761 1132 791 ad
1149 760 1286 800 primam
1302 763 1435 799 partem.

1014 817 1040 844 1.
1055 814 1102 844 Ad
1117 813 1195 843 illud
1211 822 1289 852 ergo
1300 813 1383 853 quod
1401 812 1563 852 objicitur,
1580 812 1662 852 quod
1676 822 1742 842 non

972 869 1017 897 est
1042 866 1239 896 retractanda
1261 866 1418 896 sententia
1432 890 1439 903 7
1465 865 1633 895 dicendum
1654 865 1742 904 quod

972 920 1031 950 hoc
1047 929 1158 950 verum
1174 921 1231 955 est,
1243 921 1398 958 quantum
1413 920 1459 948 est
1469 918 1506 947 de
1522 918 1630 956 rigore
1642 917 1740 956 juris;

971 982 1034 1003 non
1050 975 1156 1002 tamen
1179 975 1335 1011 quantum
1356 973 1402 1001 est
1423 971 1460 1001 de
1478 971 1585 1001 favore
1600 979 1743 1010 personae

971 1026 1166 1062 innocentiS,
1183 1027 1218 1055 ut
1233 1025 1351 1055 dictum
1367 1026 1423 1054 est.

1011 1080 1040 1108 2.
1058 1078 1105 1108 Ad
1128 1078 1204 1108 illud
1221 1078 1306 1117 quod
1326 1077 1484 1116 objicitur,
1507 1076 1591 1115 quod
1610 1078 1744 1115 uterque

971 1132 1071 1170 potest
1086 1140 1203 1161 vovere
1219 1130 1457 1167 continentiam,
1476 1129 1646 1159 dicendum
1660 1129 1743 1168 qnod

971 1183 1085 1213 falsum
1101 1185 1163 1220 est,
1182 1184 1257 1222 quia
1285 1183 1442 1213 fornicans
1462 1191 1526 1211 non
1541 1183 1660 1221 potest,
1683 1181 1744 1211 nisi

971 1236 1049 1266 alter
1064 1236 1254 1273 consentiat,
1269 1238 1299 1266 et
1310 1236 1368 1265 uisi
1385 1237 1452 1274 post
1463 1234 1679 1274 poenitentiam
1695 1243 1745 1264 ve-

971 1288 1005 1318 lit
1029 1298 1098 1318 eam
1120 1291 1277 1327 recipere,
1300 1289 1464 1328 episeopus
1493 1289 1594 1327 potest
1612 1295 1682 1317 eam
1706 1286 1744 1316 li-

972 1341 1110 1371 centiare
1122 1364 1131 1378 ,
1149 1343 1183 1371 ut
1198 1341 1292 1371 intret
1309 1341 1508 1379 religionem.

1012 1396 1030 1424 3
1045 1396 1075 1423 et
1087 1396 1116 1424 4.
1135 1394 1181 1423 Ad
1198 1393 1274 1423 illud
1294 1393 1375 1433 quod
1393 1393 1550 1432 objicitur,
1568 1392 1652 1432 quod
1665 1392 1744 1422 actio

974 1447 1114 1476 mulieris
1129 1449 1175 1476 est
1190 1448 1352 1485 perempta
1368 1448 1398 1476 et
1414 1446 1497 1485 quod
1516 1446 1563 1474 vir
1578 1445 1744 1475 renuntia-

971 1500 1017 1529 vit
1029 1500 1097 1537 juri
1113 1508 1183 1535 suo⁷
1202 1499 1369 1529 dicendum
1383 1499 1466 1537 quod
1482 1499 1540 1528 hoc
1556 1497 1668 1527 falsum
1685 1499 1742 1533 est,

972 1553 1047 1592 qnia
1063 1552 1143 1581 actio
1159 1551 1301 1581 mulieris
1314 1560 1376 1581 non
1394 1551 1586 1590 permittitur
1597 1549 1745 1589 simplici-

971 1607 1030 1642 ter,
1047 1605 1099 1635 sed
1116 1605 1174 1634 suh
1191 1604 1387 1640 conditione,
1414 1604 1530 1633 scilicet
1552 1603 1578 1632 si
1601 1603 1651 1632 vir
1673 1611 1744 1641 per-

973 1658 1124 1687 manserit
1139 1657 1302 1687 continens
1316 1667 1321 1687 ε
1339 1659 1369 1686 et
1386 1657 1466 1686 ratio
1478 1656 1577 1695 hujus
1591 1657 1637 1685 est
1647 1679 1654 1692 ,
1669 1655 1746 1694 quia

973 1710 1138 1740 vinculum
1165 1719 1290 1748 semper
1314 1711 1430 1739 manet.
1460 1708 1514 1739 Vel
1538 1709 1639 1748 potest
1662 1708 1742 1745 dici,

972 1764 1055 1803 quod
1078 1764 1159 1793 actio
1181 1773 1243 1793 non
1259 1763 1450 1799 vivificatur⁷
1470 1762 1522 1792 sed
1537 1762 1574 1792 de
1589 1770 1672 1791 novo
1693 1761 1746 1791 da-

972 1819 1035 1853 tur,
1054 1817 1103 1847 vel
1123 1817 1298 1855 acquiritur
1320 1825 1339 1846 a
1350 1817 1423 1855 jure
1439 1815 1479 1845 ob
1495 1816 1656 1854 peccatum
1672 1813 1743 1844 viri.

974 1869 1125 1899 Similiter
1147 1878 1282 1908 sequens
1303 1871 1349 1898 est
1370 1868 1502 1904 falsum,
1528 1867 1603 1906 quia
1618 1866 1667 1897 vir
1682 1875 1745 1896 non

974 1922 1135 1952 renuntiat
1142 1921 1208 1960 ¹juri
1219 1929 1276 1950 suo
1287 1920 1480 1959 simpliciter,
1494 1919 1547 1949 sed
1558 1918 1597 1949 ad
1606 1921 1742 1958 tempus.

1233 2024 1415 2063 QUAESTIO
1438 2024 1488 2054 Vl.

975 2107 1034 2139 An,
1046 2106 1126 2140 culpa
1142 2113 1192 2131 non
1206 2104 1382 2139 praecedcntc,
1396 2103 1480 2137 possit
1493 2103 1551 2135 fieri
1567 2102 1712 2128 divortium
1729 2107 1745 2128 ¹.

1018 2185 1131 2215 Utrum
1149 2184 1245 2223 possit
1261 2184 1328 2213 fieri
1344 2182 1529 2218 divortium,
1547 2181 1571 2210 si
1588 2189 1650 2210 non
1665 2189 1745 2220 prae·
1764 2193 1865 2213 Fundam.

974 2239 1062 2269 cedat
1085 2238 1190 2277 aliqua
1205 2237 1316 2276 culpa;
1336 2239 1366 2266 et
1386 2235 1468 2275 quod
1486 2245 1559 2271 non,
1576 2235 1720 2265 videtur⁴³
1738 2246 1743 2264 :

975 2292 1129 2330 Prsecipio
1146 2299 1210 2321 non
1226 2298 1300 2330 690,
1324 2289 1379 2321 sed
1393 2289 1565 2326 Dominus,
1582 2296 1713 2319 umorem
1727 2296 1748 2318 α

974 2345 1043 2375 viro
1067 2352 1131 2375 non
1152 2343 1326 2379 discedere,
1351 2344 1480 2381 excepta
1504 2350 1600 2372 causa
1614 2341 1747 2371 fornica-

974 2397 1068 2427 tionis
1084 2408 1089 2427 :
1108 2406 1185 2435 ergo
1200 2398 1394 2436 praeceptum
1409 2398 1454 2425 est
1469 2395 1552 2435 quod
1570 2404 1634 2425 non
1656 2404 1744 2433 sepa-

974 2452 1077 2479 retur:
1091 2449 1144 2479 sed
1155 2451 1264 2479 eontra
1275 2450 1469 2487 praeceptum
1481 2457 1545 2478 non
1558 2450 1659 2487 potest
1671 2447 1743 2486 quis

975 2502 1075 2532 facere
1089 2526 1096 2538 ,
1114 2502 1193 2541 quin
1208 2502 1348 2531 incurrat
1362 2501 1486 2540 culpam
1499 2510 1506 2531 :
1523 2510 1602 2539 ergo
1614 2524 1622 2537 ,
1639 2502 1697 2530 etc.

975 2600 1030 2623 tlist.
1057 2605 1136 2628 xxxv,
1157 2601 1203 2622 art.
1228 2600 1255 2628 3,
1280 2606 1305 2629 q.
1331 2604 1354 2628 13
1379 2598 1466 2628 steph.
1490 2597 1592 2627 Brules„
1617 2597 1647 2620 lV
1667 2596 1746 2624 Sent„

975 2635 1032 2657 dist.
1058 2640 1143 2662 xxxV,
1170 2641 1194 2665 q.
1224 2640 1266 2663 vi,
1297 2634 1385 2657 Petrus
1409 2633 1440 2655 de
1468 2633 1578 2661 Tamtu„
1607 2632 1637 2656 lV
1667 2631 1744 2661 Sena,

976 2670 1032 2694 dist.
1050 2675 1127 2701 xxxv,
1143 2677 1167 2700 q.
1184 2675 1261 2695 v1.—
1276 2669 1304 2693 Ἰ
1323 2669 1389 2699 σωκ,
1406 2674 1450 2699 vu,
1470 2670 1505 2691 to.
