1991 3006
97 1623 142 1643 Divi
157 1623 160 1626 ’

145 1629 183 1643 sio.

845 209 1036 241 DISTINCT.
1061 209 1177 239 XLVIl.
1745 214 1802 244 539

219 275 418 318 ministerio,
435 288 501 321 quo
523 281 554 310 et
579 277 748 320 rapientur
768 276 898 309 obviam
919 276 1046 309 Christo
1064 276 1097 308 in
1119 287 1209 316 aera;
1230 277 1375 321 reprobis
1389 278 1423 310 in
1441 282 1547 320 terra,
1564 289 1663 322 quam
1680 279 1801 311 dilexe-

220 338 318 374 runt,
334 334 589 368 remanentibus,
614 335 652 367 Et
669 339 745 367 tnnc
761 333 921 377 praeconia
940 333 997 366 illa
1013 333 1174 366 bonorum
1194 347 1200 366 ε
1219 335 1370 373 Esztrc'ce',
1393 342 1423 367 et
1447 335 1582 369 dedistis
1605 336 1688 368 milei
1708 347 1802 369 man-

218 390 339 423 ducare
350 403 363 431 ,·
373 395 402 423 et
418 391 653 436 increpationes
669 391 732 424 illae
747 391 908 424 malorum
925 403 930 422 ε
948 391 1083 424 Εςιινὶυἰ
1094 417 1101 432 ,
1114 397 1145 423 et
1160 402 1225 423 non
1241 391 1376 424 dedistis
1391 393 1475 425 mihi
1489 393 1709 435 manducare,
1723 399 1799 435 ete„

218 448 425 491 proferentur
435 449 486 481 vel
502 460 581 482 sono
597 449 712 491 vocali,
726 449 776 482 vel
793 449 857 481 alio
872 448 979 481 modo.
996 449 1144 493 Denique
1159 449 1323 492 profertur
1338 451 1496 483 sententia
1511 462 1608 495 super
1621 455 1776 496 utrosque
1792 464 1798 483 ε

226 505 355 546 Venite,
371 506 552 546 be7zedictz';
565 510 595 539 et
615 519 621 538 :
639 508 704 546 Ite,
729 506 919 547 maledicti,
937 510 1011 547 etc.;
1028 510 1058 538 et
1085 506 1264 539 ministerio
1289 508 1499 550 angelorum,
1518 509 1638 541 virtute
1657 509 1713 542 Dei
1729 520 1802 542 coo-

216 567 349 607 perante
362 589 370 604 ,
388 564 559 596 mittentur
573 564 607 596 z'n
624 564 792 597 caminum
807 564 894 608 iqnis
913 565 919 581 ¹
934 589 941 605 ‚
959 564 1019 596 hoc
1036 569 1082 596 est
1097 564 1130 596 in
1146 564 1323 597 infernum.

262 620 302 652 Et
316 620 396 653 solet
411 620 514 664 quaeri
532 625 643 653 utrum
659 622 692 653 in
718 621 845 653 inferno
870 621 965 654 malis
989 621 1028 653 ad
1052 621 1256 665 puniendum
1280 622 1412 665 praesint
1436 623 1599 656 daemones
1624 628 1694 668 post
1714 624 1802 667 judi·
1832 627 1856 643 '¹¹
1879 627 1923 650 *³0⁵¹

1825 654 1924 679 judiciuin

219 677 306 710 cium
320 703 328 718 ‚
341 689 424 721 quos
439 677 624 719 carnifices,
638 682 841 722 tortoresque
855 679 1041 711 animarum
1057 678 1225 722 Scriptura
1244 680 1396 722 appellat.
1414 681 1588 724 Apostolus
1602 681 1690 722 dicit,
1708 682 1795 725 quotl
1821 677 1928 705 *dwfflsssss

1821 723 1832 741 μ
1839 718 1926 736 raeerunt

217 734 365 768 Christus
379 739 458 767 tunc
473 735 645 768 evacuabit
664 747 789 768 omnem
810 736 1037 780 principatum
1048 763 1055 777 ‚
1073 742 1311 780 etpotestcztem
1324 764 1332 776 ‚
1358 743 1387 769 et
1407 738 1559 770 uirtutem
1576 744 1597 770 ².
1614 739 1699 771 Dum
1715 739 1801 771 enim
1838 747 1906 766 homi-

216 792 312 825 durat
336 793 500 834 mundus,
526 793 651 836 angelis
675 793 804 837 angeli,
830 794 992 826 daemones
1016 794 1219 827 daemonihus
1234 820 1241 834 ‚
1264 794 1412 827 homines
1435 795 1625 827 hominibus
1646 800 1798 839 praesunt.
1823 777 1926 834 ιῖἶῖιῗῑῖιῗῖἰ

218 849 280 883 Sed
296 850 450 883 omnibus
465 850 607 883 collectis
622 877 629 892 ‚
642 851 710 895 jam
727 851 834 884 omnis
847 851 995 896 praelatio
1014 851 1160 884 cessabit.
1178 851 1263 884 Hinc
1278 851 1409 895 quidam
1429 857 1544 896 putant
1560 857 1629 896 post
1640 853 1802 896 judicium
1846 840 1907 859 ἀπ’

216 907 379 941 daemoncs
393 919 457 940 non
472 908 590 940 habero
607 912 796 952 potestatem
818 909 983 941 cruciandi
1013 909 1182 950 homines,
1199 909 1281 942 sicut
1301 910 1414 950 modo;
1433 910 1484 942 sed
1508 913 1544 942 ut
1562 910 1724 943 daemones
1740 910 1805 942 vir-

216 969 285 997 tute
299 965 357 997 Dei
372 965 510 998 cruciari
532 966 601 998 sine
623 970 776 999 creaturae
792 966 972 999 ministerio
989 971 1158 1007 asserunt,
1176 967 1221 999 sic
1240 967 1394 1010 reprobos
1418 967 1566 999 homines
1589 967 1633 999 ibi
1658 978 1724 1000 non
1748 979 1804 1011 per

215 1023 434 1066 operationem
455 1022 666 1064 daemonum,
684 1023 735 1055 sed
764 1024 883 1056 virtute
906 1024 1019 1056 divina
1044 1027 1172 1056 tantum
1199 1024 1328 1056 aeternis
1342 1023 1459 1068 subjici
1483 1024 1693 1057 cruciatibus.
1718 1025 1804 1058 Prae-

215 1079 312 1111 missa
327 1083 434 1112 tamen
454 1079 629 1112 auctoritas
646 1091 711 1113 non
727 1081 760 1113 id
776 1081 861 1123 cogit
876 1082 1015 1122 sentire3
1033 1093 1107 1125 quae
1125 1082 1183 1114 etsi
1203 1086 1324 1114 asserat
1339 1086 1417 1114 tunc
1434 1093 1493 1115 nee
1506 1083 1669 1116 daemones
1685 1083 1805 1115 daemo-

215 1136 329 1178 nibus,
347 1148 405 1169 nec
420 1137 567 1170 homines
583 1137 773 1170 hominibus
789 1149 925 1182 praeesse
939 1164 947 1180 ‚
964 1150 1030 1171 non
1046 1139 1161 1171 definit
1178 1144 1287 1172 tamen
1302 1151 1342 1171 an
1359 1139 1524 1172 daemones
1544 1140 1677 1184 praesiut
1700 1140 1805 1173 homi-

216 1193 314 1226 nibus
328 1194 367 1226 ad
384 1195 618 1238 torquendum.
640 1195 730 1228 Unde
746 1196 943 1239 quibusdam
970 1196 1100 1229 videtur
1125 1208 1178 1229 eos
1201 1197 1244 1229 sic
1268 1201 1377 1229 extare
1403 1197 1592 1230 hominihus
1613 1201 1749 1230 tortores
1771 1198 1802 1230 in

213 1262 330 1295 poena,
348 1251 429 1284 sicut
447 1253 626 1285 extiterunt
641 1253 821 1286 incentores
837 1253 870 1286 in
886 1254 993 1297 culpa.

398 1392 604 1426 EXPOSITIO
626 1394 789 1426 TEXTUS.

209 1473 279 1498 Solet
293 1475 369 1498 etiam
385 1475 478 1506 quaeri,
501 1476 607 1506 qualiter
624 1476 725 1500 dabitur
740 1477 830 1508 ⁸iudicii
845 1478 980 1502 sententia,

248 1553 353 1593 Supra
368 1554 433 1592 egit
454 1553 604 1593 Magister
625 1554 662 1584 de
681 1555 926 1593 resurrectione3
948 1557 980 1586 in

208 1606 267 1637 hac
288 1609 376 1646 parte
397 1607 464 1646 agit
481 1607 518 1638 de
539 1607 723 1638 diffinitione
743 1608 807 1638 Dei.
828 1608 981 1639 Dividitur

207 1662 313 1690 autem
331 1660 399 1690 haec
414 1669 486 1699 pars
501 1660 535 1690 in
554 1661 632 1691 duas
647 1671 653 1690 ε
673 1660 705 1690 in
723 1662 825 1700 prima
839 1671 979 1701 namque

206 1714 315 1753 agitur
338 1715 376 1744 de
397 1715 534 1753 judicio;
564 1715 596 1744 in
620 1715 756 1745 secunda
780 1715 818 1746 de
846 1716 979 1747 statibus

206 1767 471 1806 consequentibus
482 1768 520 1798 ad
534 1767 701 1806 judicium,
716 1767 816 1797 infra³
832 1778 837 1797 :
852 1768 923 1799 Post
935 1777 978 1799 re-

205 1821 428 1851 surrectionem
444 1820 526 1858 facto
536 1821 696 1857 universo,
713 1822 771 1850 etc.
790 1819 896 1850 Prima
906 1830 979 1860 pars

204 1871 299 1903 habet
313 1872 391 1903 duas
408 1883 414 1903 ε
432 1873 464 1902 in
481 1873 583 1912 prima
599 1872 665 1911 agit
681 1872 719 1902 de
735 1872 843 1909 modo,
866 1882 979 1904 secun-

205 1925 282 1955 dum
292 1934 387 1964 quem
393 1925 549 1965 judicium
560 1925 636 1955 illud
646 1925 772 1956 dabitur
782 1936 788 1963 ;
800 1926 833 1956 in
843 1926 978 1957 secunda

205 1987 280 2010 vero
291 1978 477 2009 determinat
489 1978 527 2009 de
540 1980 701 2018 potestate
720 1982 747 2009 et
762 1979 863 2010 forma
879 1980 886 2009 i
890 1981 978 2019 psius

199 2031 333 2070 judicis,
353 2031 454 2061 infra⁵
472 2042 478 2061 :
496 2031 580 2063 Solet
601 2032 697 2063 etiam
719 2034 835 2072 qzcaert,
858 2034 893 2064 z'n
915 2043 978 2073 qna

204 2084 305 2122 forma
315 2084 480 2123 judicabit
496 2084 655 2116 Christus.
673 2084 780 2115 Prima
798 2095 869 2125 pars
885 2087 978 2118 habet

202 2136 279 2167 duas
306 2148 311 2167 :
338 2137 369 2167 in
394 2137 497 2177 prima
521 2140 608 2177 parte
632 2138 821 2169 determinat
846 2139 976 2170 niodum

198 2189 309 2229 judicii
324 2192 480 2230 quantum
496 2191 534 2221 ad
549 2200 596 2228 ea,
614 2200 685 2230 quae
699 2193 771 2221 sunt
789 2192 827 2222 de
846 2192 914 2231 ipso
926 2194 977 2231 ju-

201 2242 296 2280 dicio·‚
314 2243 346 2273 in
362 2243 501 2274 secunda
516 2252 591 2274 vero
604 2244 749 2274 ordinem
766 2246 922 2283 quantum
938 2246 976 2276 ad

201 2303 339 2333 annexa,
357 2295 400 2325 ibi
419 2306 425 2326 :
444 2295 520 2326 Cum
535 2299 639 2328 autem
656 2297 692 2327 in
708 2297 880 2337 Evangelio
896 2298 974 2338 lequ-

201 2351 263 2380 lur.
283 2348 388 2379 Prima
401 2358 473 2388 pars
489 2348 583 2379 habet
598 2349 676 2380 duas
690 2361 695 2380 ι
710 2350 742 2380 in
758 2351 861 2390 prima
876 2351 975 2382 deter-

201 2403 300 2432 minat
330 2402 461 2433 modum
489 2402 729 2441 publicationis3
760 2404 792 2434 in
820 2405 972 2441 secunda,

201 2455 332 2486 modum
357 2455 540 2494 diguitatis,
568 2456 611 2486 ihi
634 2465 641 2486 :
665 2457 736 2488 Non
761 2460 864 2489 autem
890 2458 975 2489 solus

204 2508 346 2540 Christus
353 2508 532 2547 ,iudicabim
548 2508 601 2539 ubi
612 2509 705 2539 etiam
721 2512 765 2540 est
776 2510 853 2541 ordo
863 2519 973 2541 eorum

202 2561 257 2600 qui
273 2560 514 2599 judicabuntur,
533 2563 625 2591 erunt
644 2561 729 2592 enim
745 2562 777 2592 in
795 2563 975 2602 judicandis

236 2641 242 2657 ¹
257 2641 359 2671 Matth„
374 2648 431 2670 xtn,
445 2643 521 2666 49.—
536 2642 543 2656 ²
558 2643 565 2666 Ι
580 2642 648 2672 Corn,
661 2649 703 2673 κν,
715 2645 753 2668 24.
764 2657 793 2662 -
805 2644 813 2658 ³
825 2643 887 2668 Dist.
902 2650 971 2668 xmx.

203 2690 232 2696 -
244 2677 251 2690 ⁴
270 2677 331 2701 Dist.
350 2678 497 2702 va111.--⁵
511 2678 528 2701 ll
547 2678 624 2709 Petra,
642 2685 669 2709 n,
683 2680 721 2703 21.
735 2693 765 2698 -
781 2680 790 2696 ⁸
801 2680 868 2709 Luc.,
883 2686 919 2710 xi,
934 2682 970 2704 26.

1037 1398 1172 1429 ordines.
1191 1398 1340 1429 Similiter
1362 1400 1497 1430 secunda
1513 1410 1601 1440 pars,
1626 1401 1659 1431 in
1680 1411 1743 1441 qua
1757 1403 1810 1433 de-

1038 1452 1186 1482 terminat
1198 1452 1341 1482 ordinem
1351 1456 1506 1492 quantum
1519 1454 1558 1484 ad
1569 1464 1703 1492 annexa,
1716 1455 1812 1485 habet

1037 1504 1115 1534 duas
1129 1507 1233 1544 partes
1249 1516 1255 1535 z
1270 1507 1301 1536 et
1314 1506 1389 1545 quia
1400 1507 1589 1537 antecedunt
1605 1508 1763 1547 quaedam,
1777 1511 1813 1539 ut

1038 1558 1213 1596 praemissio
1229 1559 1436 1597 angelorum,
1453 1562 1483 1590 et
1497 1560 1598 1599 ignisq
1618 1564 1647 1591 et
1665 1561 1811 1601 quaedam

1036 1613 1226 1649 sequuntur,
1253 1614 1287 1641 ut
1310 1612 1459 1642 cruciatio
1478 1613 1701 1644 damnatorum
1720 1625 1726 1644 ;
1743 1614 1812 1645 ideo

1036 1663 1139 1702 primo
1157 1664 1344 1695 determinat
1360 1675 1432 1705 quae
1448 1668 1541 1696 erunt
1557 1667 1624 1705 illa7
1642 1676 1714 1707 quae
1730 1677 1809 1707 prae-

1036 1716 1144 1747 cedent
1155 1718 1324 1757 judicium,
1339 1720 1370 1748 et
1382 1719 1453 1758 quis
1466 1719 1524 1749 erit
1537 1720 1626 1758 ordo,
1641 1720 1696 1750 ubi
1712 1723 1813 1751 osten-

1035 1769 1080 1799 dit
1094 1771 1178 1809 quod
1195 1771 1368 1801 adventum
1384 1771 1499 1802 Christi
1519 1773 1677 1811 praeihnnt
1693 1774 1811 1813 angeli,

1035 1823 1161 1862 praeibit
1187 1823 1396 1854 nihilominus
1418 1824 1504 1863 ignis
1527 1825 1809 1864 conssagratorius;

1035 1877 1184 1913 secundo,
1209 1878 1317 1907 utrum
1343 1877 1558 1907 ministerium
1578 1877 1761 1909 daemonum
1779 1879 1811 1909 in

1035 1929 1211 1968 torquendo
1233 1930 1271 1959 sit
1292 1930 1438 1960 futurum
1456 1932 1524 1970 post
1542 1931 1719 1970 judicium,
1742 1932 1784 1962 ibi
1803 1941 1810 1963 ι

1035 1982 1075 2013 Ec
1090 1983 1166 2014 solet
1181 1984 1283 2022 qmerz'
1299 1986 1405 2014 utrum
1421 1984 1456 2014 in
1472 1984 1616 2022 inferno,
1633 1987 1690 2015 etc.
1715 1985 1753 2015 Et
1767 1986 1810 2016 sic

1034 2035 1086 2065 hic
1105 2035 1167 2065 <luo
1189 2038 1368 2075 tanguntur
1387 2047 1392 2066 :
1410 2037 1549 2076 primum
1573 2039 1619 2067 est
1640 2037 1678 2067 de
1701 2038 1811 2069 ordine

1029 2087 1158 2127 judicii;
1183 2088 1355 2119 secundum
1372 2098 1447 2119 vero
1464 2092 1510 2120 est
1530 2090 1567 2120 de
1581 2090 1648 2127 his,
1664 2099 1738 2130 quae
1752 2100 1808 2121 an-

1034 2150 1115 2171 nexa
1130 2144 1216 2179 sunt,
1234 2144 1264 2172 et
1280 2142 1418 2172 maxime
1434 2142 1471 2172 de
1486 2143 1538 2173 illo
1555 2144 1640 2182 igne,
1662 2144 1716 2183 qui
1733 2153 1810 2183 prae-

1034 2194 1114 2224 cedit
1128 2195 1238 2225 faciem
1252 2195 1378 2234 jtidieis.

1366 2298 1432 2320 DUB.
1458 2299 1477 2319 l.

1033 2358 1069 2382 llli
1085 2360 1169 2382 autem
1187 2359 1262 2383 verba
1276 2360 1369 2390 judicis
1383 2360 1494 2391 audient,
1511 2362 1553 2392 qui
1568 2362 1623 2392 ejus
1638 2362 1712 2386 fidem
1729 2362 1807 2385 verbo

1276 2395 1364 2419 saltem
1377 2399 1498 2427 tenuere,
1515 2399 1563 2421 etc.

1073 2459 1202 2491 Videtur
1222 2461 1282 2492 hoo
1306 2462 1437 2501 salsum,
1463 2464 1537 2503 qnia
1557 2463 1613 2503 qui
1632 2464 1726 2493 fidem
1747 2463 1805 2493 ha-

1032 2513 1113 2551 buit,
1130 2516 1159 2544 et
1170 2523 1234 2545 non
1246 2515 1317 2545 feeit
1329 2516 1412 2555 quod
1429 2516 1505 2547 fides
1518 2516 1656 2553 dictavit,
1673 2516 1805 2555 gravius

1032 2567 1189 2606 peccavit,
1215 2567 1295 2598 sicut
1316 2568 1460 2600 dicitur⁵.
1485 2568 1636 2599 Similiter
1656 2569 1776 2599 Lucas⁶
1794 2581 1800 2599 2

1032 2620 1127 2651 Facta
1145 2624 1220 2653 sunt
1242 2622 1417 2653 novissima
1438 2622 1526 2653 itlius
1542 2623 1680 2654 hominis
1694 2622 1803 2663 pejora

1030 2674 1202 2712 prioribus.
1220 2674 1306 2714 Ergo
1320 2675 1375 2714 ipsi
1392 2678 1465 2705 sunt
1482 2676 1588 2706 minus
1602 2676 1709 2716 digni:
1723 2684 1802 2715 ergo
