1991 3006
49 518 81 537 Ad
99 523 149 542 ops..

61 1795 66 1808 l
79 1798 104 1810 uu

108 1792 161 1809 dmi.

627 217 721 247 DlST.
748 215 879 247 xxxvl.
905 213 993 244 ART.
1021 215 1042 244 l.
1067 213 1220 250 QUAEST.
1245 213 1296 243 111.

422 337 599 375 QUAESTlo
623 336 675 367 111.

166 423 209 448 ,tn
225 420 342 448 conditio
354 419 441 454 prolis
456 420 580 452 sequatur
595 419 695 452 patrem
708 437 716 450 ,
733 417 773 443 vel
788 419 897 442 matrem
915 415 931 440 ¹.

205 501 301 540 Cujus
311 499 521 530 conditionem
533 500 684 537 sequatur
701 497 813 537 proles,
826 499 933 527 utrum

164 554 277 594 patris,
295 561 336 582 an
350 551 477 588 matris3
494 553 524 581 et
546 551 628 590 quod
651 550 764 589 patris,
788 550 932 580 videtur:

165 606 318 647 quoniam
335 604 547 635 denominatio
562 603 629 633 fieri
645 603 736 633 debet
749 612 767 632 a
782 602 935 642 principa-

164 660 235 690 liori
256 661 287 689 et
309 657 447 696 digniori
466 667 472 686 :
497 656 549 687 sed
571 658 660 695 pater
679 658 723 686 est
745 655 883 686 nobilius
906 657 936 685 et

167 712 298 751 dignius
311 710 515 751 principium,
533 718 629 748 quam
647 711 758 745 mater,
776 711 805 739 et
821 708 934 748 princi-

166 765 284 805 palius:
300 773 379 802 ergo
394 763 421 792 si
436 762 541 801 magis
556 762 647 792 debet
662 761 884 801 principiatum
897 763 933 800 lai

166 817 308 856 regulari
321 815 495 847 secundum
510 815 640 853 regulas
656 815 811 853 dignioris
821 815 935 854 princi-

167 871 221 910 pii,
231 870 356 901 videtur
366 868 449 909 quod
460 871 569 908 partus
582 868 693 899 debeat
704 868 791 908 sequi
804 870 936 908 patrem.

208 926 235 953 2.
254 923 331 953 Item
348 923 382 952 in
403 930 490 951 sacra
507 921 668 960 Scriptura
693 931 859 961 nunquam
880 931 937 961 po-

168 977 254 1006 nitur
267 974 456 1014 genealogia
470 974 652 1012 mulierum,
667 974 721 1004 sed
738 974 842 1014 potius
859 975 927 1005 viro

168 1038 240 1059 rum
260 1040 266 1058 :
294 1037 373 1066 ergo
397 1027 560 1066 generatio
584 1027 798 1067 principaliter
823 1030 940 1067 spectat

168 1082 206 1112 ad
222 1082 326 1112 viros:
345 1089 422 1119 ergo
438 1082 469 1110 et
483 1089 617 1119 germen
633 1080 858 1119 generationis.

210 1136 238 1165 3.
257 1134 333 1164 Item
353 1133 555 1173 repromissio
570 1133 607 1163 de
624 1133 744 1163 semine
761 1133 937 1167 benedicto,

170 1187 287 1217 scilicet
305 1186 444 1222 Christo,
460 1186 541 1216 faeta
555 1188 601 1216 est
620 1186 697 1216 viris
716 1186 939 1225 principaliter,

169 1240 315 1280 quamvis
327 1240 414 1269 nasci
425 1239 551 1269 deberet
563 1239 599 1269 de
614 1239 762 1269 muliere:
780 1248 844 1269 non
856 1239 941 1269 enim

170 1293 251 1324 facta
273 1296 320 1324 est
342 1292 545 1332 repromissio
568 1291 671 1328 Sarae,
695 1292 744 1322 vel
764 1291 941 1329 Bersabeae,

172 1346 224 1376 sed
233 1346 394 1376 Abraham
405 1345 441 1383 (b)
456 1348 485 1375 et
495 1345 591 1375 David
605 1354 703 1383 :ergo
718 1345 844 1375 videtur
859 1345 943 1384 quod

173 1399 276 1439 proles
291 1399 396 1438 magis
411 1399 448 1428 sit
465 1398 563 1437 ipsius
580 1398 652 1435 viri,
670 1406 766 1437 quam
781 1397 941 1428 mulieris:

175 1461 265 1490 ergo,
282 1454 340 1481 etc.

214 1508 242 1537 4.
257 1505 335 1536 ltem
346 1505 598 1544 unumquodque
611 1505 846 1544 principiatum,
859 1505 943 1544 quod

176 1558 359 1598 producitur
374 1558 548 1588 secundum
564 1557 789 1595 imitationem,
809 1557 879 1597 plus
895 1567 943 1588 se-

176 1612 286 1651 quitur
304 1611 398 1648 illud,
420 1610 470 1641 cui
495 1610 566 1650 plus
581 1610 792 1640 assimilatur:
815 1610 868 1641 sed
891 1610 945 1640 filii

179 1665 248 1704 plus
262 1664 479 1694 assimilantur
501 1664 578 1703 patri
594 1675 599 1693 ;
618 1672 698 1702 ergo
714 1664 816 1702 magis
833 1664 945 1694 delient

179 1717 266 1756 sequi
282 1718 396 1756 patres.

220 1768 351 1799 Contra:
380 1769 419 1798 De
444 1768 525 1798 natis
549 1777 588 1798 ex
608 1768 706 1798 libero
727 1771 851 1805 ventre,
878 1778 945 1808 cap.

180 1822 281 1859 1111100,
305 1822 378 1852 (11011
398 1821 585 1852 Decretalis:
616 1832 629 1849 α
653 1821 801 1851 Indecens
823 1821 949 1852 videtur

178 1877 213 1905 ut
229 1875 327 1914 geniti
343 1884 382 1904 ex
398 1874 496 1904 libera
512 1874 565 1903 lilii
581 1874 618 1903 ad
635 1875 837 1904 serviendum
854 1877 950 1904 retra-

178 1928 311 1958 hantur:
322 1939 334 1955 u
348 1936 426 1965 ergo
436 1927 489 1966 qui
498 1929 672 1956 nascuntur
682 1936 720 1957 ex
732 1929 832 1956 matre
841 1927 948 1964 libera,

180 1983 253 2011 sunt
268 1980 376 2010 liberi:
395 1989 474 2018 ergo
488 1981 666 2019 sequuntur
683 1982 827 2009 matrem.

222 2033 316 2071 Item,
335 2033 360 2063 si
381 2033 452 2073 quis
471 2033 606 2063 seminat
624 2033 657 2062 in
673 2035 788 2063 terram
804 2033 949 2071 alienam,

182 2087 302 2117 fruetus
323 2088 370 2116 est
393 2086 511 2116 domini
535 2088 643 2122 terrae,
665 2094 728 2116 non
748 2086 948 2116 seminantis:

183 2140 236 2170 sed
251 2141 362 2170 venter
379 2139 521 2169 mulieris
535 2141 679 2178 respectu
695 2139 823 2169 seminis
834 2139 893 2169 viri
907 2142 953 2169 est

183 2193 262 2223 sicut
277 2195 361 2223 terra
381 2194 524 2232 respect-u
544 2192 710 2222 sementis:
733 2200 812 2230 ergo
829 2191 954 2222 videtur

185 2245 271 2284 quod
285 2245 366 2275 sicut
382 2245 504 2276 fructus
517 2245 658 2284 sequitur
674 2248 804 2282 terram,
823 2245 866 2275 ita
882 2254 953 2284 par-

187 2300 236 2328 tus
251 2298 395 2338 sequitur
411 2301 565 2329 ventrem.

226 2350 303 2381 item
317 2351 376 2382 hoc
390 2351 516 2381 videtur
531 2351 563 2381 in
578 2351 785 2389 animalibus,
805 2351 955 2391 quoniam

188 2404 212 2434 si
223 2404 340 2434 animal
352 2405 516 2435 masculini
531 2414 627 2435 sexus
637 2405 829 2444 impraegnat
839 2404 957 2434 animal

188 2458 329 2488 feminini
348 2468 459 2496 sexus,
496 2460 532 2488 ut
561 2467 662 2497 equus
687 2468 817 2497 equam,
854 2458 959 2498 pullus

189 2510 329 2550 sequitur
343 2521 473 2551 equam,
489 2520 552 2542 non
568 2520 705 2550 equum:
724 2520 803 2550 ergo
821 2512 889 2551 pari
906 2521 956 2542 ra-

190 2565 275 2595 tione
290 2564 416 2595 videtur
430 2565 463 2595 in
478 2565 650 2604 proposito.

224 2646 281 2673 ¹Cl.
299 2645 325 2668 S.
340 2644 420 2668 Thom
435 2663 441 2673 ,
454 2645 478 2668 in
494 2645 581 2675 Suppl.
598 2652 622 2675 pi
640 2645 681 2673 ΙΙΙ,
696 2652 721 2675 q.
738 2651 795 2675 Lm,
811 2648 857 2669 art.
873 2648 903 2676 45
919 2646 960 2669 Ri-

192 2680 312 2709 enardus,
330 2679 359 2703 lV
376 2679 454 2709 Seni<⁷
469 2680 527 2703 dist.
544 2686 636 2709 xxxw,
652 2683 698 2703 art.
722 2682 748 2709 5,
769 2688 793 2711 q.
815 2687 847 2709 113
873 2682 960 2711 Steph.

331 2732 404 2754 Tou.
428 2732 471 2754 vr.

1699 213 1756 242 353

1028 280 1105 311 Item
1127 280 1186 310 hoc
1201 279 1326 309 videtur
1345 288 1400 318 per
1415 279 1518 309 simile
1534 279 1566 308 in
1586 277 1755 308 artificiali-

988 334 1062 370 bus,
1085 333 1159 372 quia
1180 333 1205 362 si
1227 332 1297 372 quis
1318 332 1454 362 aedificat
1476 332 1510 362 in
1533 334 1617 362 terra
1638 330 1754 367 aliena,

989 386 1160 416 aedificium
1183 385 1263 416 cedit
1287 385 1369 421 solo,
1390 395 1454 415 nou
1476 385 1579 416 solum
1603 383 1754 415 aedificio:

989 449 1068 478 ergo
1083 439 1107 469 si
1123 439 1195 478 quis
1210 441 1340 478 generat
1355 438 1386 468 in
1402 438 1505 468 alieno
1520 440 1641 475 ventre,
1656 436 1758 476 proles

990 493 1131 532 sequitur
1148 494 1300 522 ventrem.

1260 602 1483 634 coNCLUslo.

994 692 1116 718 conditio
1135 692 1221 726 prolis
1245 692 1364 725 sequitur
1385 693 1493 717 matrem
1515 692 1656 719 secundum
1671 692 1762 727 plures

1029 737 1109 768 Iessos,
1127 736 1188 762 licet
1203 735 1343 762 secundum
1364 735 1471 769 aliquas
1495 737 1617 763 nationes
1637 740 1762 771 sequatur

1029 779 1181 805 deteriorem
1195 781 1309 814 partem.

1035 865 1125 905 Resp.
1144 865 1182 896 ad
1201 874 1272 904 arg.
1296 865 1465 896 Dicendum
1486 866 1570 905 quod
1589 866 1764 897 secundum

994 919 1082 958 leges
1102 918 1211 948 civiles
1222 942 1230 956 ,
1251 918 1316 948 sive
1327 919 1381 957 jus
1396 918 1573 957 imperiale,
1591 920 1699 958 partus
1713 928 1764 949 se-

994 972 1103 1011 quitur
1131 974 1285 1002 ventrem.
1314 971 1352 1001 Et
1379 972 1458 1001 ratio
1484 972 1582 1011 hujus
1607 974 1653 1002 est
1674 972 1766 1003 valde

995 1024 1196 1061 conveniens,
1209 1024 1361 1063 quoniam
1378 1024 1474 1063 prolis
1487 1024 1605 1064 duplex
1620 1026 1667 1054 est
1682 1025 1766 1064 prin-

995 1078 1126 1117 cipium,
1144 1080 1232 1116 pater
1257 1077 1393 1114 scilicet,
1418 1080 1448 1107 et
1470 1080 1579 1108 mater.
1606 1077 1698 1108 Pater
1721 1080 1768 1108 est

995 1131 1185 1170 principium
1200 1130 1434 1167 honorabilius;
1448 1131 1501 1160 sed
1516 1133 1618 1161 mater
1628 1133 1675 1161 est
1685 1131 1768 1170 prin-

996 1185 1114 1224 cipium
1132 1184 1389 1215 substantialius:
1409 1186 1439 1213 et
1458 1183 1528 1213 ideo
1546 1184 1578 1213 in
1592 1183 1769 1214 honoribus

997 1240 1026 1268 et
1050 1237 1230 1276 municipiis
1253 1237 1337 1267 silius
1354 1237 1499 1275 seqnitur
1521 1238 1660 1274 patrem,
1687 1244 1768 1276 quo-

998 1290 1083 1320 niam
1098 1290 1150 1319 illa
1165 1290 1375 1330 acquiruntur
1390 1292 1521 1328 paterna
1537 1289 1746 1320 sollicitudine
1759 1313 1766 1327 ,

998 1345 1026 1373 et
1045 1343 1077 1373 in
1098 1343 1280 1373 haereditate
1300 1342 1528 1381 patrimoniali3
1548 1342 1601 1372 sed
1619 1342 1769 1381 quoniam

999 1398 1099 1426 mater
1120 1398 1167 1426 est
1185 1396 1374 1435 principium
1398 1395 1651 1433 substantialius,
1668 1404 1768 1435 quan-

999 1451 1067 1479 tum
1091 1449 1128 1479 ad
1152 1450 1183 1479 id
1207 1449 1291 1488 quod
1313 1451 1369 1484 est,
1391 1448 1533 1487 sequitur
1557 1450 1713 1478 matrem:
1740 1451 1771 1478 et

1000 1502 1149 1541 quoniam
1170 1502 1296 1532 libertas
1316 1504 1346 1531 et
1367 1501 1502 1531 servitus
1522 1501 1693 1539 respiciunt
1711 1501 1768 1531 ho-

1000 1554 1120 1584 minem
1146 1554 1319 1584 secundum
1341 1554 1369 1583 id
1395 1553 1479 1592 quod
1500 1555 1560 1590 est,
1577 1562 1642 1584 non
1657 1563 1769 1584 secun-

1001 1606 1077 1636 dum
1092 1606 1122 1637 id
1135 1607 1218 1646 qnod
1233 1606 1339 1644 habet,
1352 1606 1425 1636 hinc
1439 1609 1483 1636 esi
1499 1606 1582 1645 quod
1597 1606 1771 1637 secundum

1002 1660 1088 1698 leges
1103 1660 1210 1690 (civiles
1231 1659 1459 1689 rationabiliter
1480 1659 1571 1689 valde
1591 1659 1771 1689 institutum

1002 1716 1058 1750 est,
1077 1715 1111 1743 ut.
1129 1717 1236 1752 partus
1251 1715 1403 1752 sequatur
1418 1715 1579 1742 ventrem:
1595 1714 1626 1742 et
1638 1712 1713 1742 hine
1728 1716 1773 1743 est

1002 1767 1085 1806 quod
1101 1767 1280 1805 conjunctio
1291 1767 1328 1796 ad
1341 1767 1461 1806 prolem
1475 1766 1691 1804 generandam
1707 1775 1772 1796 ma-

1003 1820 1042 1849 tri
1049 1820 1189 1849 monium
1203 1819 1389 1858 appellatur.
1402 1818 1439 1849 Et
1452 1819 1528 1848 huic
1542 1819 1709 1849 coneordat
1718 1821 1774 1858 Jus

1003 1872 1205 1909 canonicum,
1236 1873 1317 1902 sicut
1343 1874 1426 1911 patet
1454 1872 1487 1901 in
1513 1871 1662 1901 Decretali
1687 1872 1775 1911 prius

1006 1926 1114 1965 posita.
1131 1925 1304 1955 Concordat
1325 1925 1420 1955 etiam
1435 1926 1491 1964 J'us
1507 1925 1652 1955 divinum
1674 1925 1775 1964 scrip-

1005 1983 1074 2009 tum
1097 1980 1127 2008 in
1152 1979 1223 2017 lege
1246 1979 1395 2016 Mosaica,
1415 1978 1469 2009 nbi
1484 1978 1597 2008 dicitur
1609 1981 1631 2015 ²,
1649 1979 1733 2018 quod
1749 1979 1775 2008 si

1005 2034 1123 2065 dederit
1139 2042 1273 2064 uxorem
1290 2034 1399 2071 alicui,
1415 2042 1511 2073 quem
1533 2034 1661 2071 emerit,
1679 2035 1710 2064 et
1724 2033 1776 2063 ille

1006 2087 1206 2127 postmodum
1223 2087 1407 2125 egrediatur
1421 2087 1512 2124 liber,
1528 2087 1585 2116 filii
1600 2087 1714 2118 debent
1728 2096 1776 2117 re-

1008 2152 1135 2173 manere
1154 2142 1299 2178 domino,
1324 2142 1380 2181 qui
1399 2142 1484 2172 dedit
1498 2142 1525 2172 ei
1541 2151 1690 2179 uxorem,
1706 2142 1777 2172 licet

1008 2197 1073 2235 ipse
1101 2196 1285 2234 egrediatur
1317 2195 1408 2226 liber.
1441 2196 1613 2226 Concordat
1642 2196 1778 2235 denique

1009 2248 1176 2287 multiplex
1200 2249 1279 2279 ratio
1303 2251 1333 2279 et
1359 2249 1529 2279 similitudo
1553 2249 1724 2279 naturalis:
1749 2251 1780 2279 et

1010 2301 1078 2331 ideo
1093 2301 1168 2340 quia
1183 2301 1243 2331 1100
1257 2301 1352 2331 dictat
1371 2303 1425 2341 Jus
1440 2302 1548 2339 civile,
1571 2304 1601 2332 et
1618 2303 1668 2341 jus
1684 2311 1780 2333 cano-

1011 2355 1117 2384 nicum
1133 2355 1301 2394 approbat,
1320 2357 1350 2385 et
1372 2355 1519 2386 divinum
1544 2357 1728 2394 confirmat,
1751 2359 1782 2388 01

1012 2407 1155 2438 naturale
1178 2408 1395 2445 commendat;
1422 2409 1490 2439 ideo
1513 2411 1596 2439 recte
1615 2409 1782 2440 dicendum

1012 2463 1071 2497 est,
1094 2460 1177 2499 quod
1200 2463 1307 2500 partus
1322 2461 1413 2491 debet
1438 2462 1527 2501 sequi
1549 2465 1706 2493 ventrem.
1724 2462 1784 2493 Ve-

1014 2515 1195 2543 rumtamen
1210 2513 1326 2552 aliquae
1341 2516 1455 2553 partes,
1472 2524 1545 2554 quae
1560 2524 1623 2546 non
1638 2518 1712 2545 sunt
1726 2515 1786 2545 hu-

1018 2610 1120 2640 Brulef„
1134 2611 1162 2633 lv
1176 2611 1255 2641 Sene„
1268 2612 1326 2635 dist.
1341 2617 1430 2641 xxxvi,
1446 2620 1470 2642 q.
1487 2619 1529 2642 1ιι;
1549 2614 1615 2636 Petr.
1629 2613 1659 2636 de
1675 2613 1786 2643 Tarant„

1018 2646 1047 2669 lv
1060 2648 1137 2675 sent„
1149 2646 1206 2670 dist.
1217 2652 1308 2677 xxxvi,
1322 2654 1345 2677 q.
1360 2653 1426 2671 1V.—
1437 2648 1444 2660 ⁷
1454 2648 1608 2677 12'2<o‹l.,xxi,
1618 2649 1669 2671 4.-ῌ
1685 2649 1717 2677 (α)
1727 2648 1788 2672 Coet.

1016 2682 1074 2704 edit.
1091 2681 1269 2711 principatum.
1286 2682 1358 2713 —-(b)
1375 2683 1494 2712 Abraam,
1510 2685 1532 2705 et
1548 2683 1581 2705 sic
1593 2682 1711 2713 deineeps.

1634 2730 1672 2759 23
