1991 3006
96 1549 199 1570 Fundam.

213 145 271 173 160

212 209 297 250 quod
317 208 378 240 hoc
393 205 582 246 intelligitur
598 213 662 236 non
683 205 720 236 de
736 205 981 236 manducatione

214 260 435 293 sacramentali
447 283 456 297 ‚
473 259 524 290 sed
541 258 713 298 spirituali,
730 267 802 298 quae
818 260 863 288 est
879 266 934 297 per
948 258 981 287 fi-

213 315 283 347 dem
299 317 329 345 et
344 313 548 344 charitatem:
567 313 597 342 et
611 311 686 351 quia
700 311 794 349 idem,
809 310 891 350 quod
910 319 978 347 nos,

213 367 413 398 crediderunt
428 367 458 395 et
479 367 686 401 amaverunt,
708 364 852 394 eamdem
876 372 980 393 escam

214 420 511 455 manducaverunt,
526 420 557 448 et
577 418 614 448 de
632 418 741 448 eadem
757 417 894 448 Ecclesia
919 418 981 447 fue-

213 476 288 505 runt
307 484 313 504 :
331 482 388 503 nec
402 474 509 503 tamen
526 471 634 502 eadem
650 473 745 510 signa
760 470 908 500 sensibila
923 469 978 499 ha-

214 528 371 564 buerunt,
400 535 457 556 nec
481 525 590 556 eadem
614 526 808 555 sacramenta
827 534 833 553 z
850 525 880 553 et
902 523 981 553 ratio

216 581 312 621 hujus
328 581 395 610 visa
410 583 456 610 est
470 588 565 619 supra
578 584 599 616 ¹,
618 588 691 609 cum
707 577 861 616 agebatur
876 576 914 607 de
929 585 981 607 sa-

215 635 449 665 cramentorum
473 631 671 663 differentia:
688 633 715 661 ct
739 640 793 670 per
816 631 875 661 hoe
899 632 982 670 patet

217 688 295 718 ratio
310 687 348 718 de
369 686 489 717 unitate
513 684 719 716 ecclesiastica
733 708 740 721 ‚
766 683 842 723 quia
862 683 914 713 illa
937 685 983 713 est

213 741 387 772 secundum
402 740 475 770 fidei
497 738 767 774 convenientiam,
786 746 851 767 non
870 745 983 767 sccun-

213 794 290 825 dum
305 794 577 824 sacramentorum
593 790 846 820 indifferentiam.

255 848 284 877 4.
294 846 423 877 Adillud
434 845 518 885 quod
527 844 674 883 objicitur
686 854 691 873 :
701 842 810 879 «Quod
822 842 910 872 estde
921 842 983 872 die-

215 899 333 930 tamine
347 901 481 935 naturae,
498 899 568 934 etc.;
585 896 753 927 dicendum
769 895 853 935 quod
868 905 982 927 verum

215 955 261 983 est
273 953 305 982 in
321 951 508 988 universali,
520 959 585 980 non
601 950 632 979 in
649 949 786 988 speciali.
805 948 886 978 Bene
897 948 982 978 euim

215 1005 309 1036 dictat
324 1004 404 1035 ratio
426 1006 512 1034 recta
535 1002 635 1033 Deum
658 1012 723 1032 esse
743 1002 926 1040 colendum,
953 1004 983 1032 et

214 1058 253 1088 ad
274 1058 334 1089 hoc
362 1056 511 1096 speciales
540 1056 702 1086 ministros
728 1055 980 1093 constituendos;

214 1111 267 1142 sed
283 1111 335 1142 tali
351 1110 438 1141 cultu
460 1109 644 1146 colendum,
664 1112 693 1140 et
709 1109 770 1139 tale
789 1109 982 1140 sacrificium

215 1163 432 1201 offerendum,
456 1164 487 1193 et
502 1161 597 1193 talem
623 1164 808 1202 potestatem
837 1162 982 1192 collatam

215 1226 282 1248 esse
303 1216 507 1253 hominibus,
533 1216 591 1246 hoc
614 1225 676 1246 non
698 1218 745 1245 est
766 1218 902 1251 naturae,
931 1215 983 1245 sed

214 1271 338 1310 gratiae.

473 1361 653 1400 QUAESTIO
675 1361 724 1392 IV.

335 1450 379 1477 An
398 1450 462 1477 ordo
481 1451 518 1476 sit
537 1458 617 1476 unum
636 1450 827 1476 sacramentum
845 1447 863 1474 ².

257 1536 370 1567 Utrum
383 1536 421 1566 sit
433 1538 667 1566 sacramentum
681 1544 782 1565 unum
791 1558 798 1572 ‚
812 1534 861 1564 vel
875 1534 982 1573 plura3

216 1592 247 1620 et
268 1589 351 1629 quod
378 1589 418 1619 sit
438 1598 558 1625 unum,
576 1588 700 1619 videtur
722 1597 777 1627 per
798 1587 984 1618 divisionum

216 1644 486 1673 sacramentorum
495 1666 503 1680 ,
521 1650 593 1681 quse
608 1642 793 1671 dividuntur
804 1641 834 1670 in
847 1643 983 1679 septem:

217 1697 243 1726 si
266 1705 346 1734 ergo
361 1695 422 1726 alia
437 1704 501 1725 non
519 1694 766 1725 subdividuntur
784 1695 842 1733 (α),
861 1694 987 1724 videtur

217 1749 300 1790 quod
316 1749 393 1779 ordo
408 1749 448 1779 sit
463 1757 564 1779 unum
580 1750 823 1778 sacramentum

257 1802 334 1833 Item
350 1804 584 1832 sacramentum
600 1800 727 1831 unionis
739 1823 746 1837 ⁷
761 1801 827 1830 sive
842 1809 987 1831 commu-

217 1855 336 1893 nionis,
353 1857 399 1885 est
415 1863 518 1885 unum
534 1855 769 1884 sacramentum
790 1865 796 1883 z
816 1862 895 1892 ergo
918 1853 986 1893 pari

216 1908 339 1938 ratione
353 1910 383 1938 et
399 1909 635 1938 sacramentum
650 1907 780 1937 ordinis.

259 1961 337 1992 item
356 1961 395 1991 ab
410 1960 520 1991 eodem
535 1962 582 1990 est
598 1960 704 1990 unitas
715 1983 724 1998 ‚
742 1969 760 1989 a
774 1969 837 1999 quo
853 1962 899 1990 est
919 1968 987 1998 per-

218 2014 309 2044 fectio
325 2016 355 2044 et
369 2013 637 2053 complementum
655 2023 661 2041 :
679 2013 732 2042 sed
753 2014 987 2042 sacramentum

219 2067 337 2098 ordinis
350 2076 453 2098 unum
465 2066 562 2096 habet
571 2066 852 2105 complementum,
871 2065 989 2096 scilieet

219 2120 429 2151 sacerdotium
442 2144 451 2157 ‚
469 2119 553 2159 quod
577 2119 712 2158 complet
736 2127 846 2149 omnes
862 2118 988 2149 ordines

220 2173 432 2212 praecedentes
447 2183 453 2202 ;
472 2181 548 2211 ergo
562 2181 665 2202 unum
679 2174 725 2202 est
736 2174 986 2202 sacramentum.

261 2227 339 2257 Item
354 2250 363 2264 ,
393 2228 510 2265 quanto
539 2225 645 2264 aliqua
671 2224 770 2254 virtus
801 2224 958 2263 potentior
979 2248 987 2262 ,

220 2282 309 2311 tanto
323 2279 426 2318 magis
447 2279 538 2309 unita
554 2289 560 2308 :
579 2287 658 2315 ergo
675 2279 793 2316 quanto
809 2286 989 2307 sacramen-

220 2335 289 2363 tum
316 2333 421 2372 majus
448 2334 479 2362 et
510 2331 713 2362 excellentius
730 2355 739 2369 ,
767 2333 856 2361 tanto
884 2331 990 2369 magis

221 2394 323 2416 unum
341 2396 347 2415 :
366 2385 419 2415 sed
437 2386 669 2414 sacramentum
683 2383 802 2414 ordinis
824 2386 870 2413 est
885 2383 987 2413 excel-

255 2465 332 2489 ²Dist.
343 2471 360 2495 1,
375 2472 399 2495 p.
410 2465 429 2493 1,
444 2466 490 2488 art.
505 2467 524 2494 t,
541 2472 565 2494 q.
579 2470 634 2487 v.—
644 2465 652 2478 ²
664 2466 705 2494 (s.
719 2466 743 2487 θ’.
755 2465 892 2494 Ί“1ωιιι.,ἰι]
903 2464 989 2495 Suppl.

222 2508 248 2532 p.
264 2501 314 2530 111,
331 2508 355 2530 q.
371 2505 449 2527 xxxv,
465 2502 510 2523 art.
533 2500 562 2528 3;
584 2502 607 2522 cl
625 2501 651 2523 ll*
671 2501 750 2529 smel„
766 2500 822 2523 dist.
844 2505 914 2530 xxiv,
929 2508 953 2531 q.
972 2507 989 2531 1,

222 2538 269 2560 art.
291 2538 312 2566 1,
331 2542 355 2566 q.
371 2541 403 2565 v3
427 2535 554 2564 Richard„
577 2535 606 2558 ΙΥ
627 2536 705 2564 Seni„
725 2535 783 2558 dist.
803 2540 876 2564 xxiv,
896 2537 942 2559 art.
966 2538 990 2566 3,

223 2578 248 2602 q,
264 2576 282 2594 11
293 2578 299 2599 ;
311 2570 398 2600 Steph,
416 2569 518 2597 Brules.,
536 2569 565 2593 lV
582 2569 729 2597 Sunt.,‹1ist.
745 2575 816 2599 xxiv,
829 2577 852 2600 ¹1·
870 2576 931 2596 viu:
948 2572 990 2594 Pe-

223 2608 276 2630 trus
287 2605 317 2629 de
332 2606 444 2635 Terent„
456 2606 487 2628 lV
505 2607 583 2633 sent„
598 2604 655 2627 dist.
673 2611 742 2635 xxiv,
759 2612 783 2635 q.
799 2611 834 2628 xl.

770 135 1077 168 SENTEN'HARUM
1102 136 1174 167 Lm.
1202 136 1250 167 111.

1035 204 1119 241 lens,
1141 206 1171 234 et
1189 204 1221 233 in
1242 206 1325 235 statu
1344 203 1507 234 excellenti
1522 204 1652 236 collocat
1674 206 1803 237 ordina-

1035 258 1104 287 tum
1123 267 1129 286 :
1148 266 1227 293 ergo
1239 281 1248 294 ,
1265 259 1323 287 etc.

1077 308 1191 339 Contra
1213 320 1219 339 z
1237 312 1265 340 1.
1288 309 1490 349 Multiplicato
1514 310 1670 347 inferiori,
1695 310 1803 342 multi·
1820 315 1853 336 Ad
1865 321 1915 342 ουρ,

1035 362 1170 401 plicatur
1185 364 1329 402 superius
1346 374 1352 393 ε
1370 363 1423 393 sed
1439 365 1672 394 sacramentum
1686 364 1732 394 est
1750 373 1802 394 su-

1036 415 1142 454 perius
1165 416 1202 446 ad
1227 416 1369 445 ordinem
1388 424 1492 455 :ergo
1514 425 1587 446 cum
1613 416 1675 446 sint
1701 416 1806 456 plures

1035 469 1160 499 ordines
1173 493 1179 505 ,
1199 471 1271 499 sunt
1287 478 1366 507 ergo
1381 469 1472 508 plura
1486 471 1694 500 sacramenta.

1075 524 1104 552 02.
1123 522 1200 552 Item
1213 546 1221 560 ,
1243 531 1316 553 curn
1336 522 1455 552 ordinis
1470 524 1705 552 sacramentum
1720 521 1806 552 divi-

1036 574 1138 613 datur,
1154 577 1207 606 aut
1219 584 1298 614 ergo
1313 576 1344 605 in
1355 577 1458 615 partes
1471 575 1655 614 integrales,
1668 577 1722 606 aut
1735 574 1808 605 sub·

1033 628 1189 667 jectivas:
1218 638 1280 659 non
1303 629 1333 658 in
1357 629 1392 666 th}
1417 628 1606 667 integrales,
1627 628 1702 668 quia
1720 627 1807 658 nulla

1036 690 1108 721 pars
1124 681 1292 720 integralis
1304 681 1414 720 recipit
1430 681 1685 720 praedicationem
1698 680 1746 711 sui
1762 682 1807 711 to-

1037 735 1116 772 tius,
1142 734 1196 764 sed
1216 734 1344 773 quilibet
1369 734 1490 773 gradus
1511 733 1742 764 ecclesiasticus
1760 735 1807 764 est

1037 788 1114 818 ordo
1129 799 1136 824 3
1167 788 1191 816 si
1218 787 1249 817 in
1271 787 1479 826 subjectivas,
1513 796 1592 825 ergo
1615 787 1695 817 redit
1723 786 1806 817 idem

1036 841 1120 880 quod
1136 840 1224 880 prius
1235 864 1242 876 ,
1260 840 1345 878 quod
1360 839 1438 870 illud
1453 841 1686 870 sacramentum
1701 839 1808 870 multi-

1036 894 1182 933 plicatur.

1078 949 1106 977 3.
1126 947 1204 976 Item
1219 946 1279 976 hoc
1300 947 1532 976 sacramentum
1556 947 1602 975 est
1626 944 1808 975 ordinatum

1037 1000 1076 1030 ad
1087 999 1355 1040 dispensationem
1366 998 1503 1029 aliorum
1515 999 1785 1028 sacramentorum
1800 1007 1807 1028 :

1036 1054 1087 1084 sed
1097 1053 1157 1083 alia
1167 1055 1363 1083 sacramenta
1372 1052 1522 1082 differunt
1528 1051 1629 1091 specie
1644 1061 1650 1080 ;
1666 1059 1746 1090 ergo
1756 1059 1810 1090 po-

1038 1107 1143 1137 tentia}
1155 1106 1307 1137 ordinatae
1319 1105 1357 1136 ad
1368 1106 1419 1135 illa
1429 1105 1542 1136 debent
1553 1104 1679 1135 differre
1690 1103 1806 1143 specie:

1039 1169 1117 1199 ergo
1140 1159 1264 1189 videtur
1289 1158 1373 1198 quod
1394 1158 1475 1189 istud
1496 1159 1729 1188 sacramentum
1754 1164 1809 1196 per

1039 1214 1157 1253 species
1173 1213 1312 1243 diversas
1328 1212 1534 1251 plurisscetur.

1081 1272 1110 1299 4.
1127 1267 1204 1297 Item
1219 1267 1362 1297 sacerdos
1374 1275 1446 1297 cum
1456 1265 1615 1296 sacerdote
1631 1264 1726 1294 habet
1737 1272 1810 1294 con-

1040 1318 1231 1350 venientiam
1253 1318 1284 1347 in
1299 1319 1496 1347 sacramento
1520 1316 1639 1347 ordinis
1658 1314 1734 1346 :sed
1759 1323 1808 1344 sa-

1041 1373 1149 1403 cerdos
1165 1382 1237 1402 cum
1259 1372 1389 1403 diacono
1410 1371 1505 1401 habet
1524 1369 1756 1400 distinctionem
1780 1369 1811 1398 et

1041 1426 1249 1456 differentiam
1264 1437 1271 1463 3
1288 1427 1409 1455 constat
1425 1424 1509 1463 quod
1532 1432 1596 1453 non
1615 1422 1719 1453 solum
1740 1430 1810 1452 ma-

1041 1479 1182 1509 terialem
1196 1490 1202 1515 ;
1233 1488 1310 1517 ergo
1333 1477 1509 1517 specificam
1540 1477 1634 1506 habet
1658 1475 1810 1506 differen-

1041 1533 1118 1562 tiam
1132 1544 1137 1563 z
1154 1541 1233 1570 ergo
1249 1541 1321 1561 cum
1338 1533 1510 1569 utrumque
1526 1530 1643 1559 horum
1658 1529 1698 1559 sit
1711 1526 1816 1559 sacra-'

1044 1588 1197 1622 mentum,
1211 1585 1335 1615 videtur
1347 1584 1431 1623 quod
1442 1583 1562 1613 ordinis
1577 1584 1810 1613 sacramentum

1042 1639 1182 1669 diversas
1197 1638 1309 1667 habeat
1323 1637 1440 1676 species
1455 1638 1738 1666 sacramentorum.

1318 1751 1539 1783 CONCLUSlO.

1044 1835 1244 1861 Sacramentum
1260 1834 1362 1860 ordinis
1377 1836 1412 1861 est
1427 1841 1523 1863 unum,
1539 1833 1602 1860 licet
1616 1832 1710 1859 habeat
1723 1832 1814 1866 plures

1082 1881 1174 1913 partes
1187 1870 1372 1913 potestativas,
1387 1886 1445 1912 quoe
1458 1878 1618 1904 ordinantur
1633 1876 1668 1903 ad
1681 1883 1771 1903 unum.

1085 1960 1176 1999 Resp.
1194 1959 1231 1990 ad
1247 1968 1316 1998 arg.
1341 1959 1512 1989 Dicendum
1529 1958 1613 1998 quod
1633 1965 1815 1988 sacramen-

1044 2015 1115 2042 tum
1129 2012 1250 2042 ordinis
1266 2021 1370 2042 unum
1387 2014 1450 2048 est3
1467 2011 1584 2041 multas
1598 2013 1704 2041 tamen
1718 2010 1815 2041 habet

1046 2068 1165 2105 partes,
1185 2073 1257 2104 quae
1273 2066 1506 2094 sacramentum
1530 2072 1594 2093 non
1616 2063 1812 2102 plurificant,

1045 2128 1102 2158 pro
1119 2127 1156 2149 eo
1169 2118 1253 2158 quod
1268 2126 1332 2148 non
1347 2119 1421 2147 sunt
1433 2116 1563 2146 omnino
1574 2118 1678 2155 partes
1693 2115 1816 2154 subjec-

1045 2172 1119 2202 tivae
1127 2196 1138 2211 ,
1156 2174 1186 2202 et
1201 2173 1308 2201 tamen
1322 2170 1479 2210 recipiunt
1494 2168 1749 2209 praedicationem
1765 2170 1812 2199 to-

1044 2225 1109 2256 tius
1121 2249 1129 2264 ⁷
1158 2225 1234 2265 quia
1260 2227 1408 2255 naturam
1435 2223 1551 2254 habent
1578 2222 1814 2262 quodammodo

1046 2278 1184 2318 partium
1200 2277 1450 2317 subjectivarum
1466 2287 1472 2306 z
1488 2278 1518 2307 et
1532 2275 1610 2306 tales
1622 2278 1696 2306 sunt
1710 2277 1814 2315 partes
1833 2280 1903 2308 Ειριῑ.

1044 2332 1252 2372 potestativae,
1266 2340 1339 2371 quae
1351 2330 1489 2360 maxime
1500 2331 1683 2368 competunt
1695 2328 1811 2366 ordini,

1045 2387 1116 2416 tum
1130 2385 1205 2424 quia
1213 2384 1289 2414 ordo
1299 2384 1416 2414 dicitur
1426 2383 1568 2413 ordinata
1579 2383 1726 2421 potestas,
1740 2390 1812 2420 quae

1046 2447 1086 2469 ex
1100 2437 1298 2468 ordinatione
1311 2436 1485 2467 multorum
1500 2435 1539 2466 ad
1557 2443 1658 2465 unum
1674 2434 1815 2465 redditur

1046 2492 1198 2531 perfecta,
1214 2492 1244 2520 et
1259 2489 1418 2529 quodlibet
1433 2489 1561 2519 illorum
1579 2487 1746 2527 participat
1760 2496 1811 2518 ra-

1079 2570 1110 2598 (a)
1126 2570 1186 2594 Coet.
1201 2569 1262 2593 edit.
1277 2569 1424 2593 dividuntur
1440 2576 1445 2591 :
1462 2568 1482 2592 si
1496 2568 1616 2599 ergojyalia
1631 2575 1684 2592 non
1698 2568 1812 2592 subdivi-

1047 2606 1138 2629 duntur
1154 2605 1179 2628 iu
1194 2608 1300 2636 septem.
1314 2618 1342 2622 —
1358 2604 1390 2634 (b)
1405 2604 1463 2627 Czet.
1477 2603 1538 2627 elit.
1554 2604 1622 2627 deest
1638 2605 1672 2628 in-
