1991 3006
133 822 220 845 Quomo-

125 852 152 871 do
171 851 230 871 intel·

134 883 213 909 ligatur

125 914 221 935 Christus

123 945 188 972 judex
201 945 230 963 vi-

125 983 196 997 vorum
211 979 229 995 ut

131 1011 221 1028 mortuo-

149 1045 194 1058 run·

131 1082 221 1103 Quom.)—

124 1111 151 1131 do
157 1116 230 1131 ouant-s

148 1143 214 1163 incur·

125 1174 180 1200 rupti
200 1180 230 1193 ιυ-

129 1208 224 1231 surgent.

248 169 306 198 448
805 164 1114 196 SENTENTIARUM
1137 164 1210 196 LlB.
1238 165 1285 196 lV.

251 238 311 276 tos,
327 234 386 278 qui
402 233 606 277 reperientur
621 232 748 266 Christo
766 232 917 265 veniente
940 232 1106 273 viventes,
1132 232 1227 277 eique
1252 232 1382 265 obviam
1409 232 1590 276 rapientur,
1607 232 1840 266 crediderimus

251 292 284 324 in
301 292 413 324 eodem
428 296 523 335 raptu
540 290 579 324 de
596 290 788 323 mortalibus
802 290 993 334 corporibus
1011 290 1166 331 exituros,
1185 294 1215 322 et
1231 289 1271 322 ad
1290 291 1400 323 eadem
1419 301 1494 323 mox
1508 290 1706 323 immortalia
1719 290 1841 324 reditu-

250 362 314 391 rOS‚
331 350 438 383 nullas
460 349 493 381 in
513 349 621 381 verbis
644 348 791 392 Apostoli
816 348 978 392 patiemur
999 348 1185 390 angustias,
1208 348 1404 390 generaliter
1423 348 1614 392 accipientes
1634 347 1734 388 illud,
1751 347 1840 392 quod

249 408 370 441 dictum
387 411 433 439 est
448 407 456 423 ¹
474 419 480 439 :
505 408 625 439 Omnes
639 405 768 451 quidem
786 415 989 449 resurqmmcs
1002 432 1010 445 ‚
1028 406 1148 438 scilicet
1164 410 1228 438 tam
1245 405 1323 438 boni
1338 417 1437 449 quam
1454 405 1530 438 mali
1544 418 1551 447 ;
1573 404 1630 438 sed
1647 416 1712 438 non
1729 415 1841 438 omnes

248 465 514 504 immutabimur,
532 464 653 497 scilicet
677 464 710 496 in
734 463 972 496 solemnitatum
992 464 1247 496 resurrectionis.
1271 464 1315 496 De
1340 464 1400 496 hoc
1423 464 1520 496 etiam
1546 463 1739 496 Ambrosius
1766 463 1836 496 ait:

251 537 267 555 «
284 523 321 555 In
338 523 407 568 ipso
423 527 517 567 raptu
531 533 663 561 corum,
683 522 738 566 qui
756 521 823 554 rivi
840 521 1054 565 1·‹.¹1'›erientur‚
1080 533 1166 554 mors
1191 522 1252 554 erit
1271 526 1302 554 ct
1317 521 1530 561 resurrectio,
1549 520 1605 553 ubi
1620 521 1730 554 anima
1744 520 1839 564 quasi

249 591 305 624 per
319 591 467 623 soporem
482 591 608 623 egressa
623 580 662 611 de
678 590 823 623 corpore,
839 578 944 611 cidem
961 579 993 611 in
1011 583 1175 612 momento
1197 579 1363 611 reddatur.
1383 592 1398 610 »
1417 579 1536 611 Contra
1552 589 1629 611 vero
1643 578 1786 611 scribens
1799 578 1841 610 ad

248 638 435 671 Marcellam
467 638 689 682 Hieronymus
712 637 822 669 testari
856 636 997 677 videtur,
1024 637 1132 670 dicens
1165 637 1322 681 quosdam
1349 637 1382 669 in
1414 637 1479 669 fine
1511 637 1621 670 saeculi
1647 635 1841 670 adveniente

249 696 376 730 Christo
392 708 457 729 non
479 707 546 729 esse
568 696 756 736 morituros,
779 695 834 727 sed
855 695 948 727 vivos
966 700 1109 738 repertos
1134 695 1168 727 iu
1192 695 1471 727 immortalitatem
1496 699 1627 739 repente
1654 693 1838 727 mutandos.

249 754 374 787 Horum
391 759 499 787 autem
517 753 596 798 quid
613 753 723 786 verius
739 753 796 794 sit,
814 764 880 785 non
896 757 943 785 est
957 752 1093 785 humani
1110 752 1225 796 judicii
1239 752 1395 785 diffinire.

294 812 352 844 llis
369 816 477 845 autem
494 810 711 854 adjiciendum
739 814 803 851 est,
821 816 831 832 ‘³
854 810 1028 854 dupliciter
1051 810 1192 853 intelligi
1217 810 1305 854 quod
1328 810 1448 842 dieitur
1469 810 1616 843 Christus
1637 809 1842 854 judicaturus

252 870 343 903 vivos
365 875 395 902 et
418 874 575 902 mortuos.
599 870 667 901 Aut
686 869 774 901 enim
801 868 867 900 vivi
891 868 1109 912 accipiuntur,
1136 868 1193 912 qui
1218 868 1251 900 in
1272 868 1414 901 adventu
1440 868 1510 912 ejus
1534 868 1602 900 vivi
1624 867 1840 912 reperientur,

249 928 323 961 licet
339 928 373 960 in
389 932 482 972 raptu
500 927 694 968 moriantur,
712 932 742 959 et
762 926 881 959 mortui
894 952 902 968 ,
918 926 976 970 qui
995 930 1069 959 ante
1083 926 1302 967 decesserant3
1324 926 1375 958 vel
1390 926 1458 959 vivi
1473 925 1525 959 vel
1541 925 1662 958 mortui
1679 924 1845 969 accipiun-

251 986 391 1030 turjnsti
408 990 438 1018 et
453 985 579 1029 injusti.

296 1045 445 1088 Cumque
467 1055 506 1076 ex
532 1042 692 1087 praedictis
715 1054 791 1075 sane
815 1042 902 1075 credi
928 1042 1033 1075 valeat
1055 1053 1168 1075 omnes
1191 1046 1444 1082 resurrecturos,
1469 1041 1669 1074 credendum
1685 1045 1732 1074 est
1745 1040 1843 1074 etiam

250 1102 338 1147 quod
367 1113 479 1135 omnes
507 1104 678 1143 resurgent
702 1100 883 1144 incorrupti
914 1113 920 1132 :
956 1112 1021 1133 non
1052 1101 1166 1144 utiquc
1192 1100 1424 1144 impassibiles,
1447 1099 1525 1144 quia
1550 1099 1679 1144 reprobi
1707 1103 1843 1132 mortem

250 1160 415 1204 palientnr
430 1164 583 1192 aeternam
598 1172 605 1200 3
630 1158 684 1191 sed
700 1158 769 1190 sine
784 1158 1004 1191 diminutione
1020 1158 1245 1190 membrorum
1262 1158 1373 1190 omnia
1389 1157 1525 1190 humani
1539 1157 1683 1201 corporis
1699 1156 1845 1190 habituri

251 1218 409 1259 membra,
426 1228 484 1250 nec
503 1222 609 1250 tamen
626 1217 730 1260 gloria
744 1228 780 1249 ac
791 1228 845 1260 spe
861 1216 1133 1260 impassibilitatis
1144 1215 1335 1248 induentur.

436 1354 643 1386 EXPOSITIO
666 1353 832 1386 TEXTUS.

292 1448 423 1471 Postremo
439 1447 469 1470 de
487 1446 632 1470 conditione
647 1445 849 1476 resurrectionis,
866 1448 891 1469 et
906 1445 982 1469 modo

501 1481 687 1513 resurgentium
697 1500 704 1512 ,
720 1484 767 1505 etc.

287 1568 467 1598 Terminata
488 1571 575 1607 parte
593 1568 757 1608 principali
774 1568 873 1606 hujus
886 1568 969 1604 libri,
987 1567 1018 1596 in

248 1631 312 1662 qua
323 1621 474 1661 Magister
484 1622 707 1652 determinavit
722 1620 761 1651 de
776 1620 910 1651 sanitate
923 1629 1019 1660 quam

248 1678 520 1705 sacramentorum
537 1675 767 1705 medicamenta
779 1674 957 1710 conferunt⁷
973 1682 1021 1703 se—

249 1729 358 1768 quitur
370 1738 441 1768 pars
456 1729 488 1758 in
504 1738 569 1768 qua
583 1729 651 1766 agit
666 1728 702 1756 ‹lo
720 1727 853 1757 sanitate
870 1727 907 1758 ad
924 1736 1021 1766 quam

251 1784 448 1812 sacramenta
478 1782 660 1821 disponunt.
692 1780 801 1811 Prima
830 1783 876 1810 est
904 1780 1023 1810 sanitas

252 1836 411 1874 gratuita3
435 1835 573 1865 secunda
595 1837 640 1864 est
667 1834 818 1872 gloriosa.
842 1833 946 1863 Prima
978 1835 1024 1863 est

252 1889 329 1926 viae;
347 1889 501 1925 secunda,
515 1888 636 1928 patriae.
656 1888 763 1918 Prima
784 1890 828 1917 est
846 1887 989 1917 liberatio
1005 1896 1023 1916 a

169 1968 226 1987 „iw-
251 1942 364 1982 culpa3
383 1942 539 1979 secunda,
563 1951 581 1971 a
602 1941 740 1971 miseria.
759 1940 795 1971 Et
810 1941 962 1980 quoniam
984 1940 1022 1970 ad

251 1995 333 2025 hanc
358 1994 494 2033 gloriam
525 1994 702 2024 habendam
731 1994 892 2024 concurrit
915 2002 1022 2022 resur·

251 2049 358 2086 rectio,
388 2050 418 2078 et
442 2048 601 2078 concurrit
621 2047 793 2086 judicium;
820 2046 891 2076 ideo
918 2045 1024 2085 primo

253 2101 442 2131 determinat
463 2100 501 2130 de
524 2099 774 2136 resurrectione,
792 2098 931 2129 secundo
947 2107 1023 2128 vero

251 2155 432 2193 (lejtldieiO,
449 2154 547 2184 insra³
562 2166 568 2184 :
585 2154 666 2185 Solet
681 2154 775 2185 etiam
791 2153 904 2193 φαεν-ἱ,
916 2152 1020 2192 qnali-

253 2211 300 2250 ζει·
309 2207 570 2246 clabitur-judicii
578 2208 744 2241 sententia,
755 2209 813 2237 etc.
830 2205 934 2236 Prima
952 2215 1025 2245 pars

253 2261 348 2291 habet
365 2261 459 2298 duas3
477 2261 628 2301 quoniam
644 2261 729 2290 enim
750 2261 781 2289 in
795 2259 1024 2290 resurrectione

254 2315 361 2345 anima
392 2318 535 2354 separata
564 2314 750 2353 sejungitur
778 2313 927 2353 corpori,
954 2312 1025 2343 ideo

253 2368 355 2407 primo
379 2368 447 2406 agit
470 2368 507 2397 de.
527 2377 662 2397 resur-rc«
674 2367 778 2404 tione,
796 2366 934 2396 secundo
949 2374 1025 2395 vero

253 2421 291 2452 de
305 2423 390 2451 statu
406 2421 520 2450 animae
536 2423 701 2459 separalae,
719 2420 801 2449 infra
816 2420 826 2435 ⁸
844 2430 850 2449 :
867 2420 1025 2450 Praeterea

255 2474 417 2506 sciendum
430 2477 486 2510 est,
508 2472 592 2512 quod
605 2481 710 2504 ornnes
725 2474 860 2510 (mimice,
878 2474 936 2502 etc.
955 2472 1026 2502 Pri-

252 2536 305 2558 ma
320 2536 393 2567 pars
416 2526 510 2557 habet
538 2526 615 2556 duas
635 2537 641 2555 2
660 2526 693 2555 in
715 2526 818 2565 prima
838 2525 1028 2555 determinat

287 2608 313 2631 ¹1
330 2608 397 2637 Cor„
413 2612 456 2635 xv,
472 2608 512 2630 51.
521 2619 550 2623 -
562 2606 572 2622 2
583 2606 657 2636 Aug..
669 2604 808 2633 Euclio-id„
824 2612 847 2629 c.
861 2605 940 2634 1.v,in
949 2612 1026 2630 serm.

253 2657 279 2660 -
297 2643 306 2659 ³
319 2644 380 2667 Uist.
397 2648 486 2667 xuni.
499 2655 528 2659 -
541 2642 550 2658 ⁶
564 2641 627 2665 Dist.
644 2646 741 2665 uin-
755 2641 765 2656 ⁵
775 2640 836 2664 nist.
853 2647 921 2665 nvi.

1078 1354 1116 1384 de
1132 1353 1362 1384 resurrectione
1377 1353 1550 1384 secundum
1574 1353 1604 1384 id
1628 1352 1713 1392 quod
1733 1354 1798 1389 est;
1814 1351 1850 1381 in

1079 1407 1234 1445 secunda,
1254 1409 1410 1446 quantum
1432 1407 1471 1437 ad
1495 1407 1647 1444 modum,
1664 1406 1731 1437 sive
1745 1413 1850 1445 quan-

1078 1463 1148 1491 tum
1163 1460 1202 1491 ad
1218 1460 1402 1500 qualitatem
1414 1462 1445 1490 et
1459 1459 1670 1499 quidditatem
1683 1466 1850 1497 resurgen-

1078 1514 1159 1544 tium
1173 1537 1180 1549 ,
1206 1514 1290 1543 inl'ra
1303 1514 1313 1529 ⁵
1331 1524 1336 1543 :
1358 1513 1466 1544 Solent
1487 1516 1590 1544 autem
1609 1511 1758 1542 nonnulli
1777 1518 1850 1550 per-

1079 1569 1220 1605 comari,
1246 1569 1304 1597 etc.
1332 1566 1439 1597 Prima
1465 1575 1538 1606 pars
1568 1566 1663 1596 habet
1689 1565 1790 1596 duas:
1818 1564 1850 1594 in

1078 1622 1181 1660 prima
1207 1620 1344 1660 procedit
1367 1629 1422 1659 per
1444 1619 1575 1650 modum
1591 1618 1800 1655 narrationis3
1817 1617 1851 1647 in

1078 1675 1234 1712 secunda,
1265 1684 1319 1714 per
1348 1674 1479 1704 modum
1511 1672 1744 1713 inquisitionis,
1774 1671 1818 1702 ibi
1841 1679 1850 1701 ε

1080 1728 1139 1759 Hic
1154 1728 1310 1768 quoerz'lur
1330 1730 1437 1759 utrum
1463 1727 1568 1758 electis
1583 1729 1657 1758 lunc
1671 1725 1772 1764 adsit,
1789 1727 1848 1756 etc.

1081 1781 1187 1812 Prima
1210 1790 1283 1821 pars
1303 1781 1397 1811 habet
1417 1783 1480 1810 tres
1496 1789 1504 1810 ε
1521 1780 1552 1809 in
1568 1779 1673 1819 prima
1695 1780 1784 1818 parte
1798 1787 1848 1808 os-

1079 1835 1178 1865 tendit
1199 1834 1464 1865 resurreetiOnem
1485 1842 1552 1863 esse
1576 1833 1734 1869 suturam;
1751 1831 1785 1861 iu
1801 1839 1849 1861 se-

1079 1888 1182 1918 cunda
1202 1896 1278 1918 vero
1299 1887 1489 1917 determinat
1511 1885 1750 1916 resurrectionis
1774 1893 1852 1916 cau-

1079 1950 1166 1977 sam,
1184 1941 1246 1971 ibi:
1275 1940 1378 1971 Causa
1399 1940 1486 1971 enim
1507 1939 1748 1971 resurrectionis
1766 1945 1854 1969 mor-

1079 1997 1203 2025 tum-mn
1214 2018 1221 2029 ‚
1237 1997 1315 2030 etc.;
1333 1994 1364 2023 in
1380 1993 1471 2023 tertia
1486 1992 1677 2023 determinat
1691 2000 1852 2022 resurrec-

1080 2047 1174 2076 tionis
1186 2047 1312 2083 horam,
1328 2046 1368 2075 ibi
1382 2056 1388 2075 :
1405 2045 1626 2077 Mediaazctem
1637 2048 1724 2077 nocte
1732 2044 1854 2076 dicitur

1079 2104 1248 2135 venturus,
1266 2102 1338 2136 etc„
1356 2099 1410 2129 uhi
1428 2099 1543 2128 dicitur
1558 2098 1644 2138 quod
1658 2098 1732 2128 dicit
1744 2106 1854 2128 resur-

1079 2153 1252 2184 rectionem
1270 2153 1413 2183 futuram
1435 2151 1539 2182 media
1554 2153 1661 2189 nocte,
1677 2159 1742 2181 non
1756 2159 1855 2190 prop-

1080 2208 1128 2237 ter
1143 2206 1296 2246 temporis
1311 2205 1494 2245 qualitatem
1507 2228 1516 2242 ,
1536 2204 1588 2234 sed
1610 2203 1714 2243 potius
1728 2205 1855 2243 propter

1080 2259 1169 2290 horae
1183 2259 1450 2290 incertitudinem.
1461 2257 1612 2289 Similiter
1621 2256 1759 2287 secunda
1768 2265 1852 2296 pars,
1888 2279 1894 2285 .

1080 2313 1114 2343 in
1129 2322 1194 2352 qua
1208 2313 1348 2352 procedit
1363 2311 1514 2350 Magister
1529 2319 1586 2350 per
1600 2309 1731 2340 modum
1745 2309 1854 2348 inqui-

1080 2366 1222 2402 sinonis,
1248 2364 1465 2395 determinans
1489 2366 1626 2403 quatuor
1649 2362 1853 2399 dubitabilia,

1082 2428 1155 2459 quae
1173 2419 1291 2448 habent
1308 2421 1414 2448 ortum
1429 2426 1468 2447 ex
1483 2416 1589 2446 verbis
1602 2415 1765 2455 Apostoli,
1781 2422 1854 2454 quae

1081 2472 1169 2512 prius
1185 2474 1267 2502 tacta
1290 2473 1363 2502 sunt
1375 2495 1384 2508 ,
1400 2472 1537 2510 quatuor
1552 2469 1646 2499 habet
1661 2467 1830 2508 particulas
1843 2492 1853 2506 ,

1081 2525 1114 2555 in
1128 2525 1245 2564 quibus
1271 2524 1326 2554 illa
1346 2523 1442 2554 dubia
1465 2522 1653 2553 determinat
1679 2532 1686 2552 ;
1705 2522 1738 2552 in
1752 2521 1855 2561 prima

1081 2578 1198 2618 quaerit
1211 2578 1249 2608 de
1265 2577 1417 2608 memoria
1431 2576 1617 2615 electorum,
1627 2585 1668 2606 an
1684 2577 1759 2606 tunc
1772 2582 1855 2615 prae·

1083 2631 1224 2662 cedentia
1242 2631 1326 2662 mala
1340 2632 1460 2668 teneat;
1478 2629 1510 2659 in
1530 2628 1667 2660 secunda
1681 2627 1800 2669 quaerit
1813 2626 1854 2658 de
