1991 3006
576 233 674 264 DIST.
697 233 774 264 XLI.
796 231 886 263 ART.
913 232 934 263 l.
957 231 1107 269 QUAEST.
1132 231 1184 262 111.

83 299 262 338 dicendum,
278 300 361 340 quod
376 300 551 331 secundum
566 301 743 337 veritatem,
760 302 790 330 et
805 308 850 330 se-

82 353 222 383 eundum
238 355 364 392 tempus
376 362 517 393 praesens
540 353 678 383 affinitas
701 362 766 383 non
790 361 845 391 ge-

81 408 170 436 neret
190 406 394 443 affinitatem,
417 408 452 436 ut
474 406 528 446 qui
550 408 596 436 est
613 406 718 436 affinis
737 405 846 443 alicui,

82 459 235 489 efficiatur
255 459 358 489 affinis
380 459 481 496 affini,
508 459 557 490 vel
582 459 637 498 qui
655 462 701 489 est
720 460 849 498 junctus

81 511 246 541 carnaliter
260 520 334 541 cum
349 511 472 551 aliqua,
488 521 544 551 per
563 512 623 541 hoc
637 512 790 542 efficiatur
803 512 847 542 af-

82 563 154 594 finis
172 563 319 594 affinibus
341 564 422 601 suis;
444 565 509 595 imo
533 565 637 595 solum
656 565 850 604 consangui-

82 617 149 648 neis
166 628 172 647 :
189 626 247 647 nec
266 617 370 656 surgit
394 618 530 648 affinitas
551 627 591 648 ex
617 618 849 657 consanguini—

82 672 144 701 tate
163 672 193 700 et
211 670 361 702 affinitate
373 694 382 708 ‚
404 671 457 701 sed
474 671 576 702 solum
596 680 636 702 ex
656 671 849 710 consangui-

82 723 189 761 nitate,
206 725 236 753 et
247 723 349 754 carnis
364 724 607 755 commixtione:
622 724 796 755 etrationes
811 724 850 755 ad

81 776 141 807 1100
154 776 291 807 indnctae
307 779 381 807 sunt
393 777 612 808 concedendae.

122 832 136 859 1
157 831 188 860 et
203 831 233 859 Ξ.
255 829 304 859 Ad
326 829 402 860 illud
423 839 517 869 ergo,
535 830 619 869 quod
643 829 791 869 objicitur
813 830 852 860 de

82 885 144 916 illis
158 885 281 916 duabus
295 885 533 916 auctoritatibus
543 910 551 923 ,
569 885 749 922 dicendum,
765 885 849 924 qnod

83 940 257 969 retractatae
272 940 356 976 sunt,
372 947 430 969 nec
444 938 505 969 illae
516 938 684 978 prohibent
699 939 852 977 001111100-

83 991 202 1022 tionem
224 991 319 1022 talem
340 994 468 1031 propter
490 992 657 1023 vinculum
678 993 851 1029 affinitatis,

83 1045 137 1075 sed
150 1047 277 1084 propter
286 1045 443 1084 justitiam
456 1045 590 1084 publicae
606 1045 788 1076 honestatis.

123 1100 151 1128 3.
175 1098 223 1128 Ad
244 1098 321 1128 illud
344 1098 429 1138 quod
452 1098 617 1138 objicitur,
643 1098 727 1138 quod
750 1098 853 1128 carnis

82 1151 266 1182 commixtio
276 1151 353 1182 adeo
364 1152 474 1191 jungit
486 1154 519 1182 ut
530 1152 727 1191 propagatio,
746 1152 853 1182 dicen-

82 1205 160 1235 dum
175 1204 276 1244 quod,
292 1204 317 1234 si
340 1204 478 1244 loqueris
494 1205 527 1234 in
543 1214 586 1242 se,
606 1207 637 1235 et
658 1214 713 1244 per
732 1214 775 1242 se,
792 1205 853 1235 fal-

82 1267 154 1288 sum
169 1259 215 1288 est
235 1267 241 1286 :
261 1266 335 1287 nam
349 1259 437 1297 pater
460 1266 524 1288 non
539 1259 639 1297 potest
665 1257 852 1288 contrahere

82 1319 155 1341 cum
178 1310 259 1348 filia,
285 1319 382 1350 qnam
406 1310 576 1349 cognovit3
602 1310 656 1340 sed
681 1310 730 1340 vir
753 1313 853 1349 potest

82 1364 269 1394 contrahere
292 1372 365 1393 cum
390 1363 539 1401 muliere,
566 1372 662 1403 quam
688 1364 850 1402 cognovit.

83 1417 183 1448 Habet
206 1419 313 1448 tamen
340 1417 400 1447 hoc
425 1417 591 1447 veritatem
615 1426 671 1456 per
689 1417 849 1455 accidens,

83 1471 312 1510 praesupposita
326 1471 618 1509 consanguinitate,
643 1470 728 1509 qnod
747 1472 849 1510 patet:

81 1523 157 1563 quia
175 1531 257 1553 uxor
276 1523 337 1553 viri
361 1523 403 1553 ita
420 1523 598 1562 propinqua
619 1523 754 1553 efficitur
776 1532 850 1553 con-

81 1576 267 1616 sanguineis
281 1575 353 1613 viri,
364 1576 444 1606 sicut
458 1577 489 1606 et
500 1577 576 1615 ipse.
589 1576 649 1606 Sed
661 1576 700 1615 (a)
717 1576 791 1615 quia
806 1579 852 1607 est

81 1629 245 1660 vinculum
257 1638 312 1669 per
326 1629 484 1667 accidens,
497 1629 568 1660 ideo
581 1639 644 1659 non
655 1629 852 1669 protenditur

82 1682 142 1712 nisi
166 1683 342 1713 secundnm
366 1682 600 1722 protensionem
624 1682 851 1721 consanguini—

82 1736 170 1766 tatis:
193 1738 224 1766 et
244 1736 314 1766 ideo
337 1745 401 1766 non
423 1736 583 1775 sequitur,
608 1736 692 1775 quod
718 1737 853 1767 affinitas

82 1791 213 1828 generet
242 1789 447 1827 affinitatem,
474 1789 554 1819 sient
591 1790 852 1828 consanguinitas

80 1843 404 1882 consanguinitatem.

122 1898 151 1927 4.
175 1897 222 1927 Ad
245 1896 323 1928 illud
346 1897 431 1937 quod
453 1897 621 1936 objicitur⁷
646 1897 731 1936 quod
750 1896 852 1927 simile

82 1951 213 1988 generat
227 1949 340 1987 simile,
362 1950 544 1987 dicendum,
571 1950 655 1990 quod
677 1959 791 1981 verum
807 1953 852 1981 est

80 2012 137 2042 per
151 2012 184 2033 se
201 2002 360 2042 loquendo
372 2027 379 2040 ,
397 2002 423 2032 si
438 2002 515 2033 illud
526 2027 534 2041 ‚
556 2012 619 2043 quo
639 2004 850 2041 assimilatur,

82 2056 162 2086 inest
189 2056 237 2094 ei,
267 2056 442 2087 secundum
470 2057 554 2096 qnod
582 2059 737 2096 generat:
765 2058 850 2089 unde

80 2109 223 2149 leprosus
253 2111 384 2148 generat
412 2109 591 2149 leprosum,
619 2112 650 2141 et
676 2111 852 2142 calculosus

79 2162 288 2199 calculosum‚
304 2162 380 2202 quia
394 2162 437 2193 ibi
452 2164 499 2193 est
514 2164 673 2203 corruptio
688 2164 737 2195 vis
751 2173 849 2204 gene-

80 2218 208 2249 rativae:
225 2217 279 2248 sed
300 2220 407 2248 tamen
432 2227 563 2249 mancus
588 2228 652 2250 non
674 2220 851 2250 necessario

81 2272 213 2310 generat
239 2279 408 2308 maneum,
440 2271 516 2311 quia
538 2271 677 2302 defectus
703 2272 754 2302 ille
786 2282 851 2303 non

81 2323 207 2363 respicit
234 2327 456 2362 generantem,
488 2325 663 2356 seeundum
690 2325 777 2365 quod
804 2328 850 2357 est

80 2385 245 2415 generans.
277 2376 315 2407 Et
348 2377 423 2416 quia
450 2377 587 2408 affinitas
614 2387 670 2417 per
703 2379 848 2410 accidens

80 2429 204 2469 respicit
212 2429 360 2469 aliquem,
372 2430 440 2460 ideo
450 2439 513 2461 non
524 2431 745 2462 diffunditeam
756 2434 799 2463 sic
810 2433 816 2465 (
820 2434 845 2473 b)

114 2487 119 2503 ¹
137 2487 176 2517 Cf.
199 2489 224 2511 S.
244 2487 345 2517 Thom.‚
360 2487 384 2511 in
402 2488 491 2518 Suppl.
511 2496 536 2518 p.
556 2489 601 2518 ΙΙΙ,
616 2496 639 2519 q.
658 2495 702 2520 LV,
718 2492 764 2514 art.
781 2492 809 2521 63
827 2494 851 2515 et

82 2523 112 2545 tv
137 2522 215 2552 Seni„
233 2522 289 2546 dist.
315 2528 371 2550 xm,
394 2530 418 2554 q.
443 2529 464 2551 ι,
487 2525 532 2546 art.
558 2525 584 2553 63
609 2526 688 2554 Scot„
715 2526 746 2549 lV
772 2526 850 2556 δοιώ,

80 2557 137 2581 dist.
158 2563 214 2585 xm,
233 2565 258 2589 q.
280 2564 304 2588 13
321 2558 448 2585 Richard..
470 2559 500 2583 lV
518 2560 597 2590 Seni„
612 2560 668 2583 dist.
689 2567 747 2591 xm,
762 2565 809 2585 art.
827 2565 851 2589 2

80 2599 96 2623 q
122 2599 139 2622 ¹3
155 2593 316 2623 Durand.,lV
330 2593 408 2621 sent„
418 2594 476 2618 dist.
488 2601 541 2621 xm,
560 2602 584 2626 q.
598 2602 616 2626 ις
630 2596 720 2620 Thom.
737 2599 849 2629 Arg.,1v

80 2627 157 2657 Sem„
167 2627 223 2651 dist.
242 2634 295 2657 xm,
307 2635 332 2659 q.
343 2634 360 2658 1,
374 2630 421 2652 art.
436 2631 458 2658 2;
476 2630 565 2654 Franc.
576 2631 606 2654 de
618 2632 708 2662 Mayn,
725 2633 756 2656 tv
770 2633 850 2664 Sene„

79 2662 136 2686 dist.
155 2668 190 2693 xi,
206 2670 230 2693 q.
246 2670 270 2693 1;
285 2664 359 2687 Joan.
377 2664 477 2695 Bacch„
492 2666 522 2690 lV
539 2666 618 2696 Sent„
634 2666 691 2690 dist.
707 2673 761 2698 xm,
779 2676 803 2699 q.
824 2676 848 2697 1;

112 2704 144 2734 (a)
160 2705 220 2728 Caee.
235 2704 294 2729 edit.
309 2704 374 2728 deest
387 2706 477 2729 Sed.—
493 2706 525 2737 (b)
541 2707 570 2731 si.
581 2721 610 2725 —
622 2708 650 2738 (c)
665 2709 755 2740 arguit.

1617 234 1674 263 427

905 300 939 329 in
952 299 1098 336 alterum,
1113 299 1213 329 necin
1229 308 1315 336 eum,
1330 300 1385 338 qui
1398 302 1604 340 propagatur,
1617 309 1676 330 nec

905 353 936 383 in
954 363 1028 383 eum
1040 377 1047 390 ‚
1068 353 1121 392 qui
1145 353 1312 383 carnaliter
1335 354 1574 385 commiscetur:
1592 353 1676 384 unde

906 416 969 437 non
985 409 1029 437 est
1046 406 1139 437 modo
1155 415 1250 437 verns
1266 406 1317 436 ille
1333 416 1443 437 versus
1461 419 1467 438 :

952 487 1030 511 Mutat
1044 488 1124 517 nupta
1138 494 1233 518 genus,
1249 488 1292 511 sed
1310 490 1430 517 generata
1451 488 1567 518 gradum,

906 568 1022 599 scilicet
1035 569 1210 605 affinitatis;
1230 568 1289 598 nisi
1305 569 1378 608 quis
1397 569 1472 599 velit
1494 569 1597 608 ipsum
1616 569 1677 600 dis-

906 622 1042 658 trahere,
1064 624 1093 652 et
1115 630 1273 661 exponere
1293 622 1466 652 secundum
1489 622 1572 661 quod
1587 631 1676 652 com-

906 675 982 713 petit
999 675 1192 714 proximitati
1208 674 1367 705 modernae
1377 698 1385 712 ‚
1401 676 1438 704 111
1452 683 1508 713 per
1521 674 1676 704 rationem

907 728 1102 758 matrimonii
1117 727 1322 758 contrahatur
1341 736 1445 766 genus
1459 727 1630 762 affinitatis,
1647 729 1678 757 et

907 789 963 819 per
978 781 1215 819 generationem
1235 789 1338 819 genus
1361 780 1533 811 affinitatis
1552 779 1677 810 Primus

907 835 1012 864 tamen
1028 834 1203 864 intellectus
1219 836 1265 865 est
1281 834 1396 866 verior.

1166 941 1343 979 QUAESTIO
1362 942 1415 972 ΙΙΙ.

909 1025 948 1049 An
963 1024 1087 1057 affinitas
1102 1025 1209 1057 proestet
1231 1025 1402 1050 matrimonio
1422 1024 1641 1058 impedimentum
1658 1028 1677 1050 ¹.‘

948 1103 1059 1133 Utrum
1075 1104 1210 1133 affinitas
1224 1106 1350 1143 praestet
1364 1104 1565 1134 matrimonio
1579 1104 1677 1143 impe·
1692 1118 1798 1139 Fundam,

908 1156 1101 1193 dimentum3
1117 1159 1147 1186 et
1162 1157 1246 1195 qnod
1255 1157 1309 1194 sic⁷
1321 1157 1456 1187 videtur.
1472 1157 1562 1187 Caus.
1575 1166 1676 1194 xxxv,

908 1218 938 1248 q.
956 1212 974 1239 3
991 1220 996 1238 ;
1020 1220 1033 1237 (ι
1044 1209 1217 1249 AEqualiter
1232 1211 1445 1249 conjungatur
1460 1210 1531 1249 quis
1549 1210 1677 1249 propin-

908 1262 978 1301 quis
990 1263 1064 1300 snis,
1083 1265 1114 1293 et
1130 1264 1241 1293 uxoris
1254 1272 1320 1293 suae
1337 1263 1595 1302 consangnineis.
1613 1275 1626 1290 n

950 1315 1069 1346 ltem²z
1094 1316 1342 1356 Turpitudz'nem
1366 1318 1480 1348 umoris
1504 1317 1609 1356 patris
1630 1318 1680 1348 tuz‘

908 1376 971 1400 non
996 1369 1161 1401 revelabis.
1186 1370 1271 1408 Ergo
1295 1370 1402 1401 nullus
1424 1372 1526 1410 potest
1553 1372 1678 1400 contra-

908 1422 983 1453 here
1000 1432 1073 1453 cum
1089 1432 1188 1454 uxore
1203 1423 1300 1463 patris
1317 1434 1323 1453 :
1348 1424 1401 1453 sed
1415 1423 1474 1453 hoc
1495 1432 1559 1453 non
1578 1424 1625 1453 est
1639 1422 1679 1452 ob

908 1475 1004 1513 aliud⁷
1015 1476 1075 1506 nisi
1090 1477 1130 1506 ob
1144 1476 1308 1507 vinculum
1322 1476 1481 1506 affinitatis
1497 1487 1503 1507 ε
1517 1485 1606 1515 ergo,
1619 1478 1678 1507 etc.

949 1529 1025 1559 Item
1042 1530 1101 1559 hoc
1115 1530 1220 1569 ipsum
1230 1530 1381 1568 arguitur
1393 1530 1426 1569 (c)
1442 1539 1497 1569 per
1511 1530 1677 1567 rationem,

908 1582 984 1621 quia
1007 1583 1168 1622 turpitudo
1192 1584 1305 1613 uxoris
1329 1585 1375 1613 est
1401 1583 1564 1622 turpitudo
1589 1583 1676 1614 viri:

907 1635 960 1666 sed
978 1636 1138 1675 turpitudo
1153 1636 1400 1675 consanguineae
1416 1645 1480 1666 non
1495 1637 1541 1666 est
1555 1636 1677 1675 aliqua-

908 1691 999 1719 tenus
1027 1698 1082 1728 per
1109 1692 1216 1719 actum
1246 1689 1451 1728 conjugalem
1479 1689 1647 1720 revelanda
1669 1700 1676 1719 ;

907 1752 985 1781 ergo
998 1752 1055 1773 nec
1065 1752 1147 1773 uxor
1158 1743 1221 1773 viri
1233 1743 1266 1772 in
1277 1744 1345 1782 conj
1351 1743 1465 1781 ugium
1475 1743 1676 1773 assumenda.

948 1795 1024 1826 Item
1040 1796 1249 1835 proximitatis
1264 1796 1427 1826 vinculum
1438 1820 1448 1833 ‚
1464 1798 1528 1826 tam
1550 1796 1582 1825 in
1603 1805 1677 1826 con-

907 1849 1133 1888 sanguinitate,
1150 1858 1247 1888 quam
1262 1849 1296 1878 in
1311 1849 1473 1885 affinitate,
1489 1850 1536 1878 est
1550 1858 1589 1879 ex
1605 1857 1678 1879 san-

909 1900 1017 1938 guinis
1051 1900 1172 1930 unitate
1204 1911 1210 1930 1
1248 1908 1327 1939 ergo
1363 1900 1389 1929 si
1420 1899 1679 1938 consanguinitas

908 1955 1034 1993 propter
1055 1953 1211 1984 unitatem
1241 1953 1407 1992 sanguinis
1431 1953 1578 1992 impedit⁷
1610 1953 1678 1992 pari

907 2007 1027 2037 ratione
1047 2009 1078 2037 et
1100 2007 1254 2043 affinitas,
1270 2016 1343 2037 cum
1360 2006 1409 2036 vir
1427 2008 1458 2036 et
1472 2006 1588 2036 mulier
1601 2006 1680 2036 fiant

908 2069 972 2090 una
987 2069 1058 2090 caro
1072 2060 1194 2091 ratione
1210 2060 1446 2091 commixtionis
1461 2059 1631 2090 seminum.

946 2114 1076 2144 Contra:
1094 2116 1122 2144 1.
1140 2113 1176 2143 In
1188 2114 1260 2153 lege
1271 2116 1338 2144 erat
1353 2113 1548 2153 prohibitum
1563 2113 1678 2144 ducere

907 2177 1047 2198 sororem
1059 2191 1068 2205 ,
1086 2168 1140 2198 sed
1166 2170 1358 2207 praeceptum
1373 2169 1440 2197 erat
1462 2166 1578 2198 ducere
1594 2176 1678 2197 uxo-

907 2230 974 2251 rem
989 2221 1093 2251 fratris
1111 2232 1117 2251 z
1135 2223 1165 2251 et
1176 2221 1230 2251 illa
1247 2223 1294 2251 est
1306 2220 1409 2250 affinis
1426 2231 1433 2250 :
1450 2229 1528 2260 ergo
1542 2221 1677 2251 affinitas

908 2275 1149 2305 matrimonium
1164 2283 1228 2304 non
1242 2274 1385 2313 impedit.

947 2330 973 2358 2.
1001 2327 1078 2357 Item
1096 2327 1199 2366 magis
1211 2327 1361 2366 jungitur
1374 2327 1488 2367 aliquis
1504 2327 1609 2365 alicui,
1622 2327 1676 2367 qni

904 2381 1057 2420 jungitur
1072 2389 1128 2420 per
1142 2389 1173 2410 se
1186 2382 1217 2410 et
1230 2379 1420 2417 immediate,
1434 2389 1532 2420 quam
1542 2381 1597 2420 qui
1609 2390 1676 2411 me-

907 2435 988 2465 diate
1018 2444 1024 2463 t
1056 2433 1110 2463 sed
1139 2433 1187 2463 vir
1211 2433 1267 2471 qui
1293 2433 1457 2471 cognoscit
1487 2433 1654 2464 mulierem
1665 2457 1674 2471 ‚

907 2489 1008 2527 potest
1022 2487 1050 2517 ei
1060 2486 1158 2526 Jungi
1176 2486 1468 2517 matrimonialiter:
1484 2495 1561 2525 ergo
1576 2486 1676 2516 multo

907 2541 1012 2579 magis
1027 2539 1255 2578 consanguinei
1268 2539 1368 2579 ipsius
1382 2539 1455 2570 viri.

947 2596 975 2624 3.
1001 2594 1096 2631 Item,
1122 2593 1297 2623 secundum
1318 2594 1395 2632 ¹iura
1407 2616 1415 2631 ,
1447 2592 1675 2630 consanguinei

907 2674 995 2704 steph.
1012 2673 1115 2704 Brulef.,
1136 2673 1165 2696 tv
1187 2672 1264 2702 Sem„
1285 2672 1340 2696 dist.
1362 2678 1418 2702 xm,
1438 2679 1461 2702 q.
1481 2677 1523 2701 111;
1540 2672 1627 2694 Petrus
1644 2671 1675 2695 de

908 2710 1019 2739 Turnat„
1036 2709 1065 2732 lV
1082 2708 1160 2739 Seni„
1172 2707 1229 2732 dist.
1245 2714 1298 2738 xm,
1315 2714 1339 2738 q.
1353 2713 1391 2733 111.
1402 2720 1427 2724 —
1441 2706 1547 2736 'Levzt.,
1562 2711 1636 2737 an,
1652 2707 1675 2731 7.

1695 2129 1727 2150 Ad
1747 2136 1797 2156 opp*
