1991 3006
0 1563 77 1590 Opinio

0 1594 82 1615 tiorum*

2 2565 85 2592 mprob-

522 206 620 239 DIST.
643 205 721 236 XXI.
746 205 862 236 PART.
885 206 907 236 1.

110 276 163 304 cut
176 274 245 305 vult
268 275 469 314 Augustinus
489 275 523 305 in
543 272 735 305 Enchiridio
760 273 821 312 (a),
846 275 876 302 et

111 327 217 358 multis
231 328 306 359 locis
319 332 327 348 ¹
342 340 348 359 :
363 338 442 368 ergo
457 328 579 359 veniale
600 327 717 366 aliquid
740 327 778 357 de
792 327 876 357 bono

109 381 263 420 spirituali
289 385 319 412 et
344 382 532 412 rectitudine
554 381 664 412 adimit
684 392 690 411 1
714 380 767 410 sed
791 379 876 410 solus

108 433 191 464 Deus
206 436 307 474 potest
321 434 435 464 animae
451 435 616 465 restituere
639 434 759 463 bonum
771 457 778 471 ‚
796 433 877 465 sicut

107 486 193 516 solus
207 487 308 526 potuit
323 496 392 517 eam
407 496 514 517 creare
533 497 540 517 :
557 490 587 517 et
597 487 657 517 hoc
672 489 718 517 est
736 496 791 526 per
804 496 876 526 gra-

107 540 184 570 tiam
199 549 206 570 :
223 549 313 579 ergo,
330 542 388 570 etc.

148 590 225 621 Item
240 590 321 621 Deus
335 592 425 630 punit
438 601 494 631 pro
507 592 633 629 veniali,
651 592 711 622 hoc
731 593 850 622 constat
866 602 873 621 z

107 652 184 682 ergo
197 643 315 683 aliquid
330 644 450 675 invenit
466 645 670 684 displicentiae
686 645 717 674 in
733 644 847 674 veniali
868 656 873 675 :

106 697 160 727 sed
174 696 254 726 nihil
264 697 395 727 omnino
406 700 549 728 removet
563 697 792 737 displicentiam
808 697 874 735 Dei,

106 749 166 780 nisi
175 750 260 789 quod
277 750 397 780 invenit
411 750 600 790 placentiam
613 753 643 781 et
658 750 787 781 veniam
803 761 809 780 :
823 751 876 781 sed

106 802 172 834 sola
187 802 289 842 gratia
305 805 435 842 gratum
452 804 568 834 facien-0¹
582 806 628 834 est
643 804 706 842 illa,
725 813 798 843 quae
814 804 876 834 Deo

105 856 229 896 placere
241 857 313 887 facit
330 867 336 887 :
354 866 448 895 ergo,
470 859 528 888 etc.

148 909 225 939 Item
244 910 411 949 perfectius
438 912 485 940 est
499 919 604 941 carere
629 910 761 948 veniali,
779 920 874 950 quam

107 962 233 992 mortali
247 971 255 992 :
272 971 351 1000 ergo
366 972 456 1002 aeque
472 963 585 993 nobilis
600 963 685 1001 doni,
703 964 768 994 sive
785 973 877 1003 aeque

106 1015 243 1054 perfecti,
261 1015 311 1046 vel
330 1016 433 1054 magis
453 1016 579 1055 perfecti
595 1019 683 1047 actus
706 1018 753 1047 est
773 1017 876 1048 delere

106 1068 241 1106 veniale,
257 1077 355 1108 quam
370 1069 474 1099 delere
495 1069 626 1100 mortale
644 1081 650 1100 :
676 1070 727 1100 sed
743 1070 876 1101 mortale

105 1121 203 1151 deleri
215 1131 278 1152 nou
290 1123 402 1161 potest,
419 1122 477 1152 nisi
494 1131 511 1152 a
523 1122 606 1153 dono
620 1123 733 1161 gratiae
745 1126 875 1162 gratum

105 1174 261 1205 facientis:
279 1183 370 1214 ergo,
386 1176 445 1205 etc.

376 1285 601 1318 CONCLUSIO.

106 1372 218 1399 Peccata
242 1373 362 1400 venialia
384 1381 433 1407 per
456 1374 575 1407 qratiam
602 1376 709 1408 gratam
733 1375 876 1407 facientem

141 1417 270 1451 delentur,
280 1419 348 1444 sicul
358 1419 471 1452 peccata
486 1419 611 1444 mortalia
625 1426 633 1444 .·
645 1419 684 1445 sz'c
698 1420 766 1445 en1'm
779 1419 876 1446 divina

141 1461 323 1488 misericordia
338 1462 445 1488 salvare
462 1469 508 1488 nos
522 1462 648 1488 decrevit.

147 1547 237 1587 Resp.
256 1547 295 1578 ad
310 1556 439 1586 argum.
457 1548 629 1578 Dicendum
645 1548 729 1587 quod
749 1548 875 1588 aliquo-

106 1610 179 1631 rum
201 1601 313 1640 positio
333 1601 406 1639 fuit,
424 1602 509 1641 quod
524 1601 661 1632 venialia
681 1601 748 1632 sine
772 1602 876 1641 gratia

105 1656 233 1693 gratum
268 1654 399 1685 faciente
430 1655 526 1686 deleri
558 1655 678 1695 possint
710 1664 766 1695 per
801 1665 876 1695 gra-

104 1707 179 1738 tiam
203 1708 303 1747 gratis
326 1707 430 1738 datam
449 1710 503 1738 :et
520 1708 676 1739 rationem
704 1709 803 1748 huJus
826 1718 877 1739 os-

105 1761 232 1792 tendere
246 1761 427 1799 voluerunt,
440 1770 497 1801 pro
508 1770 545 1792 eo
556 1762 711 1800 videlicet7
723 1762 806 1802 quod
826 1772 877 1793 ve-

106 1813 188 1844 niale
197 1816 360 1853 peccatum
372 1823 435 1845 non
446 1817 608 1854 repugnat
623 1816 736 1853 gratiae
746 1817 877 1854 gratum

105 1867 229 1898 facienti
243 1867 292 1907 (b),
305 1868 357 1897 sed
371 1868 470 1907 gratis
486 1869 566 1899 datae
576 1879 584 1905 ;
596 1877 653 1898 nec
666 1868 798 1899 offendit
813 1878 877 1899 ma-

105 1921 249 1959 jestatem
265 1920 419 1957 divinam,
432 1920 506 1959 quia
523 1920 566 1950 ibi
582 1929 646 1950 non
660 1920 806 1959 diligitur
821 1921 878 1951 ali—

105 1972 183 2012 quid
203 1981 299 2011 supra
322 1972 437 2010 Deum,
455 1973 508 2002 sed
532 1973 768 2012 aliquantulum
793 1974 878 2004 inor-

105 2025 211 2055 dinate
227 2025 287 2055 suh
297 2025 360 2056 Deo
373 2036 379 2055 2
393 2028 422 2055 et
439 2025 520 2063 ideo,
536 2026 617 2056 sicut
633 2026 765 2057 mortale
777 2029 878 2067 potest

105 2077 202 2108 deleri
219 2087 273 2117 per
287 2078 425 2117 gratiam
436 2102 443 2114 ,
461 2078 537 2118 quia
563 2079 591 2108 ei
614 2082 786 2119 repugnat,
801 2080 878 2120 quia

108 2130 210 2169 gratia
223 2130 282 2161 Deo
297 2131 418 2161 offenso
433 2132 623 2170 reconciliat,
640 2134 671 2162 et
686 2133 763 2171 quia
776 2133 876 2163 Deum

106 2186 322 2224 contemptum
343 2194 450 2215 amare
472 2185 544 2215 facit
564 2195 660 2225 super
683 2186 807 2223 omnia;
835 2187 877 2217 sic

106 2237 229 2268 veniale
244 2239 344 2277 potest
359 2237 454 2268 deleri
477 2247 532 2277 per
551 2239 689 2277 gratiam
706 2240 805 2278 gratis
821 2240 875 2271 da-

107 2292 171 2320 tam
181 2313 190 2328 ‚
213 2299 285 2329 quae
311 2290 399 2320 illam
420 2291 576 2321 modicam
607 2291 876 2324 inordinationem

108 2345 260 2380 removet,
274 2344 305 2372 et
316 2342 402 2373 illam
417 2343 613 2374 occasionem
629 2345 736 2375 minus
747 2346 877 2377 amandi

109 2394 207 2425 Deum
223 2396 344 2435 abipsa
366 2397 473 2427 anima
497 2398 596 2428 tollit:
616 2408 672 2429 nec
687 2402 810 2439 oportet
834 2401 877 2431 ibi

109 2457 175 2479 esse
188 2449 325 2488 gratiam
340 2449 517 2480 elevantem
532 2451 672 2482 animam
688 2453 727 2483 ad
740 2453 877 2484 dilectio-

110 2509 183 2531 nem
198 2501 251 2532 Dei
260 2511 357 2542 super
370 2503 487 2541 omnia,
503 2504 578 2543 quia
594 2513 647 2544 per
661 2506 784 2536 veniale
797 2507 878 2537 nihil

109 2555 234 2584 amatur
248 2564 344 2594 supra
366 2556 475 2586 Deum.
493 2556 553 2587 Sed
573 2557 642 2588 haee
664 2558 787 2597 positio,
808 2559 878 2590 licet

143 2633 238 2664 'Aug..
257 2633 286 2655 (le
308 2634 352 2658 lib.
374 2635 456 2659 Arhzae.
478 2637 520 2660 lib.
546 2638 592 2667 lli,
611 2645 632 2662 c.
657 2644 719 2667 11111,
741 2646 764 2663 n.
788 2640 826 2662 36.
848 2652 878 2656 -

110 2669 228 2699 ²1Petr.,
244 2674 279 2700 iv,
291 2670 313 2693 Β.

932 206 1020 237 ART.
1048 207 1069 237 Ι.
1093 206 1241 243 QUAEST.
1267 209 1289 238 Ι.
1663 213 1698 241 91

935 273 1105 313 probabilis
1120 274 1273 312 videatur,
1287 284 1305 305 a
1321 275 1452 306 veritate
1466 277 1573 306 tamen
1586 276 1700 313 deviat,

932 327 959 357 51
972 327 1043 366 quis
1059 327 1212 367 inspiciat.
1241 327 1339 358 Omne
1363 329 1447 359 enim
1464 331 1626 369 peccatum
1639 353 1648 367 ‚
1666 339 1702 360 00

932 380 999 419 ipso
1016 381 1100 420 quod
1124 382 1287 420 peccatum
1306 384 1370 419 051,
1387 383 1492 422 aliquo
1516 383 1609 413 modo
1633 383 1700 413 ani-

934 443 1017 463 mam
1034 434 1178 468 desoedat,
1196 436 1226 463 et
1243 434 1348 473 aliquo
1371 436 1463 465 inodo
1484 436 1586 475 ipsam
1611 436 1701 467 deor-

933 486 1018 516 dinat
1028 496 1034 524 ;
1043 489 1072 517 01
1083 496 1208 517 necesse
1218 490 1261 517 est
1272 497 1311 517 ex
1322 487 1392 525 hoc,
1403 489 1485 527 quod
1495 489 1600 529 aliquo
1610 490 1703 521 modo

933 538 995 569 Deo
1009 540 1182 579 displiceat.
1201 539 1357 576 Quoniam
1380 541 1478 579 igitur
1496 544 1570 572 nota
1593 542 1700 582 displi-

933 593 1055 629 centiae,
1072 593 1204 623 minima
1219 602 1292 632 quaa
1305 603 1372 624 0550
1387 594 1495 633 possit,
1512 595 1577 625 sine
1591 595 1703 626 habitu

933 646 1046 684 gratiae
1058 670 1066 683 ,
1085 646 1139 685 qui
1154 647 1273 677 reducit
1289 647 1328 677 ad
1344 647 1602 686 complacentiam
1618 650 1649 678 et
1664 649 1703 679 ad

933 699 1114 737 amicitiam,
1129 700 1243 729 auferri
1262 709 1327 729 non
1340 702 1455 739 potest3
1471 700 1643 730 tenendum
1657 703 1703 731 est

933 752 1063 782 omnino
1078 752 1115 782 de
1130 753 1217 782 omni
1244 755 1368 792 peccato
1388 753 1599 791 generaliter,
1619 754 1702 792 quod

934 804 1058 835 nullum
1073 805 1203 835 omnino
1214 808 1315 844 potest
1325 805 1423 836 deleri
1436 806 1503 836 sine
1516 806 1618 845 gratia
1628 816 1703 845 gra-

932 860 1001 888 tum
1016 858 1148 888 faciente
1166 869 1172 888 z
1191 859 1234 888 sic
1252 859 1338 889 enim
1354 859 1491 889 decrevit
1515 869 1573 890 nos
1592 869 1704 890 sanare

932 911 1042 941 divina
1058 911 1280 942 misericordia.
1299 911 1337 942 Et
1353 912 1412 942 hoc
1427 912 1536 943 dicunt
1549 914 1658 951 sancti,
1674 917 1704 944 et

933 966 1023 993 sonat
1037 963 1210 1003 Scriptura,
1224 974 1296 1004 quae
1312 966 1450 996 maxime
1462 967 1549 1005 ponit
1564 967 1702 1005 gratiam

932 1026 999 1047 esse
1013 1018 1220 1048 necessariam
1236 1018 1275 1048 ad
1291 1018 1422 1049 delenda
1437 1021 1573 1059 peccata.

975 1073 1002 1100 1.
1019 1070 1068 1101 Ad
1078 1071 1154 1101 illud
1168 1080 1245 1110 ergo
1259 1072 1344 1111 quod
1352 1072 1606 1112 objicitur‚quod
1620 1073 1704 1102 suffi-

932 1124 1017 1154 ciens
1029 1124 1152 1163 punitio
1161 1124 1294 1155 absolvit
1304 1134 1322 1155 a
1332 1125 1434 1164 culpa,
1445 1125 1614 1156 dicendum
1621 1126 1704 1165 quod

933 1177 959 1206 si
975 1177 1052 1207 illud
1074 1177 1273 1216 intelligatur
1299 1178 1332 1208 in
1348 1178 1426 1208 facie
1442 1179 1620 1216 hominum,
1649 1180 1704 1219 qui

928 1230 1072 1269 judicant
1085 1230 1260 1261 secundum
1275 1231 1449 1269 exteriora,
1469 1234 1569 1271 potest
1587 1232 1705 1262 habere

934 1283 1114 1321 veritatem;
1132 1284 1185 1314 sed
1207 1284 1241 1314 in
1263 1284 1342 1315 facie
1363 1285 1428 1322 Dei,
1450 1285 1505 1325 qui
1530 1285 1706 1316 considerat

932 1336 1044 1366 faciem
1060 1337 1175 1367 animae
1191 1337 1360 1375 internam,
1379 1340 1409 1368 et
1423 1338 1568 1368 decorem
1584 1338 1705 1376 imagi-

933 1391 983 1420 nis
999 1399 1076 1428 suae,
1093 1392 1350 1430 quantacumque
1359 1391 1398 1422 sit
1412 1401 1516 1431 poena,
1526 1401 1591 1422 non
1605 1394 1706 1431 potest

931 1443 1062 1474 omnino
1075 1443 1237 1474 absolvere
1253 1446 1460 1483 peccatorem,
1471 1445 1531 1474 nisi
1544 1454 1706 1475 removea-

931 1499 984 1526 tur
998 1496 1129 1527 interior
1147 1497 1347 1527 deformitas:
1365 1500 1395 1527 et
1418 1498 1487 1528 ideo
1512 1498 1545 1527 in
1567 1498 1635 1528 foro
1653 1498 1706 1528 Dei

931 1550 1128 1589 impossibile
1145 1552 1191 1580 est
1214 1552 1377 1590 peccatum
1393 1551 1585 1581 sufficienter
1599 1551 1706 1591 puniri

932 1605 1087 1643 quantum
1106 1603 1144 1634 ad
1161 1606 1287 1643 tempus
1299 1628 1306 1641 ,
1325 1604 1385 1634 11151
1401 1604 1544 1634 deleatur
1560 1613 1615 1644 per
1631 1613 1705 1643 gra-

932 1658 1019 1688 tiam.

972 1713 1001 1741 2.
1026 1711 1073 1741 Ad
1088 1711 1165 1741 illud
1197 1711 1282 1745 (111011
1298 1711 1465 1750 objicitur,
1480 1711 1566 1751 quod
1585 1711 1707 1742 veniale

933 1764 1009 1795 dicit
1024 1764 1123 1793 solam
1138 1764 1344 1803 pronitatem,
1362 1764 1532 1794 dicendum
1547 1765 1632 1803 quod
1648 1764 1705 1794 fil-

933 1826 1002 1847 sum
1021 1819 1079 1854 est,
1096 1817 1160 1847 imo
1171 1817 1307 1856 amplius
1322 1817 1395 1847 dicit
1410 1818 1583 1856 quamdam
1599 1820 1706 1848 notam

932 1870 1156 1909 displicentize:
1175 1872 1205 1900 et
1219 1870 1262 1899 ita
1277 1879 1403 1909 semper
1416 1872 1524 1900 manet
1540 1870 1571 1900 in
1587 1871 1704 1908 anima,

933 1922 1055 1951 etiamsi
1078 1922 1183 1952 veniat
1203 1922 1343 1961 pronitas
1365 1923 1403 1953 ad
1427 1923 1626 1962 oppositum,
1646 1923 1707 1952 nisi

933 1975 1123 2006 interveniat
1137 1976 1274 2006 charitas
1288 1985 1362 2015 quae
1374 1978 1384 1994 ¹
1406 1977 1508 2015 operit
1523 1975 1705 2007 multitudi-

933 2034 1004 2057 nem
1017 2030 1229 2066 peccalorum.

973 2081 1001 2110 3.
1025 2079 1073 2110 Ad
1087 2080 1166 2110 illud
1183 2079 1267 2119 quod
1286 2080 1451 2119 objicitur,
1470 2080 1554 2119 quod
1570 2079 1603 2109 in
1620 2088 1705 2109 inor-

932 2133 980 2162 bis
996 2133 1102 2172 parvis
1118 2135 1231 2162 natura
1244 2142 1309 2162 non
1328 2133 1452 2171 indiget
1473 2132 1638 2169 medicina,
1655 2132 1704 2162 di-

932 2186 1067 2216 cendum
1085 2186 1169 2225 quod
1185 2195 1299 2217 verum
1316 2188 1373 2222 est,
1391 2188 1421 2216 et
1435 2185 1579 2216 simililer
1592 2185 1625 2215 in
1640 2185 1704 2224 spi—

932 2239 1100 2269 ritualibus
1111 2240 1167 2275 est,
1179 2239 1205 2268 si
1216 2240 1298 2269 recte
1311 2240 1364 2269 [iat
1373 2238 1587 2269 similitudinis
1598 2240 1704 2268 trans-

932 2294 1016 2324 latio.
1030 2293 1148 2324 Natura
1158 2294 1257 2332 igitur
1268 2294 1361 2324 habel
1377 2294 1410 2324 111
1420 2303 1452 2324 50
1464 2294 1707 2325 fundamentum

933 2347 1085 2383 sanitatis,
1102 2348 1219 2377 scilicet
1235 2348 1368 2378 virtutes
1385 2348 1543 2378 naturales
1558 2349 1708 2386 regentes

932 2400 1203 2439 complexionem,
1216 2403 1246 2430 et
1261 2401 1454 2440 expellentes
1470 2401 1594 2431 nociva.
1608 2400 1705 2438 Regi-

933 2462 1005 2483 men
1021 2455 1127 2484 autem
1143 2454 1315 2493 spiritualis
1331 2454 1474 2484 sanitatis
1496 2463 1561 2484 non
1578 2455 1625 2483 est
1648 2452 1707 2482 nisi

933 2507 1037 2545 gratia
1059 2509 1189 2546 gratum
1210 2507 1347 2537 faciens:
1368 2509 1397 2537 et
1422 2507 1493 2537 ideo
1519 2507 1617 2543 510111,
1634 2514 1707 2536 cor—

934 2563 1026 2600 rupta
1042 2561 1074 2590 vi
1089 2560 1238 2599 naturali,
1257 2570 1320 2591 non
1336 2563 1437 2601 potest
1461 2561 1557 2591 deleri
1578 2559 1708 2591 morbus

933 2613 1122 2653 corporalis;
1146 2614 1189 2643 sic
1215 2623 1287 2650 nec,
1314 2614 1442 2645 absente
1464 2613 1584 2653 gratia,
1608 2613 1707 2651 potest

966 2676 997 2706 (a)
1012 2675 1076 2700 caet.
1091 2675 1152 2700 edit.
1167 2675 1340 2702 Enchz'rz'dz'on.
1350 2689 1381 2693 —-
1397 2676 1430 2707 (b)
1447 2677 1506 2700 Item
1521 2673 1645 2699 facientis.
