1991 3006
673 206 769 238 DIST.
791 205 951 237 XXXVIII.
975 208 1064 238 ART.
1089 207 1142 238 III.
1163 207 1314 244 QUAEST.
1339 210 1376 241 11.
1765 217 1822 248 379

227 284 284 314 per
294 276 393 306 verba
407 277 564 307 exteriora
578 276 646 306 sine
661 283 815 305 consensu
831 274 932 311 omni,
951 276 998 304 est
1092 277 1120 305 5.
1145 275 1222 305 Item
1246 276 1436 307 conscientia
1459 287 1524 308 non
1546 279 1652 318 magis
1676 281 1820 321 obligat,

227 329 469 360 matrimonium
484 329 586 359 solum
609 328 783 359 sei-undum
808 327 995 366 interpreta-
1051 337 1148 368 quam
1161 330 1270 358 votum
1283 340 1289 359 ε
1305 330 1358 359 sed
1373 331 1562 362 conscientia
1579 341 1711 364 erronea
1726 334 1819 374 ligat,

226 382 344 412 tionem
358 383 417 413 fori
439 383 614 422 ,indic-ielis,
641 391 705 412 non
721 381 895 411 seeundum
911 380 994 411 veri·
1050 382 1126 421 qnia
1141 382 1223 421 quod
1240 391 1304 411 non
1319 385 1364 412 est
1379 393 1417 413 ex
1434 384 1493 414 [iile
1517 387 1563 415 est
1583 388 1746 425 peecatum
1759 411 1766 423 ‚
1789 388 1821 419 id

227 437 336 473 tatem;
353 436 396 466 sic
411 436 448 466 de
466 438 538 466 voto
555 435 733 465 dicendum.
1050 438 1112 473 est,
1138 438 1246 465 contra
1266 437 1489 467 conscientium
1515 450 1520 468 :
1545 449 1624 478 ergo
1649 443 1680 471 et
1707 445 1818 473 votum

118 491 165 511 Voti
181 493 202 510 ct
264 490 294 517 4.
311 488 360 518 Ad
377 488 453 518 illud
469 489 552 528 quod
568 488 678 518 ultimo
695 487 850 527 quaeritur
869 487 907 517 de
931 486 993 516 dif-
1049 498 1218 519 erroneum
1240 500 1246 519 :
1273 490 1327 519 sed
1347 492 1423 520 tune
1443 496 1525 521 errat
1551 493 1646 524 homo
1669 496 1704 525 in
1725 498 1817 534 voto,

103 530 211 579 iffiffiffi}
224 541 354 571 ferentia
371 542 434 571 voti
450 541 489 571 ad
500 543 719 580 juramentum
742 539 968 578 obligatorium
982 563 990 577 ‚
1049 542 1176 582 quando
1192 544 1287 572 vovet
1305 543 1424 573 malum
1441 554 1498 583 pro
1518 546 1601 576 bono
1618 555 1625 576 ε
1643 557 1721 587 ergo
1732 573 1740 586 ,
1757 552 1815 580 eto.

103 584 206 636 dumen-
224 593 389 624 dicendum
405 594 488 633 quod
505 594 617 633 triplex
632 596 677 624 est
693 593 869 623 differentia
881 616 890 629 ,
907 593 993 622 scili·
1089 594 1202 625 Contra
1219 606 1225 625 z
1253 595 1339 632 Quod
1356 606 1420 626 non
1439 598 1479 627 sit
1495 598 1532 628 de
1550 599 1631 629 bono
1646 603 1796 641 praecepti
1809 627 1816 641 ‚
1834 615 1938 636 suniam.

223 649 270 678 cet
285 647 317 677 in
332 647 471 686 objecto,
496 647 597 677 medio
610 671 617 684 ,
642 649 672 676 et
693 648 756 676 iine
773 657 778 676 :
797 646 829 675 in
853 646 990 685 objevto,
1048 647 1186 678 videtur:
1199 649 1495 688 quiasuperillud‘2:
1510 651 1817 693 vovete,etreclclite,

221 700 298 740 quia
323 703 432 730 votum
455 701 491 730 fit
512 700 588 737 Deo,
613 700 664 730 sed
683 700 907 738 juramentum
932 698 989 729 ho<
1048 700 1174 732 Glossa:
1192 714 1205 729 «
1220 701 1342 732 Vovere
1357 705 1405 732 est
1422 703 1605 742 voluntatis,
1621 707 1674 737 sed
1687 707 1818 738 reddere

219 753 315 790 mini,
334 754 366 783 in
379 753 493 791 medio,
509 754 584 793 quia
595 755 723 793 juratur
741 762 795 792 per
810 752 920 790 Deum,
937 753 989 783 sed
1046 755 1256 785 necessitatis:
1269 767 1283 783 »
1301 764 1379 794 ergo
1395 759 1440 786 est
1456 757 1494 787 de
1509 758 1558 787 his
1573 758 1676 789 solum
1691 761 1731 790 ad
1746 770 1818 800 quae

219 808 353 837 vovetur
368 816 422 845 per
435 807 695 846 promissionem3
712 806 745 836 in
759 806 833 842 fine,
851 805 927 845 quia
941 807 992 845 ju·
1045 807 1142 838 homo
1154 818 1218 838 non
1226 809 1363 847 aliunde,
1377 810 1431 840 sed
1440 810 1571 841 volunta
1580 811 1627 842 rIe
1638 813 1816 852 obligatur:

217 862 397 890 ramentum
412 862 458 890 est
472 860 511 890 ad
527 859 731 889 astruendam
746 859 922 896 veritatem,
935 868 990 889 vo-
1046 861 1099 891 sed
1119 861 1193 891 talia
1212 864 1285 892 sunt
1306 864 1617 902 supererogationis:
1637 874 1735 905 ergo,
1758 869 1816 898 etc.

218 914 287 942 tum
297 915 402 943 autem
415 913 642 951 adaugendam
655 912 853 942 honestatem
864 915 894 942 et
903 911 991 942 honi·
1086 914 1162 944 Item
1172 938 1179 950 ‚
1196 915 1280 954 quod
1293 924 1356 945 non
1373 917 1414 946 sit
1427 917 1465 947 de
1481 917 1598 948 minori
1613 919 1696 950 bono
1710 943 1716 957 ‚
1733 921 1819 951 vide-

218 967 324 996 tatem.
1046 969 1098 998 tur
1111 977 1166 1007 per
1181 969 1403 999 diffinitionem
1419 970 1500 1000 voti:
1525 981 1539 999 (1
1554 970 1670 1002 Votum
1687 975 1733 1004 est
1746 983 1818 1004 con-

481 1027 660 1064 QUAESTIO
684 1027 721 1058 Π,
1044 1022 1145 1060 ceptio
1161 1022 1301 1052 melioris
1317 1023 1483 1061 propositi,
1501 1024 1598 1054 animi
1616 1025 1818 1057 deliberatio-

1045 1083 1083 1103 ne
1098 1074 1224 1104 firmata
1241 1084 1248 1105 z
1264 1086 1277 1102 »
1297 1084 1375 1114 ergo
1391 1085 1454 1106 non
1471 1077 1597 1107 videtur
1612 1079 1696 1118 quod
1722 1079 1762 1110 sit
1778 1080 1816 1111 de

1043 1129 1126 1157 statu
1140 1128 1392 1167 imperfectioniS,
1406 1131 1435 1159 et
1452 1129 1567 1160 minori
1584 1131 1679 1162 hono.
1696 1132 1735 1163 Et
1746 1133 1816 1164 ideo

97 1193 129 1213 Aa
150 1199 200 1220 opp,
257 1179 299 1210 De
314 1189 376 1219 quo
392 1180 431 1210 sit
450 1183 562 1211 volum
577 1205 583 1217 ,
601 1180 667 1211 sive
689 1181 726 1210 de
752 1180 884 1210 materia
904 1181 986 1210 circa
1043 1180 1169 1211 videtur
1191 1182 1276 1221 qnod
1300 1185 1410 1212 votum
1431 1183 1523 1213 debet
1546 1186 1613 1214 esse
1629 1185 1666 1215 ad
1684 1195 1811 1225 promo-

217 1243 313 1274 quam
329 1236 375 1264 est
398 1236 526 1272 votnm,
551 1236 581 1264 et
598 1234 722 1264 videtur
741 1234 824 1274 quod
845 1234 883 1264 sit
905 1234 986 1264 circa
1042 1234 1160 1264 tionem
1175 1235 1286 1264 salutis
1302 1239 1421 1266 nostra}
1433 1260 1440 1272 ‚
1459 1246 1522 1267 non
1540 1238 1572 1267 in
1588 1238 1788 1278 dispendium
1806 1251 1812 1270 ;

217 1288 339 1318 omnia.
356 1287 393 1318 Et
406 1288 509 1327 primo
519 1288 641 1318 videtur
652 1287 736 1327 quod
747 1288 783 1317 de
792 1287 879 1317 omni
890 1287 983 1325 bono,
1041 1288 1095 1318 sed
1110 1288 1254 1326 obligare
1269 1289 1307 1319 ad
1323 1291 1441 1319 statum
1460 1291 1566 1320 minus
1582 1291 1703 1322 bonum
1721 1295 1767 1323 est
1782 1293 1815 1323 in

217 1342 292 1381 quia
306 1350 399 1371 omne
419 1341 539 1371 bonum
562 1343 663 1380 potest
684 1341 780 1371 homo
800 1341 985 1380 promittere
1040 1341 1240 1381 dispendium
1257 1342 1377 1380 salutis,
1395 1344 1479 1382 qnia,
1491 1344 1664 1375 secundum
1680 1345 1813 1377 Bernar-

216 1399 246 1427 et
262 1397 417 1437 spondere
434 1396 505 1433 Deo,
521 1399 552 1427 et
566 1397 598 1426 in
614 1397 665 1427 tali
681 1397 848 1436 sponsione
863 1397 984 1436 obliga-
1040 1395 1117 1425 dum
1136 1397 1145 1412 ³
1165 1405 1171 1425 z
1201 1394 1327 1426 «Nemo
1347 1396 1467 1434 bonus,
1490 1397 1545 1436 qui
1568 1407 1630 1428 non
1655 1399 1724 1429 vult
1746 1409 1814 1430 esse

214 1453 287 1481 tur:
300 1450 353 1481 sed
369 1459 433 1481 non
444 1452 489 1480 est
499 1450 561 1480 alia
570 1459 666 1490 quam
676 1452 788 1480 votum
800 1461 806 1481 z
819 1460 907 1490 ergo.
923 1453 982 1482 etc.
1040 1448 1151 1478 melior
1169 1458 1175 1478 :
1193 1460 1206 1476 >³
1228 1458 1325 1488 ergo,
1345 1451 1403 1479 ete.

214 1504 300 1535 Unde
315 1507 345 1534 et
360 1504 392 1534 in
408 1504 564 1543 baptismo
583 1504 737 1543 promittit
759 1505 842 1543 quod
860 1493 909 1535 'est
925 1514 980 1536 ne·
1080 1501 1172 1539 Hem,
1189 1503 1272 1541 quod
1288 1512 1352 1533 1101]
1367 1503 1407 1533 sit
1428 1504 1467 1534 de
1482 1504 1690 1543 indifferenti,
1707 1508 1814 1537 osten-

212 1559 377 1596 cessitatis‚
395 1558 512 1588 scilicet
526 1558 752 1589 abrenuntiare
765 1560 893 1589 satanae.
1038 1554 1122 1584 diiur
1138 1564 1193 1594 per
1217 1555 1438 1586 diffinitionem
1455 1566 1462 1586 :
1480 1557 1594 1588 dicitur
1618 1558 1703 1588 enim
1725 1560 1810 1599 quod

250 1614 280 1642 Ξ,
298 1611 374 1642 Item
385 1636 395 1649 ‚
413 1612 497 1651 quod
512 1612 552 1642 sit
572 1611 610 1642 de
627 1612 742 1641 minori
758 1612 841 1642 bono
854 1636 861 1649 ‚
890 1612 979 1642 vide..
1038 1610 1149 1638 votum
1165 1608 1202 1638 de
1217 1609 1282 1647 his,
1300 1618 1372 1649 quae
1387 1610 1426 1640 ad
1439 1610 1538 1640 Deum
1555 1611 1725 1651 pertinent,
1741 1613 1809 1643 fieri

210 1666 263 1695 tur
280 1676 286 1695 :
303 1665 377 1704 quia
391 1665 510 1695 licitum
526 1667 571 1695 est
586 1665 663 1695 illud
681 1665 761 1696 velle
779 1676 785 1695 ;
803 1674 882 1704 ergo
895 1665 978 1695 licite
1036 1661 1127 1692 dehet
1150 1673 1156 1692 ι
1189 1662 1242 1692 sed
1272 1662 1345 1693 talia
1371 1673 1435 1693 non
1460 1666 1534 1694 sunt
1567 1665 1780 1696 indifferentia
1801 1676 1808 1697 :

339 1104 384 1130 An
402 1105 457 1130 votz'
475 1104 589 1130 materia
607 1104 643 1130 sit
663 1103 816 1138 indifferens
828 1106 843 1130 ¹.

209 1720 311 1757 potest
322 1727 355 1749 se
369 1719 466 1749 homo
479 1718 516 1748 ad
531 1718 609 1749 illud
623 1718 784 1757 obligare:
799 1728 878 1758 ergo
894 1718 978 1749 licite
1036 1724 1131 1754 ergo,
1149 1718 1208 1746 etc.

209 1780 348 1802 vovere:
365 1774 394 1802 et
417 1772 499 1802 istud
515 1772 639 1802 videtur
661 1772 833 1811 persimile
854 1773 886 1802 in
906 1782 974 1803 ma-
1076 1769 1164 1807 Item,
1184 1769 1267 1808 quod
1291 1778 1356 1800 non
1380 1770 1417 1800 de
1440 1770 1548 1809 malis,
1572 1771 1709 1810 videtur,
1736 1773 1811 1813 quia

207 1826 374 1864 trimonio,
390 1826 421 1856 in
440 1835 502 1865 quo
519 1826 590 1866 quis
606 1826 726 1865 obligat
750 1836 783 1857 se
802 1827 839 1857 ad
856 1829 972 1857 statum
1034 1822 1108 1852 dicit
1123 1822 1261 1853 Isidorus
1278 1832 1285 1853 :
1303 1835 1316 1851 1(
1335 1823 1368 1853 In
1384 1824 1474 1854 malis
1489 1825 1652 1864 promissis
1667 1826 1810 1858 rescinde

207 1876 459 1916 imperfectionis.
1033 1875 1145 1913 fidem,
1166 1876 1200 1905 in
1221 1876 1307 1916 turpi
1331 1879 1403 1907 voto
1420 1880 1508 1908 muta
1522 1878 1696 1910 decretum.
1714 1890 1728 1908 ›)
1748 1880 1808 1911 Sed

248 1932 276 1960 3.
293 1930 383 1968 Item,
396 1930 478 1969 quod
494 1931 594 1970 potest
608 1930 645 1960 de
660 1930 867 1969 indifferenti,
886 1931 974 1962 vide-
1033 1931 1142 1959 votum
1163 1938 1276 1959 verum
1298 1932 1344 1960 est
1359 1930 1558 1962 immutabile
1582 1933 1709 1964 voventi
1734 1945 1740 1964 :
1770 1935 1806 1974 (b)

206 1984 276 2013 tur:
295 1983 369 2023 quia
383 1983 472 2013 cibus
481 1985 511 2013 et
524 1985 626 2022 potus,
644 1986 798 2023 quantum
814 1986 861 2014 est
876 1985 914 2014 de
929 1994 972 2022 se,
1032 1991 1112 2021 ergo
1127 1984 1239 2013 votum
1255 1985 1357 2022 turpe,
1374 1983 1424 2015 vel
1441 1984 1479 2015 de
1493 1985 1590 2025 turpi,
1608 1995 1674 2017 non
1690 1990 1736 2018 est
1749 1997 1807 2019 vo-

205 2035 313 2066 dicunt
337 2038 425 2067 aetus
452 2036 686 2074 indifferentes,
716 2037 791 2076 quia
813 2038 973 2069 naturales
1032 2039 1102 2067 tum
1118 2046 1243 2067 verum.

205 2091 279 2119 sunt
295 2098 303 2119 ε
319 2090 373 2120 sed
395 2089 476 2120 eirca
497 2089 602 2120 eibum
626 2092 656 2120 et
680 2092 790 2130 potum
813 2092 971 2129 contingit
1072 2090 1150 2121 Item
1164 2093 1276 2122 votum
1290 2100 1405 2122 verum
1421 2091 1542 2131 obligat
1554 2093 1593 2124 ad
1618 2093 1665 2131 id,
1683 2094 1721 2125 de
1742 2104 1806 2135 quo

204 2151 270 2173 esse
298 2145 408 2173 votum
430 2167 437 2180 ,
466 2145 572 2182 utpote
599 2146 708 2174 votum
735 2144 932 2176 abstinentiae
964 2157 970 2177 :
1031 2145 1100 2175 est:
1119 2145 1172 2175 sed
1189 2145 1296 2176 nullus
1310 2145 1447 2184 obligari
1470 2148 1572 2186 potest
1589 2147 1627 2177 ad
1653 2148 1773 2180 malum
1796 2159 1803 2180 τ

204 2204 282 2235 ergo
297 2198 328 2226 et
343 2196 423 2226 circa
438 2196 660 2227 indifferentia.
1031 2210 1110 2239 ergo
1123 2224 1130 2237 ‚
1148 2202 1204 2231 etc.
1221 2200 1369 2231 Probatio
1383 2201 1515 2232 minoris
1533 2213 1539 2233 :
1558 2202 1672 2234 Nullus
1687 2204 1804 2235 faciens

244 2251 271 2279 4.
299 2248 377 2279 Item
393 2249 517 2280 videtur
532 2251 615 2289 quod
630 2251 668 2281 de
684 2251 774 2281 malis
789 2253 885 2291 possit
901 2262 970 2283 esse
1031 2254 1063 2284 id
1077 2254 1116 2285 ad
1131 2254 1216 2294 quod
1231 2256 1367 2291 tenetur,
1384 2255 1458 2285 facit
1474 2255 1593 2286 malum
1608 2267 1614 2287 ε
1632 2257 1685 2288 sed
1704 2259 1731 2288 si
1747 2258 1805 2289 ho-

204 2304 313 2333 votum
326 2327 333 2339 ,
352 2302 426 2342 qnia
446 2303 586 2334 occidere
606 2304 809 2336 innocentem
832 2308 878 2337 est
907 2316 972 2336 mzt-
1031 2317 1083 2338 mo
1104 2307 1267 2347 obligatur
1285 2308 1324 2338 ad
1344 2309 1482 2347 malum,
1508 2313 1538 2341 et
1558 2311 1631 2342 facit
1655 2312 1798 2350 malum,

203 2355 270 2386 lum
288 2366 294 2385 :
313 2355 365 2386 sed
385 2356 496 2396 Jephte
517 2358 555 2397 (a)
579 2361 704 2398 propter
725 2362 835 2390 votum
857 2361 970 2391 oceidit
1030 2361 1102 2391 facit
1123 2361 1154 2392 id
1169 2362 1208 2392 ad
1224 2362 1308 2401 quod
1333 2365 1457 2394 tenetur
1475 2375 1481 2393 ;
1499 2373 1578 2404 ergo
1595 2365 1711 2396 faciens
1731 2376 1798 2397 ma-

204 2408 302 2439 filiam
317 2418 409 2440 suam
425 2410 588 2449 virginem
601 2435 608 2449 ‚
620 2414 649 2442 et
663 2411 810 2443 laudatur
825 2414 862 2443 de
875 2416 948 2444 voto
961 2425 967 2451 ;
1029 2414 1095 2445 lum
1110 2438 1119 2452 ,
1137 2424 1200 2446 non
1216 2415 1288 2446 facit
1303 2416 1434 2447 malum.

204 2462 287 2520 Pnde
308 2462 519 2502 Hleronymus
541 2464 631 2502 (hait,
648 2466 733 2524 φωρ
755 2466 826 2497 Ideo
842 2469 971 2526 Pomm?
1031 2501 1061 2524 lV
1083 2502 1161 2527 Smin,
1185 2501 1242 2524 dist.
1270 2507 1387 2533 xxxvm,
1412 2510 1436 2533 q.
1462 2509 1497 2534 11;
1523 2504 1612 2528 Petrus
1635 2505 1666 2528 de
1689 2506 1801 2535 'Ferant¹

204 2524 237 2545 m
263 2516 404 2555 catalogO
430 2519 610 2548 &motorum
626 2542 633 2555 ν
660 2528 734 2559 qma
759 2519 821 2550 Deo
850 2520 971 2560 I’lassfflt
1031 2537 1060 2561 IV
1080 2537 1158 2567 Seni„
1178 2537 1236 2560 dist.
1257 2543 1366 2568 xxxvui,
1389 2545 1415 2568 q.
1437 2544 1471 2569 ¹13
1491 2539 1638 2564 Franciscus
1658 2540 1688 2563 de
1710 2541 1800 2571 Mayn,

204 2568 330 2599 animus
344 2570 488 2601 voventis
506 2582 512 2600 3
530 2580 609 2611 ergo
623 2596 630 2610 ’
650 2574 710 2603 ete·
1030 2572 1060 2619 ἓν
1079 2573 1157 2602 Sem„
1175 2573 1231 2596 diSt.
1250 2579 1362 2613 XXXVIII,
1383 2581 1408 2604 q.
1431 2580 1447 2597 1.
1469 2588 1493 2590 -
1516 2576 1524 2587 '³
1537 2575 1604 2598 Psal.
1626 2581 1701 2606 LXXV,
1719 2577 1754 2600 12.
1772 2589 1801 2594 —-

1051 2609 1135 2636 Bern,
1150 2608 1179 2631 {le
1194 2608 1284 2632 Amore
1300 2609 1356 2639 Dez,
1372 2616 1394 2634 c.
1410 2616 1448 2633 111.

237 2651 244 2666 ¹
259 2649 299 2679 Cf.
314 2651 340 2675 S.
355 2651 483 2683 Thomas„
501 2653 565 2684 ΙΙ-ΙΙ,
582 2661 607 2685 q,
625 2661 749 2686 mxxwu,
762 2658 809 2680 art.
826 2658 853 2685 2;
869 2656 971 2680 Richar-
1062 2657 1095 2687 (a)
1118 2657 1177 2681 Caet.
1195 2657 1256 2681 edit.
1277 2658 1362 2689 Jepte,
1385 2660 1408 2682 et
1430 2660 1465 2682 sic
1485 2659 1604 2690 deinceps.
1627 2673 1656 2677 —-
1679 2660 1710 2689 (1))
1736 2660 1797 2685 coet.

205 2685 264 2716 dus,
286 2687 316 2710 lV
337 2686 414 2717 Sena,
434 2688 490 2713 dist.
512 2695 628 2721 xxxviu,
648 2698 672 2722 q.
692 2697 735 2722 ¹113
757 2691 844 2723 Steph.
867 2692 971 2722 Brules„
1028 2692 1088 2716 edit.
1105 2700 1215 2724 proepon.
1232 2693 1278 2718 vel.
