1991 3006
214 162 228 170 ae

762 173 949 204 DlSTlNCT.
975 173 1035 204 XL.
1060 173 1149 204 ART.
1175 173 1198 203 Ῑ,

181 245 301 276 mundo
318 243 420 284 prima
435 245 511 273 aetas
523 243 562 273 ab
577 242 677 272 Adam
694 250 797 281 usque
813 241 852 270 ad
866 240 948 279 Noe3

182 297 329 335 secunda,
339 306 357 326 a
368 296 432 326 Noe
446 295 594 335 usquead
604 295 780 332 Abrahan];
796 294 898 330 tertia,
912 294 951 323 ab

183 351 344 381 Abraham
352 358 452 388 usque
463 348 501 378 ad
508 348 617 386 David,
630 350 752 387 quarta,
764 357 782 377 a
794 347 891 377 David
903 355 947 376 us-

182 413 244 443 que
254 403 292 433 ad
306 401 616 440 transmigrationem
633 400 814 440 Babylonis3
828 399 948 439 quinta,

182 465 200 486 a
210 454 486 493 transmigratione
497 462 598 492 usque
607 453 646 483 ad
659 453 817 483 Christum
827 463 834 490 ;
850 455 948 489 sexta,

181 518 199 539 a
212 508 333 538 Christo
354 515 453 546 usque
474 506 513 536 ad
535 506 643 536 finem.
662 505 699 536 Et
715 506 863 536 dicuntur
881 507 952 535 6616-

182 564 238 599 tes,
255 570 317 590 non
331 559 405 599 quia
419 558 536 588 fuerint
545 558 675 597 aequalis
691 558 792 598 spatii,
811 558 865 588 sed
877 558 951 597 quia

181 614 214 644 in
231 613 371 653 qualibet
388 611 507 650 aliquid
527 620 659 647 novum,
678 613 709 641 et
727 611 832 650 aliqua
855 620 950 641 reno-

183 667 266 698 vatio
280 667 359 696 facta
373 667 430 695 est.
447 664 482 694 In
497 664 600 703 pruna
614 664 674 694 suit
691 664 806 694 creatio
821 664 908 701 Adae,
921 667 952 695 et

181 720 285 759 lapsus
304 719 391 757 ejus;
413 718 445 747 in
468 717 606 747 secunda
629 716 690 747 fuit
711 717 890 754 diluvium;
918 717 950 747 in

181 773 283 809 tertia,
299 771 495 802 circumcisio
509 772 539 800 et
553 770 619 807 lex3
638 770 670 800 in
683 772 815 809 quarta,
833 780 950 810 regum

180 826 306 863 uncti0;
324 825 357 854 in
372 825 482 864 quinta
496 848 505 861 ‚
529 823 634 863 populi
656 824 824 863 captivatio
836 848 843 860 ,
858 827 888 854 61
910 825 950 854 11-

181 878 315 916 herati03
342 878 376 907 in
399 879 487 907 sexta
509 878 616 907 nostra
636 877 835 916 redemptio:
853 879 884 907 61
907 877 950 907 516

182 933 267 971 patet
280 930 370 961 illud.

498 986 565 1008 DUB.
587 987 630 1008 iv.

225 1045 273 1076 [psi
285 1046 360 1070 etiam
374 1046 512 1077 Anglorum
527 1046 610 1076 genti,
624 1052 680 1075 quae
692 1052 774 1076 nuper
787 1046 819 1069 ad
833 1046 908 1070 fidem

473 1085 594 1112 venerat,
611 1084 658 1105 etc.

222 1143 318 1181 Dicit,
345 1153 378 1174 56
406 1144 443 1175 (16
471 1154 553 1175 novo
581 1144 788 1184 dispensasse,
815 1144 888 1183 quia
914 1144 951 1174 de

182 1206 265 1227 novo
280 1197 404 1228 fuerant
418 1198 455 1228 ad
472 1198 566 1228 fidem
580 1197 724 1228 conversi
737 1208 743 1227 z
761 1197 814 1227 sed
829 1205 891 1227 non
908 1197 953 1227 vi-

181 1251 273 1281 detur
297 1251 355 1281 ista
381 1252 461 1282 ratio
488 1252 693 1288 conveniens,
719 1250 793 1290 qiua
817 1250 951 1280 Ecclesia

182 1304 353 1342 primitiva,
375 1305 409 1334 in
427 1314 491 1344 qua
512 1305 570 1335 fuit
596 1305 722 1334 initium
741 1306 858 1334 nostrae
874 1312 950 1333 con-

183 1357 336 1387 versionis
347 1381 355 1394 ,
372 1358 431 1388 suit
456 1358 679 1397 perfectissima
690 1382 699 1395 ,
716 1358 791 1397 quia
810 1358 847 1387 (16
868 1366 951 1388 novo

183 1410 384 1440 venientibus
410 1411 503 1441 datur
522 1411 627 1449 gratia
647 1410 782 1450 Spiritus
799 1410 896 1440 sancti
919 1410 952 1440 in

181 1463 377 1494 abundantia
394 1475 400 1494 ;
416 1473 493 1502 ergo
510 1464 614 1502 magis
629 1467 705 1494 sunt
728 1464 830 1494 idonei
851 1463 889 1494 ad
910 1464 952 1493 fe-

181 1516 316 1547 rendum
332 1517 455 1556 pondus
469 1517 670 1547 ecclesiastici
685 1517 805 1547 statuti.
839 1550 841 1553 ,

224 1569 312 1609 Resp.
330 1569 513 1607 Dicendum,
525 1570 607 1609 quod
619 1579 709 1600 secus
724 1572 770 1599 est
783 1569 819 1599 de
834 1569 883 1599 his
897 1569 952 1608 qui

183 1622 286 1661 primo
302 1623 444 1652 conversi
466 1624 554 1660 sunt,
572 1625 601 1652 et
616 1622 653 1652 de
673 1622 723 1652 his
742 1622 804 1662 qui*
819 1631 951 1653 conver-

185 1677 306 1706 tuntur.
319 1675 405 1706 Sicut
420 1676 504 1705 enim
516 1676 598 1706 Deus
610 1676 641 1706 in
654 1676 735 1714 legis
745 1675 861 1706 latione
875 1675 955 1706 mul—

184 1729 353 1759 titudinem
369 1728 440 1759 fecit
464 1729 693 1759 miraculorum
707 1753 714 1765 ,
731 1729 858 1768 qualem
873 1730 951 1759 tem-

184 1790 259 1821 pore
276 1781 368 1820 legis,
391 1791 453 1811 non
477 1782 547 1812 fecit
563 1784 684 1821 postea,
702 1782 746 1811 sic
760 1782 794 1811 111
809 1791 892 1812 nova
904 1782 955 1812 de-

184 1835 230 1865 dit
252 1835 403 1875 Spiritum
429 1838 573 1866 sanctum
592 1836 624 1865 in
646 1836 759 1875 majori
783 1836 954 1866 affluentiae

186 1888 379 1928 plenitudine
396 1899 402 1919 :
422 1891 453 1919 et
468 1889 537 1919 ideo
561 1898 625 1919 non
644 1893 690 1919 est
709 1889 822 1919 simile.
848 1889 886 1919 Et
904 1899 955 1919 ra-

186 1943 228 1972 tio
244 1943 341 1981 hujus
356 1945 403 1973 est
418 1943 493 1973 satis
513 1945 694 1982 competens
709 1954 716 1973 :
732 1944 808 1983 quia
824 1943 878 1981 illi,
899 1944 955 1983 qui

186 1997 261 2026 tunc
282 1998 390 2033 erant,
412 1996 527 2035 maj0ri
557 1996 693 2035 egebant
720 1997 847 2034 robore3
871 2006 956 2027 nunc

185 2051 293 2079 autem
309 2058 372 2079 non
390 2051 435 2079 est
446 2049 500 2085 sic,
514 2049 579 2078 imo
595 2051 671 2079 sunt
685 2050 796 2087 teneri,
809 2050 956 2088 quamvis

185 2102 247 2132 sint
262 2102 494 2141 aliquantulum
509 2103 683 2133 ferventes:
701 2105 731 2133 et
745 2102 814 2133 ideo
829 2105 957 2142 oportet

186 2155 285 2185 multa
300 2156 333 2185 in
348 2155 463 2185 talibus
477 2155 622 2186 tolerare.

508 2248 576 2269 DUB.
600 2248 633 2269 V.

347 2307 399 2330 Nec
416 2306 473 2329 ideo
491 2306 546 2330 haec
567 2306 602 2329 eis
621 2306 725 2337 scripsi,
746 2307 793 2330 etc.

228 2369 403 2407 Quaeritur,
421 2378 519 2408 quare
534 2369 578 2399 sic
594 2372 749 2409 ponatur,
769 2370 844 2410 quia
857 2372 958 2400 stante

189 2422 398 2463 prohibitione
414 2422 451 2452 de
466 2424 585 2461 septem
600 2423 764 2461 gradibus,
781 2425 890 2453 utrum
906 2423 958 2453 ali-

189 2475 244 2515 qui
262 2475 484 2506 contrahentes
504 2475 586 2504 infra
610 2476 728 2513 gradus
749 2476 818 2506 illos
840 2476 960 2515 possint

190 2527 283 2558 51111111
300 2529 382 2558 stare
395 2528 637 2567 superveniente
653 2529 851 2559 revocatione
867 2538 959 2559 man-

190 2581 268 2618 clati;
286 2583 316 2609 et
339 2581 420 2620 quod
439 2581 500 2619 sic,
524 2581 667 2619 videtur,
683 2582 757 2622 quia
780 2582 867 2613 nulla
886 2582 958 2621 lege

192 2635 411 2674 prohibentur.
429 2633 476 2665 Ad
491 2635 670 2674 oppositum
684 2638 791 2666 autem
802 2638 858 2674 est,
875 2636 958 2675 quod

1723 173 1775 200 409

1008 240 1174 279 illegItime
1188 240 1350 278 coniuncti
1374 242 1468 277 sunt,
1484 241 1515 269 et
1539 237 1776 268 matrimonium

1008 295 1244 330 contraxerunt⁷
1263 295 1294 323 et
1308 292 1564 331 coniunctiones:
1584 293 1614 321 et
1628 292 1698 329 iura
1714 300 1778 321 non

1008 348 1197 377 revocantur
1218 346 1254 375 ad
1272 346 1450 385 praeterita:
1466 355 1545 384 ergo
1560 354 1624 375 non
1644 344 1776 380 videtur,

1008 400 1092 439 quod
1112 399 1205 429 simul
1221 400 1304 428 stare
1319 398 1448 437 possint.

1049 451 1139 491 Resp.
1157 451 1346 488 Dicendum,
1366 451 1448 490 quod
1468 451 1544 490 quia
1570 459 1694 490 semper
1722 459 1778 489 pro

1009 504 1211 534 matrimonio
1233 504 1382 534 standum
1406 505 1462 540 651,
1491 503 1664 533 secundum
1692 503 1777 542 quod

1009 559 1153 598 possibile
1168 560 1214 588 est
1228 560 1259 588 et
1276 558 1411 594 licitum,
1430 558 1454 587 si
1469 558 1545 587 tales
1561 566 1703 596 personae
1720 566 1777 587 su-

1009 612 1209 651 perveniente
1220 620 1303 641 novo
1317 613 1432 641 statuto
1441 611 1538 640 velint
1547 606 1674 640 insimul
1684 613 1775 648 stare,

1008 668 1036 695 et
1052 665 1240 702 consentire,
1259 666 1289 694 et
1317 664 1497 694 cohabitare
1520 667 1672 703 possunt,
1703 664 1778 703 quia

1007 727 1070 748 non
1100 718 1322 757 prohibentur,
1344 719 1374 747 et
1398 726 1438 746 ex
1461 718 1536 746 tunc
1560 716 1689 756 incoepit
1712 725 1779 747 esse

1008 771 1247 801 matrimonium
1261 779 1268 800 z
1282 772 1312 800 et
1329 770 1388 800 ista
1405 769 1589 799 constitutio
1605 778 1668 799 non
1684 778 1776 799 revo-

1007 826 1096 854 catur
1119 824 1156 853 ad
1181 823 1394 863 111661611111111,
1416 822 1492 861 quia
1521 831 1585 852 11011
1615 822 1781 851 confirmat

1009 877 1147 917 primum
1162 879 1358 907 contractum
1371 900 1378 913 ,
1396 876 1448 906 sed
1465 877 1650 915 potestatem
1668 875 1780 905 tribuit

1008 930 1212 960 contrahendi
1228 929 1265 959 (16
1280 938 1363 959 novo
1379 939 1385 958 :
1404 930 1433 958 ct
1449 928 1493 958 sic
1510 930 1595 967 patet
1610 927 1698 957 illud.

1175 1050 1417 1083 ARTICULUS
1442 1049 1611 1082 UNICUS.

1047 1145 1095 1175 Ad
1110 1144 1353 1183 intelligentiam
1369 1145 1532 1184 praesentis
1549 1145 1655 1184 partis,
1669 1153 1776 1184 proce-

1007 1199 1147 1229 dendum
1162 1201 1206 1229 est
1222 1199 1325 1238 primo
1336 1198 1509 1229 secundum
1525 1199 1612 1229 viam
1627 1198 1779 1228 narratio-

1008 1252 1077 1289 nis;
1095 1252 1231 1282 secundo
1251 1261 1334 1289 ν610,
1352 1252 1526 1282 secundum
1543 1251 1627 1282 viam
1644 1251 1777 1291 inquisi-

1008 1305 1111 1335 tionis.
1129 1305 1291 1341 Quantum
1303 1305 1343 1335 ad
1356 1305 1505 1344 primuni,
1521 1307 1555 1335 ut
1567 1304 1779 1343 intelligibilia

1008 1359 1084 1388 fiant
1098 1367 1169 1397 quae
1180 1358 1329 1388 dicuntur
1338 1358 1372 1388 in
1384 1360 1472 1397 parte
1488 1358 1557 1395 ista,
1566 1357 1779 1397 praeponenda

1008 1415 1053 1442 est
1067 1412 1181 1451 triplex
1196 1411 1357 1449 diffinitio,
1377 1411 1494 1451 triplex
1504 1411 1624 1449 notula,
1647 1410 1713 1440 sive
1728 1419 1779 1440 re-

1008 1465 1144 1505 sponsio.
1163 1464 1269 1495 Primo
1281 1474 1359 1503 ergo
1378 1464 1552 1494 videndum
1568 1465 1624 1501 est,
1640 1463 1715 1503 quid
1740 1463 1779 1493 sit

1008 1518 1277 1557 consanguinitas.
1303 1517 1567 1556 Consanguinitas
1582 1519 1688 1547 autem
1701 1517 1780 1547 diffi-

1008 1571 1095 1601 nitur
1105 1574 1148 1601 sic
1165 1582 1172 1601 1
1186 1570 1452 1609 Consanguiuitas
1467 1572 1514 1599 est
1528 1569 1691 1599 vinculum
1708 1578 1778 1608 per-

1009 1632 1159 1653 sonarum
1182 1623 1220 1653 ab
1245 1622 1356 1653 eodem
1380 1621 1484 1661 stipite
1503 1620 1778 1657 descendentium,

1009 1676 1126 1706 carnali
1143 1675 1370 1715 propagatione
1390 1676 1596 1705 contractum.
1613 1672 1715 1713 Stipes
1728 1683 1781 1704 au-

1009 1731 1072 1760 tem
1083 1731 1216 1759 vocatur
1230 1737 1376 1768 persona,
1393 1738 1411 1758 a
1430 1737 1494 1768 qua
1509 1727 1605 1767 aliqui
1620 1727 1782 1757 duxerunt

1009 1783 1180 1821 originem,
1197 1792 1214 1812 a
1232 1791 1296 1821 qua
1317 1781 1538 1812 descendentes
1553 1781 1628 1810 sunt
1647 1788 1779 1810 consan-

1011 1835 1119 1874 guinei
1137 1835 1175 1865 ad
1191 1835 1339 1871 invicem,
1358 1838 1389 1864 et
1403 1833 1447 1863 illi
1463 1834 1558 1863 etiam
1582 1842 1599 1862 a
1615 1841 1679 1872 quo
1694 1833 1778 1862 sunt.

1010 1888 1156 1918 Secundo
1168 1887 1339 1917 videndum
1350 1890 1406 1924 est,
1420 1887 1495 1926 quid
1507 1886 1546 1916 sit
1558 1885 1638 1915 linea
1652 1894 1781 1915 consan-

1011 1942 1189 1981 guinitatis,
1204 1951 1277 1980 quae
1291 1941 1444 1971 diffinitur
1457 1940 1502 1970 sic
1515 1950 1521 1970 ε
1535 1939 1630 1969 Linea
1641 1941 1687 1969 est
1697 1938 1780 1969 ordi-

1011 1998 1083 2023 nata
1105 1993 1245 2024 collectio
1272 2001 1480 2032 personarum
1506 1990 1781 2029 consanguinitate

1012 2048 1268 2086 conjunctarum,
1286 2046 1324 2075 al]
1344 2045 1454 2075 eodem
1469 2044 1572 2083 stipite
1588 2043 1780 2074 descenden-

1012 2100 1104 2136 tium,
1114 2099 1254 2130 diversos
1264 2099 1383 2137 gradus
1390 2098 1563 2127 continens.
1575 2095 1782 2127 Undedicitur

1012 2153 1156 2182 ordinata
1167 2152 1316 2189 collectio,
1328 2151 1481 2191 quoniam
1497 2151 1576 2180 sicut
1595 2149 1672 2180 ordo
1687 2151 1734 2180 est
1749 2149 1783 2179 in

1013 2205 1094 2235 linea
1110 2204 1376 2244 praedicamentali
1399 2203 1574 2234 secundum
1592 2203 1738 2242 superius
1753 2205 1784 2232 et

1013 2260 1158 2297 inferius3
1176 2260 1253 2290 ordo
1268 2269 1345 2290 vero
1359 2259 1523 2298 tripliciter
1538 2260 1639 2298 potest
1661 2257 1780 2297 accipi,

1014 2314 1063 2344 vel
1085 2313 1122 2343 ad
1148 2313 1225 2343 illud
1240 2313 1325 2352 quod
1341 2322 1453 2353 supra,
1471 2312 1521 2343 vel
1538 2312 1576 2342 ad
1598 2311 1674 2341 illud
1698 2310 1783 2350 quod

1015 2370 1106 2405 infra,
1124 2368 1174 2398 vel
1194 2368 1233 2398 ad
1255 2368 1331 2398 illud
1346 2368 1431 2407 quod
1442 2369 1535 2407 juxta
1551 2377 1559 2398 :
1576 2367 1645 2397 ideo
1668 2368 1731 2396 tres
1746 2365 1782 2395 11-

1014 2431 1081 2452 neae
1099 2423 1332 2452 consueverunt
1346 2421 1517 2459 assignari.
1531 2420 1683 2457 Quaedam
1698 2418 1782 2449 enim

1014 2477 1060 2505 est
1075 2475 1330 2512 11156611(16111111111;
1347 2475 1495 2513 quaedam
1510 2472 1780 2509 descendentinm;

1015 2528 1162 2568 quaedam
1179 2527 1450 2559 transversalium.
1471 2526 1651 2558 Secundum
1666 2525 1782 2555 lineam

1015 2582 1232 2613 ascendentem
1249 2583 1475 2620 computantur
1490 2581 1623 2619 gradus,
1643 2579 1683 2609 ita
1700 2578 1782 2608 scili-

1015 2638 1062 2666 cet
1080 2647 1085 2665 z
1106 2637 1193 2675 pater
1207 2638 1238 2666 et
1252 2636 1371 2672 mater,
1389 2643 1470 2666 avus
1490 2636 1520 2665 et
1538 2633 1629 2671 avia,
1646 2640 1783 2673 proavus

1796 1474 1897 1494 111111111110

1812 1512 1864 1531 1111111
1870 1513 1886 1525 vi.

1797 1898 1865 1918 lustin.
1880 1900 1898 1918 2.
