1991 3006
793 162 981 194 DISTINCT.
1004 161 1094 193 XLII.
1680 163 1733 192 431

153 233 262 274 fonte,
282 232 367 265 sicut
381 236 518 276 patrem.
535 231 624 263 Inter
638 231 755 263 fratres
771 233 802 262 et
817 230 903 262 filios
917 229 1103 273 spirituales
1126 229 1268 271 gratuita
1288 231 1318 260 et
1341 231 1450 261 sancta
1464 227 1652 260 communio
1669 231 1735 269 est,
1754 235 1774 255 la
1793 236 1857 260 spiri*

1755 266 1852 288 tnalium.

154 302 228 335 quae
253 290 389 323 (licenda
412 301 479 323 non
505 293 552 322 est
574 288 858 331 consanguinitaS‚
884 287 938 319 sed
961 286 1110 319 habenda
1133 285 1312 330 spiritualis
1327 286 1527 330 proximitas.
1544 285 1638 318 Unde
1654 284 1738 317 inter
1754 296 1860 322 voladop-

1755 327 1851 349 timrum,

153 359 206 381 eos
220 348 361 381 arbitror
375 359 442 380 non
467 358 560 391 posse
582 346 652 379 fieri
667 345 772 388 legale
793 345 983 388 conjugium
1000 371 1007 385 ‚
1024 344 1103 388 quia
1124 354 1182 375 nec
1204 343 1288 375 inter
1310 354 1363 375 eos
1386 344 1443 387 qui
1467 347 1605 383 natura,
1629 346 1661 374 et
1685 353 1738 374 eos
1754 357 1786 376 vei
1802 359 1860 376 natu-

1754 388 1830 407 ratium
1837 388 1859 407 fi-

152 406 210 450 qui
225 405 396 449 adoptione
411 404 472 436 filii
488 408 576 445 sunt,
592 403 783 436 venerandae
796 403 882 445 leges
899 401 1108 434 matrimonia
1122 412 1158 433 co
1167 400 1276 432 ntrahi
1290 401 1493 443 permittunt.
1512 414 1527 431 ))
1546 401 1628 432 Item
1646 412 1652 431 :
1670 413 1687 431 «
1703 399 1738 432 Si
1765 419 1850 438 horum,

152 462 238 494 inter
252 473 305 494 eos
320 473 386 494 non
407 461 612 494 contrahitur
635 460 882 493 matrimonium
895 486 902 500 ,
918 471 1001 504 quos
1016 459 1149 503 adoptio
1165 458 1276 502 jungit
1289 484 1297 499 ,
1314 463 1437 502 quanto
1460 459 1567 502 potius
1582 470 1601 491 a
1615 457 1737 490 carnali

150 519 237 552 inter
251 530 283 551 se
297 519 512 552 contubernio
528 530 650 551 cessare
667 522 814 563 oportet,
831 529 913 562 quos
927 528 984 561 per
1005 517 1134 551 cceleste
1149 520 1388 548 sacramentum
1412 515 1614 558 regeneratio
1636 515 1737 547 sancti

149 576 438 621 Spiritusjungit‘?
457 590 472 607 ³>

194 634 263 667 Hoc.
277 637 385 667 autem
405 634 539 678 quidam
560 635 677 667 volunt
699 634 884 677 intelligere
907 638 1034 666 tantum
1054 634 1094 666 de
1115 634 1181 666 illis
1205 633 1282 666 filiis
1295 659 1302 673 ,
1320 632 1441 677 quibus
1461 635 1641 675 compatres
1661 631 1736 664 facti
1766 656 1843 682 Opinio

147 696 242 732 sunt;
265 692 304 724 de
324 691 396 724 aliis
418 703 508 733 vero,
526 692 584 736 qui
608 695 682 724 ante
708 691 1008 736 compaternitatem
1031 692 1082 724 vel
1107 695 1177 736 post
1201 691 1300 734 geniti
1323 694 1419 730 sunt,
1443 689 1623 721 concedunt
1648 689 1735 733 quod
1761 687 1842 737 ‘'Ursffij

146 749 291 792 legitime
310 753 341 782 et
358 749 444 782 licite
465 749 623 793 conjungi
638 753 784 793 possunt.
811 749 938 788 Quibus
957 749 1089 781 videtur
1112 749 1294 782 consentire
1313 747 1469 780 Urbanus
1495 746 1676 787 secundus,
1692 746 1737 777 ‹li-
1763 748 1796 768 An
1809 749 1846 768 filii

1782 782 1830 798 aute

145 818 220 839 cens
246 807 348 840 Vitali
372 807 561 851 presbytero
583 807 747 839 Brixiensi
774 808 783 823 ²
810 820 816 839 :
850 807 988 851 «Super
1013 807 1133 851 quihus
1155 806 1321 840 consuluit
1346 817 1404 838 nos
1429 809 1485 837 tna
1509 804 1660 845 dilectio,
1687 803 1738 836 hic
1762 817 1848 836 fflmpa.

1759 842 1846 860 tei-nita-

145 865 277 897 videtur
292 864 554 908 respondendum
569 877 576 896 ε
594 868 630 897 ut
645 868 676 897 et
687 865 867 908 baptismus
879 865 932 905 sit,
945 865 970 896 si
986 865 1126 897 instante
1142 864 1327 897 necessitate
1342 863 1465 895 femina
1481 873 1619 906 puerum
1629 862 1664 894 in
1682 872 1738 893 no-
1753 872 1856 928 suini?

1769 909 1791 921 ⁰5
1852 917 1858 928 1

146 923 236 955 mine
251 922 419 956 Trinitatis
435 923 670 967 baptizaverit,
689 927 719 955 et
743 923 830 967 quod
856 923 1077 967 spiritualium
1094 926 1265 967 parentum
1285 921 1346 954 tilii
1359 925 1389 953 et
1411 920 1489 953 filiae
1505 924 1579 953 ante
1599 919 1650 952 vel
1669 924 1740 963 post
1762 933 1845 966 tagam

145 981 445 1024 compaternitatem
462 981 598 1023 genitae,
616 981 739 1024 possint
754 981 900 1024 legitime
915 980 1071 1023 conjungi
1086 1006 1093 1021 ,
1110 984 1226 1024 praeter
1242 980 1333 1012 illam
1349 990 1519 1024 personam
1535 1005 1542 1020 ,
1562 989 1619 1020 per
1637 989 1737 1022 quam
1763 970 1850 1020 ‘'mgffw

145 1042 324 1082 compatres
340 1039 443 1071 effecti
459 1043 547 1071 sunt.
564 1051 580 1068 ³)

191 1095 354 1128 Paschalis
370 1107 445 1129 vero
462 1096 644 1139 secundus,
664 1100 735 1140 post
760 1096 1062 1140 compaternitatem
1083 1096 1209 1139 genitos
1232 1096 1378 1140 copulari
1401 1095 1569 1139 prohibet,
1593 1094 1738 1127 scribens
1753 1100 1848 1157 0333

145 1152 295 1196 Rhegino
305 1153 454 1198 episeopo
464 1159 474 1175 ³
490 1166 522 1186 t«
536 1154 613 1187 Post
625 1158 810 1198 susceptum
829 1153 934 1186 tilium
948 1153 988 1186 de
1002 1154 1090 1186 fonte
1101 1153 1152 1186 vel
1170 1153 1272 1186 filiam
1288 1153 1506 1197 spiritualem,
1524 1152 1582 1196 qui
1597 1163 1637 1184 ex
1651 1163 1737 1184 com·
1851 1145 1856 1150 ’

146 1214 236 1255 patre
251 1211 303 1244 vel
319 1222 358 1244 ex
372 1215 548 1244 commatre
565 1212 687 1244 fuerint
701 1211 782 1252 nati,
799 1211 1008 1244 matrimonio
1021 1211 1116 1255 jungi
1133 1222 1198 1244 non
1212 1215 1357 1255 possunt.
1377 1223 1392 1241 >³
1408 1210 1493 1243 Illud
1508 1210 1605 1243 etiam
1621 1213 1737 1242 notan-

147 1267 227 1300 dum
251 1272 314 1308 est,
338 1268 426 1313 quod
449 1269 483 1301 in
501 1269 705 1301 Triburiensi
720 1269 857 1301 concilio
879 1269 1000 1311 legitur
1015 1271 1025 1286 ²
1043 1281 1049 1301 :
1072 1283 1087 1300 «
1108 1269 1142 1301 Si
1160 1269 1233 1313 quis
1257 1280 1322 1301 sua>
1345 1268 1523 1312 spiritualis
1545 1267 1737 1300 commatris

148 1324 251 1358 filiam
274 1326 408 1359 fortuito
424 1353 431 1367 ,
454 1331 484 1359 et
513 1327 558 1359 ita
581 1326 788 1369 contingente
810 1338 920 1359 rerum
940 1338 1015 1359 casu
1035 1326 1069 1358 in
1090 1327 1282 1370 conjuginm
1307 1325 1436 1359 duxerit
1451 1353 1458 1367 ,
1484 1325 1657 1358 maturiori
1671 1336 1737 1357 ser—

148 1387 222 1415 vato
236 1384 370 1417 consilio
386 1384 501 1417 habeat
515 1411 522 1425 ,
538 1388 634 1429 atque
651 1385 797 1427 legitimo
813 1384 978 1417 connubio
993 1385 1126 1417 honeste
1142 1395 1274 1428 operam
1289 1383 1353 1416 det.
1372 1397 1387 1414 >³

191 1440 281 1473 Solet
298 1442 395 1474 etiam
415 1442 535 1486 quaeri,
560 1454 602 1474 an
623 1447 835 1474 commatrem
860 1442 972 1474 uxoris
994 1446 1064 1485 post
1084 1442 1154 1485 ejus
1177 1442 1302 1474 obitum
1322 1441 1396 1485 quis
1417 1441 1533 1474 ducere
1548 1441 1665 1474 valeat.
1688 1441 1735 1474 De
1749 1450 1783 1470 An
1808 1450 1855 1476 quis

146 1497 207 1530 hoc
220 1497 374 1531 Nicolaus
390 1499 478 1543 Papa
493 1499 537 1531 sic
553 1499 665 1531 scribit
678 1498 687 1514 ⁵
703 1512 709 1531 :
727 1513 743 1531 ι(
760 1499 949 1531 Scirzcitatur
964 1510 983 1531 a
998 1499 1092 1531 nobis
1106 1499 1258 1532 sanctitas
1273 1503 1379 1531 vestra
1396 1526 1403 1541 ‚
1420 1499 1446 1531 si
1461 1499 1535 1543 quis
1550 1499 1631 1532 duas
1646 1510 1735 1531 com-
1763 1482 1841 1538 dffocsssii

148 1560 266 1589 matres
290 1556 407 1590 hahere
433 1557 557 1597 valeat,
587 1568 688 1589 unam
711 1561 781 1601 post
806 1557 953 1589 alteram.
981 1557 1018 1588 In
1043 1569 1108 1600 quo
1133 1557 1317 1589 meminisse
1343 1557 1437 1589 debes
1462 1557 1618 1600 scriptum
1640 1568 1730 1589 esse:
1756 1543 1845 1593 εῡῗῐῗξῇ,

146 1614 255 1648 Erunt
270 1614 333 1647 clero
351 1615 386 1647 in
401 1627 498 1648 carne
511 1627 589 1647 una.
607 1616 689 1647 Cum
710 1626 786 1657 ergo
801 1619 923 1646 constet
938 1614 1026 1658 quod
1048 1615 1098 1646 vir
1122 1619 1151 1646 et
1179 1615 1297 1647 mulii-r
1327 1626 1393 1647 una
1421 1626 1494 1647 caro
1521 1615 1732 1655 efficiuntur,
1768 1607 1829 1655 1:52⁹„

147 1675 244 1704 restat
257 1672 367 1705 virum
382 1677 580 1716 compatrem
591 1673 745 1705 constitui
761 1672 927 1713 mulieris,
940 1672 1034 1715 cujus
1048 1676 1214 1716 assumpta
1229 1684 1311 1705 uxor
1321 1677 1500 1704 commater
1515 1676 1582 1705 erat
1597 1698 1604 1713 ,
1618 1677 1648 1705 et
1663 1673 1734 1705 ideo
1750 1667 1854 1718 ⁹⁰r⁵gg{²²‘

146 1729 257 1762 virum
272 1730 321 1762 illi
338 1730 465 1763 femina}
481 1741 544 1762 non
562 1741 652 1774 posse
667 1730 823 1773 conjungi
839 1756 846 1770 ,
863 1741 936 1774 quse
956 1734 1132 1762 commater
1154 1730 1224 1773 ejus
1246 1734 1314 1762 erat
1328 1755 1335 1770 ,
1351 1742 1426 1762 cum
1442 1742 1508 1774 qua
1525 1730 1612 1762 idem
1627 1730 1734 1762 fuerat

147 1799 215 1820 una
228 1798 302 1820 caro
317 1788 461 1821 effectus.
482 1800 495 1817 »
518 1788 604 1820 Huic
628 1792 737 1820 autem
757 1787 841 1819 illud
864 1787 1065 1819 contrarium
1084 1787 1214 1819 videtur
1230 1790 1239 1805 θ
1258 1799 1265 1819 z
1287 1800 1302 1817 «
1318 1788 1380 1826 Qui
1408 1787 1614 1831 spiritualem
1640 1788 1736 1820 habet

145 1850 366 1890 compatrem,
383 1845 477 1888 cujus
494 1845 601 1878 filium
623 1845 663 1877 dc
683 1845 813 1877 lavacro
834 1845 1026 1888 susceperit,
1047 1849 1077 1876 et
1096 1856 1179 1877 uxor
1201 1845 1270 1888 ejus
1290 1849 1467 1877 commater
1489 1857 1553 1877 non
1577 1850 1623 1877 est
1636 1872 1643 1885 ,
1661 1845 1735 1878 licet

145 1903 193 1944 ei,
210 1903 362 1935 defuncto
374 1907 536 1946 compatre
552 1914 624 1942 sno,
641 1902 711 1945 ejus
722 1902 855 1934 viduam
871 1902 987 1934 ducere
1004 1913 1138 1935 uxorem
1152 1915 1158 1943 ;
1176 1914 1258 1946 quos
1273 1902 1366 1934 nulla
1378 1902 1543 1945 generatio
1556 1903 1734 1946 spiritualis

145 1960 292 1992 secernit.
311 1973 326 1990 »
348 1960 425 1992 Item
450 1971 489 1991 ex
511 1960 652 2004 Epistola
674 1959 837 1992 Paschalis
861 1960 958 2004 Papze
972 1965 1005 1992 ⁷:
1026 1974 1041 1991 «
1060 1961 1136 1993 Post
1158 1961 1267 1992 uxoris
1284 1961 1411 1993 obitum
1425 1986 1432 1999 ,
1458 1972 1533 1993 cum
1557 1965 1734 1993 commatre

145 2017 257 2050 uxoris
285 2017 438 2061 conjugio
468 2017 614 2061 copulari
643 2017 736 2049 nulla
756 2018 857 2058 ratio,
891 2018 942 2050 vel
970 2019 1145 2050 auctoritas
1175 2018 1306 2050 videtur
1332 2018 1516 2062 prohibere.
1546 2018 1617 2051 Non
1646 2019 1732 2051 enim

144 2086 202 2119 per
221 2075 328 2107 carnis
350 2075 506 2107 unionem
531 2075 570 2106 ad
595 2075 751 2107 uinouem
774 2074 907 2118 spiritus
931 2076 1099 2108 transitur.
1118 2089 1134 2106 »
1154 2076 1217 2107 Sed
1240 2075 1428 2107 sciendumss
1446 2075 1533 2119 quod
1559 2076 1735 2108 auctoritas

142 2132 268 2165 Nicolai
282 2133 320 2165 de
345 2133 402 2165 illo
426 2132 508 2175 agit,
531 2132 589 2176 qui
610 2132 705 2165 uxori
725 2143 793 2164 suae
815 2132 962 2165 debitum
982 2133 1109 2175 reddit,
1133 2138 1304 2177 postquam
1318 2137 1495 2166 commater
1511 2133 1600 2165 illius
1616 2134 1732 2167 extitit.

143 2190 224 2223 Aliae
242 2202 320 2223 vero
352 2191 558 2223 auctoritates
581 2191 619 2223 de
641 2191 698 2223 illo
720 2195 841 2233 agunt,
873 2191 967 2235 cnjus
988 2203 1082 2232 uxor,
1106 2195 1278 2236 postquam
1310 2204 1329 2224 a
1357 2191 1427 2224 viro
1454 2203 1513 2224 suo
1533 2192 1734 2237 derelinqui-

144 2251 208 2288 tur,
233 2247 324 2280 illius
347 2252 523 2281 commater
547 2248 700 2289 efficitur,
729 2259 788 2280 nec
812 2253 880 2292 post
902 2249 1201 2293 compaternitatem
1226 2261 1244 2282 a
1268 2250 1337 2282 viro
1359 2260 1418 2281 suo
1433 2249 1662 2292 cognoscitur:
1684 2250 1733 2282 vel

142 2305 181 2338 de
196 2305 253 2338 illo
269 2306 377 2350 potius
391 2311 505 2349 agunt,
521 2305 614 2350 cnjus
629 2317 712 2338 uxor
725 2309 799 2338 ante
814 2306 1018 2349 defungitur,
1035 2319 1135 2351 quarn
1150 2307 1190 2339 ab
1206 2319 1242 2339 eo
1257 2311 1481 2350 cognoscatur.

186 2363 275 2396 Solet
291 2363 387 2396 ctiam
403 2364 508 2408 quaeri
523 2375 564 2395 an
587 2374 670 2395 uxor
686 2375 760 2396 cum
777 2364 848 2396 viro
863 2364 961 2396 simul
978 2365 1091 2396 debeat
1107 2365 1140 2396 in
1157 2365 1319 2408 baptismo
1335 2365 1496 2408 suscipere
1519 2377 1671 2410 puerum.
1688 2367 1733 2398 Dc
1749 2374 1780 2392 An
1794 2371 1854 2391 vire!

143 2420 204 2453 hoc
218 2420 371 2453 Urbanus
392 2421 437 2453 ait
451 2420 460 2436 ⁹
480 2434 486 2452 t
504 2434 519 2452 «
541 2421 635 2460 Quod
660 2433 744 2453 uxor
762 2434 837 2454 cum
858 2422 974 2455 marito
996 2423 1029 2454 in
1052 2422 1213 2466 baptismo
1233 2422 1332 2455 simul
1353 2434 1418 2455 non
1441 2423 1556 2456 debeat.
1574 2425 1732 2468 suscipers
1751 2408 1846 2452 usisistgi’s

173 2478 270 2502 *Nicoh
287 2484 304 2509 1,
316 2478 350 2502 (ul
363 2478 481 2502 Consulto
497 2479 582 2509 Buly„
598 2480 622 2502 ct
637 2478 743 2502 habetur
759 2486 827 2503 caus,
845 2486 905 2509 xxx,
922 2487 948 2510 q.
966 2486 1003 2509 111,
1016 2489 1037 2502 ‹·.
1056 2481 1092 2503 Ila
1106 2480 1255 2511 ιίι’]ι’9ι,>ι·ρ.-
1272 2481 1282 2496 ²
1295 2480 1366 2508 lbid.,
1382 2488 1404 2505 c.
1422 2481 1501 2511 Super
1515 2482 1641 2512 quslam.—
1662 2483 1669 2495 ³
1688 2484 1722 2506 Ha

141 2512 214 2537 betur
230 2521 299 2538 caus.
316 2521 382 2543 xxx,
405 2521 429 2544 q.
451 2520 487 2543 111,
508 2523 530 2538 c.
550 2515 606 2537 Ιόςί
623 2515 768 2544 susceptum.
789 2528 819 2532 -
837 2515 846 2531 ⁴
868 2516 941 2543 thid„
962 2524 983 2538 t..
1010 2515 1077 2538 Illul
1093 2517 1176 2539 pssum.
1197 2529 1226 2532 —
1244 2516 1253 2531 ⁵
1269 2516 1349 2539 Nicol.
1371 2522 1386 2543 Ι,
1410 2517 1443 2540 ml
1460 2517 1585 2540 Constant.
1600 2518 1682 2548 episc„
1711 2526 1730 2540 ri

140 2547 247 2573 habetur
262 2556 330 2574 caus,
346 2557 407 2580 xxx,
420 2556 444 2580 q.
462 2556 497 2578 iv,
514 2558 535 2574 c.
561 2550 717 2573 δ’σιῖςοίίαὶαν.
728 2563 757 2568 -
767 2551 776 2565 ‘³
789 2552 821 2573 iix
842 2550 941 2574 Tribur.
959 2557 1042 2580 conc„
1059 2551 1131 2581 thiu„
1145 2558 1166 2575 c.
1182 2552 1229 2580 (lui
1242 2552 1410 2581 spirtnmlem.
1422 2565 1451 2569 —
1462 2553 1472 2569 7
1485 2552 1556 2582 thiu„
1570 2553 1625 2575 Post
1640 2560 1722 2575 umori.»

140 2597 170 2602 —-
189 2585 199 2601 θ
219 2585 277 2608 Hfflc
298 2585 474 2609 determinatio
495 2585 601 2609 sumitur
619 2592 649 2608 cx
672 2585 803 2616 Gratiano,
823 2586 883 2609 ibid.
904 2599 934 2603 ——
954 2588 961 2599 ³
983 2587 1109 2617 Urbanus,
1136 2586 1211 2609 Vztalz'
1227 2586 1370 2617 presbytero
1389 2588 1524 2615 Briaeiensi,
1546 2588 1617 2616 ibid„
1632 2595 1653 2611 c.
1669 2588 1735 2618 Quod

141 2620 226 2643 aulem
241 2626 313 2643 uxor.
