1991 3006
47 546 110 573 Resp.
124 546 150 566 ad

64 580 84 597 ά.
96 584 133 603 pra

55 608 149 628 tundam.

54 1349 124 1376 Cogna
130 1361 137 1364 -

44 1382 106 1402 tionis
121 1382 149 1401 le-

44 1413 97 1440 galis
110 1414 149 1433 dis-

57 1445 131 1465 linitio.

168 154 226 183 4:38

167 228 231 250 non
243 223 289 250 est
300 229 424 257 verum,
439 223 590 260 quoniam
605 223 754 261 cognatio
767 223 938 262 spiritualis

167 272 202 302 fit
227 282 282 312 per
307 275 412 303 actum
437 274 631 312 corporalem
654 285 660 304 :
685 278 716 305 et
738 276 813 315 quia
836 286 938 307 unum

167 335 282 366 corpus
297 329 382 364 sunt,
394 327 437 357 ita
450 327 532 366 quod
542 328 648 359 unitas
660 330 805 368 praecedit
815 332 935 367 actum;

166 379 247 417 ideo,
261 379 345 419 quod
360 380 396 409 fit
409 380 448 410 ab
464 389 538 417 uno,
554 385 720 420 reputatur
733 383 772 413 ab
788 383 859 414 alio.
878 382 937 413 Sed

166 441 238 462 cum
256 433 360 462 unitas
375 433 530 472 sequitur,
548 437 649 473 potest
663 435 772 466 venire
784 436 821 466 ad
839 437 939 467 unita-

165 487 229 515 tem
247 485 390 525 principii
406 488 493 516 actus
507 489 750 519 sacramentalis.

205 538 253 568 Ad
271 538 346 569 illud
361 539 446 578 quod
463 539 577 570 ultimo
592 541 752 580 objicitur,
769 542 937 573 dicendum

165 592 248 631 quod
261 601 325 621 non
335 594 379 622 est
387 592 500 629 simile,
512 596 638 632 propter
648 595 708 625 hoc
718 595 800 634 quod
812 595 888 626 illud
896 597 935 635 (a)

165 644 200 674 fit
223 653 278 683 per
298 645 435 684 gratiam
457 646 646 683 mentalem,
671 647 732 677 hoc
751 650 858 678 autem
882 658 938 688 per

164 698 358 737 corporalem
375 709 381 728 :
400 701 431 729 et
446 699 490 729 sic
505 701 589 738 patet
607 700 696 731 illud.

393 820 635 853 ARTICULUS
659 822 699 853 ΙΙ.

203 912 446 952 Consequenter,
459 915 614 952 quantum
626 913 665 944 ad
677 915 850 945 secundum
864 916 938 946 arti-

164 966 283 1003 culum,
299 966 455 1004 quaeritnr
468 966 505 995 de
520 967 710 1005 cognatione
725 967 819 1006 legali
835 979 841 997 ε
855 969 937 999 circa

154 1027 259 1059 «quam
283 1019 385 1058 primo
408 1020 640 1058 procedendum
662 1022 707 1050 est
730 1030 785 1060 per
807 1022 936 1051 niodum

164 1072 363 1109 narrationis,
382 1073 519 1103 set-undo
539 1082 594 1111 per
610 1073 739 1103 niodum
756 1074 934 1113 inquisitio-

165 1125 222 1154 nis.
248 1125 334 1155 Circa
360 1125 499 1164 primuni
524 1126 585 1156 tria
607 1129 681 1157 sunt
707 1127 933 1165 przenotanda:

165 1178 276 1216 primo,
287 1178 362 1217 quid
373 1179 423 1216 sit,
436 1181 465 1208 et
475 1188 547 1218 quae
557 1181 583 1218 ej
590 1189 626 1209 us
638 1180 770 1219 species3
786 1182 933 1217 secundo,

163 1231 298 1270 qualiter
312 1232 530 1269 contrahatur;
549 1232 650 1269 tertie,
668 1234 827 1271 quomodo
841 1234 936 1273 inipe-

163 1283 226 1314 diat
239 1284 276 1322 (b)
289 1285 539 1315 matrimonium.
552 1285 659 1316 Primo
670 1295 749 1324 ergo
759 1286 935 1324 sciendum,

163 1337 248 1376 quod
271 1338 420 1376 cognatio
443 1338 555 1377 legalis
579 1338 623 1368 ita
644 1338 855 1370 describitur:
879 1340 933 1370 Co-

164 1390 273 1429 gnatio
291 1390 401 1429 legalis
422 1394 467 1421 est
491 1392 677 1430 proximitas
696 1394 884 1431 proveniens
897 1403 937 1424 ex

163 1443 341 1483 adoptione.
359 1443 466 1474 Oritur
480 1446 586 1475 autem
601 1445 689 1484 quasi
706 1446 820 1485 triplex
834 1447 938 1486 proxi-

164 1497 256 1528 mitas
280 1506 319 1527 ex
339 1498 505 1538 adoptione
522 1509 528 1528 :
548 1508 612 1529 una
631 1502 677 1530 est
698 1500 787 1539 quasi
804 1500 936 1531 descen—

163 1550 321 1588 dentium,
341 1560 414 1590 quae
435 1552 607 1582 attenditur
630 1552 713 1582 inter
734 1553 935 1592 adoptantem

163 1605 194 1633 et
216 1603 314 1634 filiam
346 1604 394 1634 vel
421 1607 547 1643 neptem
575 1605 770 1644 adoptatam,
801 1607 863 1637 alia
890 1611 935 1638 est

163 1657 253 1696 quasi
266 1666 283 1686 a
294 1656 400 1694 latere,
413 1657 530 1688 scilicet
541 1657 593 1687 illa
603 1667 674 1697 quae
684 1660 730 1688 est
741 1659 822 1689 inter
832 1661 935 1692 tilium

163 1709 355 1747 naturalem,
373 1712 403 1739 et
419 1710 516 1740 filiam
536 1710 731 1750 adoptivam3
755 1713 845 1743 tertia
861 1723 935 1744 vero

162 1763 209 1792 est
226 1763 313 1802 quasi
330 1763 477 1802 quaedam
493 1763 627 1793 affinitas
642 1764 724 1794 inter
739 1765 933 1805 adoptatum,

161 1818 191 1846 et
215 1825 348 1846 uxorem
370 1816 565 1856 adoptantis,
591 1818 641 1848 vel
664 1818 881 1858 adoptantem,
905 1824 935 1851 et

161 1877 296 1899 uxorem
309 1869 458 1909 adoptati.
474 1869 530 1900 Hae
542 1873 617 1901 sunt
629 1871 758 1910 species,
771 1872 934 1912 dequibus

160 1931 275 1961 parum
289 1922 406 1952 dicitur
421 1922 453 1952 in
465 1924 539 1961 jure
554 1932 723 1954 canonum.

200 1975 343 2006 Secundo
358 1975 603 2015 intelligendum
619 1979 680 2014 est,
699 1978 782 2017 quod
803 1978 862 2009 ista
880 1989 933 2010 co-

159 2029 278 2067 gnatio,
295 2029 375 2059 sicut
390 2031 474 2068 patet
488 2038 544 2068 per
561 2031 714 2060 rationem
729 2040 837 2068 suam,
855 2041 930 2062 con-

158 2081 293 2112 trahitur
309 2091 363 2121 per
383 2084 489 2112 actum
503 2082 682 2121 adoptandi.
701 2083 859 2123 Adoptare
874 2094 930 2115 au-

158 2135 221 2163 tem
237 2136 283 2164 est
297 2135 482 2164 extraneam
504 2144 672 2174 personam
691 2136 723 2165 in
738 2136 858 2175 filium,
882 2138 932 2168 vel

158 2185 274 2224 filiam,
291 2187 341 2216 vel
356 2189 518 2227 nepotem,
540 2188 589 2218 vel
609 2188 769 2228 deinceps,
789 2190 931 2228 legitime

158 2247 330 2270 assumere.
352 2239 509 2279 Legitima
529 2242 636 2271 autem
658 2243 831 2282 assumptio
853 2244 928 2274 dici-

158 2293 222 2330 tur,
243 2292 318 2331 quia
339 2301 403 2322 non
418 2293 522 2324 omnis
537 2303 671 2333 persona
687 2298 785 2334 potest
801 2306 929 2328 omnem

157 2343 316 2384 adoptare.
341 2343 419 2375 Nam
435 2346 582 2385 adoptare
598 2356 661 2378 non
684 2350 784 2387 potest
802 2350 927 2389 mulier,

157 2397 217 2428 nisi
232 2407 272 2428 ex
286 2398 437 2438 rescripto
452 2400 600 2440 principis
616 2401 674 2431 sibi
694 2402 883 2433 concedatur
897 2404 928 2434 in

157 2450 305 2482 solatium
316 2451 466 2482 filiorum.
480 2451 539 2483 Iste
549 2453 633 2483 enim
644 2456 731 2484 actus
744 2457 790 2485 est
802 2457 928 2496 proprie

189 2549 248 2579 ¹07⁰-
267 2550 293 2574 S.
313 2549 414 2579 Thom„
428 2549 453 2573 10
468 2549 554 2580 διῳρΙ.
570 2557 594 2580 p
613 2551 658 2577 ΙΙΙ,
678 2558 702 2581 q.
720 2557 781 2580 Lvu,
797 2555 842 2576 art.
865 2556 887 2584 t,
904 2557 928 2578 et

160 2584 191 2607 lV
205 2585 283 2614 Sent.‚
297 2584 353 2609 dist.
368 2591 430 2615 nu,
445 2591 471 2616 q.
486 2591 519 2616 11,
534 2586 581 2608 art.
596 2587 621 2616 1,
634 2585 786 2618 aichardus,
803 2588 833 2612 tv
849 2590 927 2620 Seni„

159 2618 216 2643 dist.
239 2625 310 2650 ηυ,
332 2627 357 2652 q.
382 2626 404 2650 1,
425 2622 471 2644 art.
496 2621 526 2651 2,-
549 2620 637 2651 Steph.
665 2621 768 2651 Br.‚ulet'
794 2623 824 2648 tv
849 2626 926 2656 Seni„

721 155 1027 188 SENTENTIARUM
1056 158 1124 189 ΗΒ.
1151 158 1198 189 tv.

992 386 1076 420 tare,
1095 385 1150 424 qni
1174 385 1398 425 paterfamilias
1411 388 1472 423 est,
1497 388 1527 417 et
1548 386 1597 416 sui
1615 386 1717 425 juris,
1734 388 1766 416 et

992 440 1093 477 potest
1114 447 1291 477 generare:
1312 448 1387 470 nam
1407 440 1521 479 spado,
1547 439 1597 470 vel
1616 440 1763 479 frigidus,

992 500 1057 520 non
1080 493 1178 530 potest
1200 491 1359 531 adoptare.
1384 492 1520 529 Quilibet
1541 495 1648 523 autem
1665 494 1766 532 potest

992 542 1152 581 adoptari,
1180 543 1247 573 sive
1271 543 1430 574 masculus
1455 544 1512 581 sit,
1540 543 1607 574 sive
1626 544 1762 581 femina,

992 594 1166 625 dummodo
1183 596 1222 625 sit
1243 597 1372 626 minoris
1387 597 1488 627 aetatis
1502 599 1589 637 patre
1602 596 1763 636 adoptivo,

993 648 1042 678 vel
1057 648 1235 688 adoptante.
1255 649 1352 686 Unde,
1369 650 1436 680 sive
1451 649 1491 680 sit
1511 649 1625 687 minor,
1641 649 1710 679 sive
1724 649 1766 678 sit

992 703 1105 741 major,
1127 703 1193 732 sive
1209 702 1322 733 haheat
1337 705 1474 742 patrem,
1491 703 1558 734 sive
1574 711 1649 740 non,
1666 702 1762 742 adop-

992 755 1051 785 tari
1068 757 1182 795 potest,
1207 756 1388 786 differenter
1402 758 1520 786 tamen.
1538 756 1597 793 Qui
1613 756 1699 786 enim
1714 755 1764 786 sui

987 809 1072 848 juris
1087 812 1146 847 est,
1163 809 1277 839 dicitnr
1289 812 1469 848 arrogatus,
1487 812 1517 839 et
1534 809 1646 840 transit
1661 809 1693 839 in
1707 818 1763 849 po·

991 864 1135 893 testatem
1158 862 1339 901 arrogantis
1358 872 1364 891 z
1382 862 1435 901 qui
1459 864 1567 892 autem
1586 864 1632 892 est
1655 862 1688 892 10
1706 871 1763 902 po-

991 917 1100 945 testate
1111 915 1219 955 patris,
1232 924 1295 945 non
1310 915 1420 945 transit
1431 914 1464 945 in
1475 917 1658 955 potestatem
1668 915 1765 955 adop-

992 968 1098 1005 tantis,
1111 971 1141 998 et
1149 968 1263 998 dicitur
1271 968 1453 1007 simpliciter
1461 967 1614 1007 adoptari.
1623 966 1764 998 Primum

991 1021 1081 1051 debet
1100 1021 1169 1051 fieri
1192 1021 1377 1051 auctoritate
1397 1021 1566 1060 principis3
1590 1020 1765 1052 secundum

991 1075 1123 1114 imperio
1144 1075 1362 1114 magistratus.
1384 1074 1452 1104 Alia
1475 1074 1569 1104 etiam
1588 1074 1765 1105 differentia

992 1131 1052 1165 est,
1074 1128 1149 1167 quia
1164 1128 1316 1167 adoptans
1331 1128 1396 1158 tilio
1411 1130 1559 1166 arrogato
1574 1130 1699 1158 tenetur
1714 1136 1762 1158 re-

991 1180 1135 1220 linquere
1165 1183 1312 1220 quartam
1341 1183 1463 1220 partcm
1493 1181 1670 1218 bonorum,
1699 1181 1765 1212 filio

991 1234 1140 1273 adoptivo
1164 1234 1260 1271 nihil,
1290 1234 1315 1264 si
1339 1243 1402 1264 non
1427 1233 1506 1264 vult.

1032 1286 1092 1317 lei
1096 1288 1136 1317 110
1160 1287 1402 1326 intelligendum
1426 1291 1485 1325 est,
1512 1287 1595 1328 quod
1616 1287 1878 1329 cognatio1mped..

991 1339 1102 1379 legalis
1131 1349 1187 1380 per
1211 1341 1342 1370 modum
1369 1340 1626 1371 descendentium
1651 1343 1681 1371 et
1710 1349 1766 1380 per
1782 1335 1884 1354 mmm·

992 1394 1123 1424 modum
1152 1394 1313 1424 affinitatis
1341 1402 1465 1433 semper
1494 1393 1626 1433 impedit
1653 1394 1763 1424 matri-

993 1449 1149 1479 monium.
1176 1447 1262 1478 Unde
1290 1457 1457 1487 nunquam
1485 1447 1636 1487 adoptans
1663 1450 1765 1488 potest

991 1501 1177 1533 contrahere
1211 1510 1284 1531 cum
1314 1501 1379 1530 filia
1406 1500 1572 1539 adoptiva,
1603 1509 1659 1530 nec
1691 1509 1764 1531 cum

992 1564 1093 1586 uxore
1114 1554 1169 1584 tilii
1192 1553 1331 1592 adoptIVi
1345 1576 1352 1587 ,
1375 1554 1405 1582 et
1425 1552 1468 1582 sic
1489 1552 1527 1582 de
1548 1551 1634 1590 aliis;
1654 1552 1710 1583 sed
1730 1553 1764 1583 in

991 1607 1129 1638 secunda
1154 1607 1257 1646 specie
1282 1615 1345 1636 non
1368 1608 1474 1636 manet
1501 1605 1764 1644 impedimentum

991 1660 1051 1690 nisi
1067 1660 1105 1690 ad
1121 1662 1258 1698 tompus,
1278 1659 1395 1688 scilicet
1409 1658 1553 1698 quandiu
1568 1660 1614 1688 est
1628 1659 1658 1688 et
1672 1658 1765 1690 durat

990 1713 1133 1752 adoptio;
1164 1712 1216 1743 sed
1244 1722 1281 1742 ea
1304 1712 1406 1742 soluta
1431 1711 1681 1751 emancipatione
1708 1711 1764 1742 filii

991 1766 1146 1805 adoptivi,
1164 1765 1213 1796 vel
1235 1765 1406 1803 naturalis,
1423 1766 1529 1804 postea
1547 1773 1611 1794 non
1635 1764 1765 1804 impedit

993 1819 1133 1858 (Exti-av.
1150 1819 1188 1851 de
1201 1819 1388 1858 coornatione
1412 1818 1505 1858 legali
1514 1841 1523 1855 ,
1535 1819 1566 1848 et
1581 1826 1666 1848 caus
1682 1827 1762 1856 xxx,

990 1882 1021 1912 q.
1040 1876 1069 1910 3,
1086 1882 1113 1903 c.
1132 1873 1182 1904 Ila
1197 1872 1344 1912 diliqere,
1363 1873 1440 1909 etc„
1462 1871 1640 1908 etiterum,
1661 1880 1688 1902 c.
1704 1871 1764 1904 Per

990 1926 1207 1965 adoptionem,
1225 1927 1308 1965 etc.).

1029 1979 1076 2009 Ad
1096 1979 1338 2018 intelligentiam
1357 1981 1463 2009 autem
1481 1978 1596 2009 horum
1615 1979 1676 2010 tria
1688 1979 1760 2010 bre-

988 2033 1070 2062 viter
1097 2035 1287 2072 quaeruntur
1309 2043 1315 2062 z
1343 2032 1445 2072 primo
1471 2032 1626 2071 quaeritur
1651 2034 1761 2063 utrum

988 2086 1136 2123 cognatio
1155 2085 1269 2123 legalis
1291 2085 1331 2114 sit
1354 2084 1481 2123 aliquod
1503 2084 1687 2122 vinculum;
1710 2094 1758 2116 se-

987 2139 1091 2168 cundo
1113 2138 1268 2177 quaeritur
1287 2139 1395 2167 utrum
1418 2136 1568 2176 impediat
1591 2138 1759 2169 matrimo-

987 2191 1094 2228 nium3
1113 2191 1214 2229 tertio,
1229 2192 1339 2221 utrum
1350 2192 1488 2220 transeat
1499 2190 1538 2220 ab
1553 2198 1617 2220 uno
1632 2190 1665 2220 iu
1679 2190 1759 2222 alte-

986 2253 1069 2274 rum.

1258 2304 1435 2342 QUAESTIO
1459 2305 1482 2335 l.

1048 2382 1090 2408 An
1103 2382 1225 2415 coquatio
1242 2382 1337 2415 legalis
1352 2382 1388 2408 sit
1403 2381 1512 2416 aliquod
1526 2382 1660 2409 vinculum
1676 2385 1695 2409 ¹.

995 224 1149 255 virorum.
1171 225 1246 256 Item
1263 235 1326 257 non
1343 227 1487 257 omnium
1498 250 1505 263 ,
1525 227 1601 267 quia
1615 227 1762 267 adoptare

992 287 1058 308 non
1085 281 1184 318 potest
1208 281 1310 310 minor
1331 280 1446 319 viginti
1471 280 1577 318 annis,
1602 279 1664 310 nisi
1686 280 1763 311 forte

989 331 1076 370 justa
1089 342 1182 362 causa
1192 332 1380 363 interveniat
1389 344 1395 370 ;
1412 333 1463 364 ille
1473 342 1549 364 vero
1558 335 1659 373 potest
1671 333 1761 372 adop-

1026 2456 1112 2487 Circa
1122 2456 1262 2496 primum
1272 2456 1452 2496 proceditur
1460 2456 1515 2494 sic,
1528 2457 1753 2496 ctostendItur,
1771 2463 1875 2485 Fundam
1979 2202 1991 2575 ἒ

984 2542 1040 2566 dist.
1057 2547 1120 2571 an,
1133 2548 1158 2572 q.
1172 2547 1210 2571 1v3
1225 2542 1291 2565 Petr.
1305 2540 1336 2564 de
1350 2541 1462 2571 Tarant„
1477 2541 1508 2564 tv
1519 2541 1600 2568 Sent..
1616 2542 1672 2567 dist.
1689 2549 1753 2573 xm,

984 2585 1008 2608 q.
1027 2584 1083 2603 vni.

1016 2626 1050 2658 (a)
1068 2627 1126 2651 Caec.
1143 2625 1203 2651 edit.
1218 2626 1276 2650 hoc.
1288 2638 1319 2643 -
1335 2625 1369 2656 (ὁ)
1383 2624 1526 2656 impeditur.
