1991 3006
191 183 251 211 Au
752 175 1062 209 SENTEYHARUM
1082 177 1153 208 un.
1176 176 1226 209 Π.

191 247 277 288 quod
299 247 362 278 alio
382 246 497 277 affecm
518 244 673 276 tractandi
695 247 769 276 sunt
798 247 962 284 parentes,

191 301 254 332 alio
271 300 387 332 affectu
402 299 530 330 tractari
551 298 665 329 debent
685 299 852 338 conjuges,
872 297 962 334 Ideo

191 356 320 394 propter
337 353 493 384 dictamen
512 354 649 388 naturae,
665 351 838 391 impeditur
851 350 963 380 matri-

191 407 336 438 monium
345 415 402 447 per
409 405 696 444 consanguinitatis
704 405 845 444 primum
854 403 965 434 vincu-

191 457 272 496 lum,
282 457 367 498 quod
377 459 417 495 (a)
432 459 478 488 est
493 457 590 497 prolis
597 456 714 496 genitae
722 455 761 486 ad
773 463 869 486 suum
879 455 965 494 prin-

141 511 177 562 ‘03-
191 511 323 551 cipium.
340 510 474 550 Propter
487 509 734 550 prohibitionem
747 509 831 547 legis
844 507 963 538 divina!

190 564 362 604 impeditur
388 563 631 594 matrimonium
651 571 709 602 per
733 560 961 600 consanguini-

190 621 290 649 tatem
310 627 412 659 usque
438 618 478 649 ad
506 618 680 649 secundum
704 616 858 656 gradum,
883 616 963 647 sicut

191 674 277 712 patet
289 681 346 712 per
358 672 546 710 Leviticum,
562 672 619 703 uhi
628 672 665 702 fit
677 670 848 711 prohibitio
862 679 963 710 usque

191 725 231 756 ad
245 725 421 756 secundum
441 726 589 765 gradum.
610 724 649 756 Et
663 724 688 754 si
702 726 867 764 quaeratur
881 723 964 754 ratio

190 778 300 818 huius,
322 778 507 814 dicendum,
523 778 608 818 quod
625 777 685 808 hoc
703 779 751 807 est
763 778 892 817 propter
904 775 964 807 ho—

190 834 348 862 nestatem
366 843 374 862 z
397 832 453 871 qui
477 831 564 862 enim
587 830 757 861 mulierem
779 830 961 869 cognoscit,

190 885 312 916 revelat
337 886 407 925 ejus
433 884 686 924 turpitudinem,
714 886 746 914 et
775 883 964 922 discooperit

190 939 424 978 ignominiam:
440 940 473 969 et
493 938 555 968 hoc
572 937 777 968 inhonestum
799 939 845 967 est
860 937 963 966 tacere

189 992 396 1032 propinquae,
420 991 561 1022 maxime
581 999 655 1021 cum
675 990 826 1021 honestas
850 990 961 1027 dictet,

191 1045 277 1084 quod
301 1054 391 1076 soror
411 1054 474 1075 non
497 1046 544 1075 est
564 1043 727 1074 tractanda
749 1045 785 1074 ut
805 1052 910 1073 uxor:
933 1045 965 1073 et

189 1097 267 1127 hinc
287 1099 349 1135 est,
373 1097 457 1137 quod
479 1097 515 1127 in
541 1099 700 1136 praecepto
726 1105 784 1127 suo
812 1095 965 1126 Dominus

141 1165 167 1187 ἧς,
191 1150 266 1182 dicit
288 1162 296 1181 z
323 1150 394 1182 Non
407 1150 619 1190 discooperies
634 1148 867 1189 turpitudinem
881 1148 962 1187 ejus.

157 1198 167 1207 ⁹
191 1203 346 1242 Ulterius,
368 1207 497 1244 propter
514 1206 668 1234 statutum
690 1202 837 1233 Ecclesiae
861 1202 965 1242 impe-

191 1257 277 1288 ditur
303 1258 546 1288 matrimonium
574 1266 593 1287 a
618 1256 756 1287 secundo
781 1255 884 1295 gradu
895 1280 904 1292 ,
934 1258 966 1286 et

191 1309 346 1350 deinceps.
365 1310 403 1341 Et
417 1311 442 1340 si
457 1312 622 1350 quaeratur
635 1310 717 1340 ratio
730 1310 841 1349 hujus,
857 1309 964 1339 dicen-

191 1363 289 1402 dum,
307 1364 391 1404 quod
407 1364 467 1394 hoc
483 1366 637 1394 statutum
654 1363 715 1394 fuit
727 1366 855 1403 propter
868 1362 963 1393 dilec-

190 1417 311 1448 tionem
325 1417 517 1448 dilatandam
531 1427 538 1448 :
550 1417 625 1457 qnia
638 1416 723 1447 enim
733 1417 832 1447 homo
843 1425 965 1456 pronus

192 1472 239 1500 est
253 1471 293 1500 ad
307 1470 507 1509 diligendum
521 1470 581 1500 sibi
600 1471 813 1510 propinquum
822 1494 830 1508 ,
847 1473 877 1500 et
892 1478 965 1500 ma-

191 1523 380 1554 trimonium
410 1526 589 1563 aggeneret
613 1523 882 1563 propinquitatem
895 1546 904 1558 ,
933 1524 965 1552 et

191 1576 370 1607 dilectionis
391 1579 514 1608 mutuae
533 1579 663 1616 praestet
676 1576 873 1613 fomentum3
890 1575 964 1605 hinc

192 1632 253 1667 est,
270 1630 355 1670 quod
369 1629 507 1660 Ecclesia
519 1630 639 1667 statuit,
652 1632 687 1660 ut
700 1638 790 1659 amor
804 1629 843 1659 ad
857 1632 963 1660 extra-

191 1692 269 1714 neos
283 1683 508 1714 extenderetur
519 1707 527 1719 ,
551 1683 636 1723 quod
654 1682 861 1713 matrimonia
875 1685 965 1713 extra

191 1737 355 1776 propriam
369 1736 564 1776 parentelam
579 1736 859 1767 contraherentur:
879 1738 909 1766 et
921 1735 966 1766 ita

192 1798 259 1820 non
276 1790 379 1821 solum
393 1790 426 1820 in
443 1790 580 1820 secundo
590 1814 601 1827 ,
617 1790 671 1820 sed
686 1789 782 1819 etiam
797 1789 944 1828 deinceps
955 1813 963 1825 7

193 1844 322 1882 propter
345 1843 535 1874 dilatandam
559 1843 765 1879 charitatem,
785 1845 815 1872 et
837 1844 966 1882 propter

193 1896 407 1936 ampliandam
421 1897 620 1927 honestatem
636 1907 643 1926 :
665 1898 695 1926 et
709 1896 753 1926 ita
766 1899 861 1936 patet,
881 1895 965 1936 quod

194 1950 479 1989 consanguinitatis
495 1949 663 1980 vinculum
676 1949 717 1979 ob
731 1949 873 1980 diversas
888 1957 964 1979 oau-

194 2012 245 2034 sas
266 2003 361 2034 habet
382 2003 536 2043 impedire
558 2003 823 2034 matrimonium:
850 2005 880 2032 et
905 2001 967 2032 hoc

195 2056 431 2087 concedendum
445 2059 501 2086 est.

237 2113 265 2140 1.
276 2109 325 2140 Ad
335 2109 416 2140 illud
425 2109 511 2149 quod
523 2109 672 2148 objicitur
686 2108 724 2139 de
733 2107 800 2139 Eva
809 2112 841 2138 et
850 2107 964 2144 Adam,

196 2162 280 2202 quod
305 2163 435 2193 fuerunt
458 2171 562 2192 unum
591 2171 627 2192 os
654 2163 685 2192 et
711 2170 776 2192 una
807 2161 842 2198 (b)
871 2169 944 2191 earo
955 2185 964 2198 ‚

197 2215 363 2246 dicendum
379 2216 473 2255 quod,
491 2215 639 2255 quamvis
653 2215 720 2246 Eva
734 2216 765 2245 et
778 2214 881 2245 Adam
894 2214 965 2245 fue·

196 2269 263 2298 rint
275 2278 376 2299 unum
391 2278 425 2300 os
438 2271 468 2299 et
480 2278 546 2299 una
564 2268 597 2307 (c)
615 2277 703 2305 caro,
719 2277 785 2299 non
797 2271 907 2298 tamen
923 2268 968 2297 sic

196 2322 255 2352 fuit
268 2324 355 2357 tune,
368 2321 637 2361 quemadmodum
646 2330 733 2351 nunc
745 2323 802 2358 est,
814 2321 965 2361 quoniam

196 2383 285 2405 nunc
305 2374 414 2405 eadem
430 2377 476 2405 est
497 2375 551 2405 via
571 2375 809 2414 propagationis
831 2377 861 2404 et
879 2383 966 2405 com-

197 2428 376 2465 mixtionis;
393 2427 447 2458 sed
467 2427 534 2458 Eva
552 2437 618 2458 non
639 2428 717 2458 exiit.
733 2429 773 2459 ah
793 2429 897 2459 Adam
912 2437 969 2468 per

195 2482 284 2513 viam
300 2481 531 2521 generationis,
547 2481 603 2511 sed
625 2490 681 2520 per
701 2481 835 2512 modum
853 2490 968 2521 super-

197 2535 374 2566 naturalem
393 2545 400 2565 :
421 2543 487 2564 non
501 2542 558 2573 per
571 2534 703 2571 coitum,
718 2534 784 2565 imo
798 2535 837 2565 de
850 2534 966 2565 latere:

231 2615 262 2645 (a)
273 2615 313 2639 Al.
329 2621 394 2646 quae.
409 2627 438 2631 -
453 2613 486 2643 (ὁ)
503 2614 536 2636 et.
553 2612 581 2643 (c)
598 2613 658 2636 Coet.
679 2613 738 2638 edit.
755 2614 841 2638 desunt
852 2621 931 2638 unum
944 2616 969 2638 et

198 2656 257 2674 una.
266 2663 297 2667 —
309 2650 342 2680 (d)
355 2650 417 2674 Coet.
426 2648 489 2672 edit.
501 2648 668 2679 perducendi.

1017 245 1074 284 qui
1087 244 1201 276 modus
1186 245 1432 285 spmdneendit
1425 244 1464 283 (ὢ
1480 247 1788 289 peroptimeeumpe-

1016 298 1102 328 tebat
1122 298 1294 337 conjugio,
1315 301 1385 329 tum
1400 302 1528 339 propter
1540 299 1702 339 figuram,
1715 302 1787 331 tmn

1017 350 1113 381 etiam
1137 353 1174 381 ut
1197 351 1381 390 signaretur
1402 351 1523 383 vinculi
1546 351 1790 383 matrimonialis

1017 404 1194 443 aequalitas,
1224 404 1301 444 quia
1327 403 1367 434 de
1391 404 1489 435 latere
1513 406 1547 435 et
1571 405 1786 436 adhe-entia:

1016 456 1103 487 unde
1115 457 1192 497 quia
1204 465 1270 488 non
1283 457 1380 487 simili
1391 457 1487 488 modo
1499 457 1553 488 alii
1565 457 1626 488 sibi
1638 457 1786 496 animi,

1016 511 1087 542 ideo
1101 511 1216 542 modus
1229 511 1282 542 ille
1295 512 1336 543 ad
1351 512 1610 552 consequentiam
1623 512 1711 544 trahi
1721 521 1789 544 non

1017 567 1119 604 potest
1131 574 1188 595 nec
1203 564 1305 595 dehet.

1058 619 1088 648 Ξ.
1099 617 1148 648 Ad
1163 617 1242 648 illud
1253 617 1336 657 quod
1346 617 1511 657 objicitur
1532 590 1658 649 «omne
1669 617 1790 649 anim!

1017 668 1122 708 diligit
1137 670 1197 700 sibi
1211 670 1357 708 simile,-
1377 670 1545 701 dicendum
1555 671 1642 711 quod
1650 670 1752 702 illud·
1741 679 1790 702 m-

1017 721 1080 752 telli
1085 722 1173 761 gitur
1182 722 1221 753 de
1227 722 1435 753 similitudine
1443 723 1621 754 seeundum
1633 723 1787 764 spadam

1018 775 1068 806 vel
1082 776 1109 806 si
1125 775 1321 815 intelligatur
1334 775 1373 806 de
1390 776 1600 808 similitudine
1612 777 1790 808 seeundum

1017 829 1122 859 oernis
1142 829 1400 868 proximitatem,
1429 829 1535 860 adhuc
1560 829 1657 860 habet
1671 829 1789 861 vuila-

1017 884 1093 917 tem,
1109 881 1194 921 quod
1209 882 1323 921 diligit.
1337 881 1399 913 Sed
1409 882 1492 913 alius
1505 885 1554 913 est
1566 882 1683 914 modus
1693 881 1792 914 affee-

1018 935 1132 973 1101ιί5,
1157 945 1220 975 quo
1241 935 1402 975 diligenda
1419 939 1467 966 est
1482 945 1581 973 uxor3
1604 935 1704 974 alius,
1724 945 1791 977 quo

1017 989 1179 1029 diligenda
1190 992 1236 1020 est
1251 999 1360 1020 soror:
1373 993 1405 1020 et
1417 990 1489 1021 ideo
1502 991 1686 1031 eonjundio
1698 990 1792 1022 affee-

1017 1042 1113 1072 tionis
1127 1043 1283 1073 naturalis
1303 1046 1461 1083 repugnat
1476 1043 1601 1083 copulae
1620 1043 1790 1074 matrimo-

1018 1094 1094 1125 niali
1110 1108 1116 1126 2
1135 1105 1213 1135 ergo
1227 1096 1254 1126 si
1271 1096 1439 1136 copuletur
1452 1105 1510 1136 per
1529 1096 1704 1128 aflecfionis
1715 1096 1789 1128 vin-

1018 1148 1147 1186 culum,
1162 1158 1227 1179 non
1249 1149 1395 1189 sequitur
1413 1149 1499 1190 quod
1522 1149 1634 1180 debent
1646 1149 1790 1190 copulari

1018 1210 1075 1241 per
1089 1202 1341 1233 matrimonium.

1060 1256 1090 1285 3.
1113 1255 1162 1285 Ad
1186 1255 1267 1286 illud
1281 1255 1366 1295 quod
1387 1255 1553 1296 objicitur,
1567 1255 1655 1296 quod
1676 1258 1792 1288 mmm

1019 1308 1204 1338 firmitatem
1217 1311 1345 1348 praestat
1355 1309 1485 1340 vinculo
1493 1308 1678 1348 voluntatis,
1687 1309 1793 1340 (1101111-

1020 1361 1098 1391 dum
1113 1361 1199 1401 quod
1214 1371 1328 1392 verum
1338 1364 1398 1399 est,
1410 1362 1467 1393 ubi
1478 1362 1603 1393 affectio
1611 1362 1795 1394 voluntaria

1021 1416 1061 1447 ad
1075 1416 1107 1447 id
1122 1417 1289 1456 dirigitur,
1306 1418 1346 1448 ad
1359 1418 1445 1458 quod
1458 1419 1591 1449 inclinat
1603 1421 1719 1450 natm-a
1731 1429 1741 1449 :
1760 1420 1795 1449 ά

1021 1468 1174 1507 quoniam
1189 1471 1306 1499 natura
1325 1468 1407 1499 bene
1425 1469 1569 1500 ordinata
1585 1478 1651 1500 non
1662 1469 1794 1500 inclinat

1020 1521 1059 1551 ad
1073 1521 1256 1552 coeundum
1270 1531 1344 1552 cnm
1359 1532 1483 1561 sorore,
1499 1525 1531 1553 et
1542 1523 1667 1554 affectio
1680 1522 1792 1553 nntri-

1021 1575 1169 1605 monialis
1183 1575 1314 1606 inclinat
1326 1576 1365 1607 ad
1379 1576 1630 1616 cognoscendam
1643 1584 1793 1613 uxorein,

1020 1629 1096 1659 hinc
1110 1631 1157 1659 est
1177 1629 1262 1669 quod
1281 1629 1436 1660 naturalis
1450 1630 1575 1661 affectio
1587 1638 1655 1660 non
1666 1630 1796 1669 ptum

1021 1681 1181 1712 voluntati
1202 1682 1442 1720 fulcimentum,
1465 1683 1519 1713 sed
1540 1674 1797 1722 [1011051111ρῶ-

1022 1738 1178 1765 mentum.

1061 1791 1090 1819 4.
1113 1789 1161 1819 Ad
1175 1788 1254 1820 illud
1268 1789 1354 1829 qnod
1368 1789 1539 1828 objicitur,
1552 1789 1640 1829 quod
1657 1797 1725 1820 non
1739 1797 1793 1819 m-

1021 1844 1147 1882 pugnat
1171 1842 1264 1872 alicui
1284 1842 1370 1873 hono
1392 1842 1609 1880 matrimonii,
1623 1841 1794 1873 dieffldum

1022 1895 1107 1934 quod
1121 1894 1182 1925 hoc
1195 1895 1275 1925 solvi
1288 1897 1393 1935 potest
1414 1904 1472 1935 per
1494 1894 1770 1935 interemptkmn
1782 1904 1793 1924 z

1025 1948 1178 1988 quoniam
1193 1948 1365 1988 Gregorius
1383 1948 1457 1979 dicit
1479 1948 1565 1988 quod
1577 1948 1796 1988 αμα-’11116110

1022 2001 1132 2032 didicit
1157 2010 1198 2031 ex
1225 2001 1280 2032 tali
1307 2002 1421 2041 copula
1443 2011 1508 2033 non
1536 2011 1630 2042 posse
1653 2001 1796 2032 sobolem

1021 2054 1199 2085 succedere.
1210 2054 1342 2085 Videtur
1353 2057 1460 2085 tamen
1469 2057 1501 2085 et
1513 2054 1677 2085 aliterdini
1687 2063 1793 2094 pose,

1022 2107 1108 2147 quod
1121 2107 1253 2147 impedit
1275 2108 1382 2146 majus
1399 2107 1538 2144 bonnm,
1553 2106 1640 2147 quod
1659 2109 1709 2137 est
1719 2106 1796 2137 vin-

1023 2161 1130 2192 culum
1153 2161 1316 2192 affinitatis
1326 2185 1335 2198 ,
1351 2161 1429 2201 quia
1442 2161 1559 2192 exinde
1576 2162 1737 2192 nonnam
1747 2163 1797 2192 est

1023 2215 1144 2245 occasio
1167 2216 1291 2245 mutuae
1313 2214 1511 2245 dilectionis:
1535 2213 1622 2254 quod
1642 2215 1747 2254 patet,
1766 2214 1796 2244 si

1022 2267 1139 2308 aliquis
1155 2268 1287 2308 accipiat
1307 2266 1405 2298 filiam
1426 2267 1524 2308 patris
1545 2267 1597 2297 sui
1610 2291 1620 2305 ,
1635 2269 1669 2297 et
1679 2266 1796 2298 exinde

1024 2324 1155 2361 genere-t
1168 2321 1308 2361 prolem,
1331 2321 1415 2352 idem
1440 2323 1489 2352 est
1506 2329 1596 2351 socer
1604 2322 1638 2350 et
1647 2321 1750 2360 pater,
1763 2321 1798 2350 α

1023 2374 1134 2405 eadem
1152 2374 1269 2405 mulier
1291 2377 1339 2405 est
1350 2383 1461 2405 socrus
1478 2376 1511 2404 et.
1531 2375 1649 2410 mater,
1664 2374 1697 2403 et
1710 2372 1796 2403 iden

1022 2428 1111 2458 filius
1124 2430 1157 2458 et
1170 2437 1280 2466 gener,
1295 2427 1406 2458 eadem
1417 2435 1520 2458 nurus
1530 2428 1563 2457 et
1574 2425 1652 2463 filia,
1664 2427 1698 2456 et
1710 2424 1797 2456 idem

1023 2481 1075 2512 vir
1094 2483 1126 2511 et
1148 2481 1262 2518 frater,
1283 2483 1315 2512 et
1339 2480 1451 2511 eadem
1471 2488 1556 2510 uxor
1574 2481 1606 2510 et
1626 2487 1736 2516 soror;
1752 2477 1799 2508 ita

1024 2537 1169 2575 respectu
1183 2534 1346 2565 affinitatis
1357 2558 1365 2571 ‚
1380 2542 1453 2574 quae
1465 2535 1589 2573 poterat
1608 2541 1679 2564 esse
1694 2532 1730 2562 in
1742 2540 1799 2563 ω-

1025 2590 1099 2618 tavo
1111 2611 1122 2625 ,
1146 2588 1230 2618 sicut
1254 2588 1290 2618 in
1316 2589 1450 2628 quanm
1479 2586 1626 2617 similiter
1650 2587 1799 2625 respectu

1025 2640 1134 2680 prolis.
1140 2639 1179 2671 Et
1193 2640 1275 2678 ideo,
1289 2643 1327 2671 ut
1340 2641 1410 2670 istae
1427 2638 1627 2679 alligationes
1640 2637 1799 2670 diffunde-
