1991 3006
0 377 23 398 td
42 384 92 404 opp.

0 2111 88 2132 iliorum.

507 192 604 223 DIST.
629 190 691 221 XX.
717 188 831 220 PART.
858 188 881 217 ll

106 261 268 303 potestatis
289 260 417 299 reliquit
435 259 469 289 in
490 258 627 288 Ecclesia
644 268 650 287 ς
667 265 744 295 ergo
767 257 797 285 et
821 264 878 293 po-

109 317 253 346 testatem
268 312 445 348 relaxandi,
461 314 492 341 et
507 309 716 341 condonandi.

148 368 262 398 Contra
280 379 286 398 :
307 370 335 396 11.
355 365 515 396 1Βίτηῑεςα
536 366 580 394 est
598 363 758 402 iniquitas
777 360 876 396 illius,

107 422 245 460 suscepit
265 420 303 451 de
324 426 422 449 manu
439 417 568 449 Domini
595 416 740 455 duplicia
765 424 774 445 :
802 422 880 452 ergo

107 474 232 506 videtur
253 473 338 513 quod
357 480 450 511 poena
470 470 506 501 ad
528 470 697 510 perfectam
717 467 878 498 remissio-

108 536 183 558 nem
197 527 236 557 sit
250 524 449 565 duplicanda,
466 532 531 554 non
545 522 725 554 relaxanda.

147 583 176 611 2.
194 579 272 609 Item
287 587 382 614 super
392 577 489 607 illud²
503 585 511 606 :
525 576 647 615 Neyare
663 575 801 613 seipsum
815 581 880 604 mm

105 635 208 672 potest
214 655 223 670 ,
246 630 354 661 Glossa
372 641 378 659 :
398 641 412 658 a
428 629 508 666 Quid
527 629 655 666 faceret,
679 628 705 657 si
726 627 807 657 dicta
822 635 880 656 sua

110 684 348 724 uonimpleret‘?
363 694 377 712 1)
398 683 485 722 Ergo
507 690 633 713 necesse
654 680 797 720 estquod
816 679 879 710 Do-

108 738 214 769 minus
227 737 309 768 dicta
320 746 377 767 sua
389 736 517 776 impleat
530 745 537 766 :
552 735 605 766 sed
618 735 683 774 ipse
697 733 858 774 p1·aedixit³
870 743 876 761 ;

110 790 288 822 Secundum
307 797 484 821 mensuram
509 788 619 820 delicti
640 788 699 818 eric
720 789 748 818 et
766 787 878 826 plassa-

107 852 178 875 rum
202 843 313 875 modus
333 853 344 872 :
367 852 446 882 ergo
470 850 594 872 necesse
618 843 663 870 est
686 840 728 870 ita
754 839 877 879 puniri,

109 897 189 927 sicut
212 899 242 926 ct
262 899 405 935 peccator
428 895 544 926 meruit
566 905 572 924 z
594 902 671 933 ergo
696 902 758 923 uon
779 894 880 931 potest

109 949 227 989 aliquid
242 948 387 979 relaxari.

148 1003 177 1031 3.
204 1000 282 1031 Item
307 1000 426 1030 ratione
451 1000 575 1030 videtur
596 1010 602 1029 :
628 999 742 1029 Facere
764 998 879 1037 dignos

108 1054 229 1084 fructus
242 1052 436 1092 poenitentiae
451 1054 496 1083 est
512 1052 543 1082 in
555 1052 662 1082 divino
678 1053 845 1090 praecepto,
862 1059 880 1080 a

107 1115 171 1145 quo
190 1114 252 1136 nou
274 1107 376 1145 potest
397 1105 529 1145 quisque
544 1105 640 1135 homo
658 1113 758 1144 purus
777 1103 878 1133 ahsol-

107 1167 181 1190 vere
199 1169 205 1189 :
221 1159 274 1189 sed
289 1159 404 1197 dignos
425 1159 545 1189 fructus
563 1159 679 1195 facere,
701 1160 747 1187 est
767 1166 877 1187 secun-

107 1212 185 1243 dum
210 1213 466 1251 magnitudinem
490 1211 613 1242 sceleris
636 1210 806 1249 magnifice
827 1219 878 1240 sa-

107 1265 246 1296 tisfacere
264 1277 270 1296 :
287 1275 366 1304 ergo
381 1266 507 1296 videtur
522 1265 607 1304 quod
625 1274 688 1295 non
704 1264 774 1294 licet
788 1263 879 1293 alicui

108 1318 146 1349 de
157 1318 293 1349 Ecclesia
305 1319 343 1348 de
357 1318 410 1348 illo
423 1319 567 1348 minuere
581 1328 587 1347 :
600 1326 678 1355 ergo
691 1326 748 1346 nee
760 1316 880 1346 relaxa-

108 1371 226 1401 tionem
242 1371 381 1410 aliquam
396 1371 508 1407 facere,
524 1370 575 1400 vel
590 1370 771 1409 praecipere.

148 1427 177 1455 4.
205 1424 281 1455 Item
305 1425 434 1455 inferior
460 1434 523 1455 non
549 1425 649 1463 potest
672 1423 836 1453 absolvere
862 1432 880 1451 a

108 1486 218 1517 poena,
240 1477 279 1508 ad
301 1487 399 1517 quam
420 1478 498 1516 ligat
520 1477 664 1516 superior
684 1487 690 1506 :
711 1476 764 1506 sed
784 1475 877 1512 Deus)

108 1531 295 1561 remittendo
311 1531 449 1570 eulpam⁷
467 1530 547 1569 ligat
561 1530 599 1560 ad
615 1530 793 1569 aliquorum
810 1538 875 1567 poe-

109 1592 182 1613 nam
195 1584 399 1623 temporalem
415 1595 421 1613 :
440 1592 519 1622 ergo
534 1583 660 1614 videtur
674 1582 757 1622 quod
773 1582 880 1612 nullus

111 1636 205 1666 homo
228 1637 324 1676 possit
346 1637 384 1667 de
406 1637 458 1667 illa
480 1636 599 1676 aliquid
623 1636 780 1665 dimittere
802 1646 808 1665 z
827 1644 877 1664 er-

110 1698 163 1728 go,
186 1692 243 1720 etc.

382 1768 607 1800 CONCLUSIO.

110 1850 195 1876 Poenae
217 1850 350 1876 relaxatio
379 1851 437 1882 ficri
464 1851 566 1882 potest,
595 1857 647 1875 non
670 1849 748 1874 modo
771 1850 799 1874 z‘tz
821 1850 880 1881 foro

144 1894 283 1924 Ecclesiae,
306 1894 351 1920 scd
373 1895 452 1919 ctiam
474 1894 503 1918 in
522 1894 580 1924 foro
600 1893 662 1922 Dei,
685 1894 724 1918 z'ta
747 1895 775 1918 ut
795 1893 881 1926 major

145 1939 254 1963 taoeelur
280 1939 311 1963 z'n
341 1938 488 1966 minorem,
519 1937 594 1970 cujus
622 1936 756 1962 residuum
786 1938 881 1963 merila

146 1981 269 2008 Ecclesiae
287 1982 471 2014 satisfaciunt.

151 2060 241 2099 Resp.
254 2060 290 2090 ad
303 2069 372 2098 arg.
386 2059 558 2089 Dicendum
569 2060 653 2099 quod
670 2060 879 2090 relaxationes

111 2113 193 2143 fiunt
215 2114 245 2143 et
267 2113 334 2143 fieri
359 2114 506 2152 possunt;
529 2112 581 2142 sed
604 2113 739 2151 qualiter
761 2113 880 2153 possint

110 2165 192 2203 fieri,
220 2165 430 2195 diversimode
453 2164 544 2194 nobis
568 2165 726 2195 insinuant
750 2166 877 2196 diversi.

111 2218 244 2255 Quidam
262 2218 362 2255 enim,
386 2218 616 2256 distinguentes
637 2218 741 2248 forum
762 2218 830 2255 Dei⁷
850 2221 879 2249 et

110 2271 214 2301 sorum
230 2270 384 2308 Ecclesiae,
402 2270 550 2300 dixerunt
562 2270 746 2309 hujusmodi
762 2271 880 2302 relaxa-

111 2321 210 2352 tiones
232 2330 296 2351 non
319 2321 387 2351 fieri
414 2331 471 2351 nec
499 2321 633 2359 intelligi
657 2324 812 2360 quantun]
840 2322 878 2353 ad

112 2373 214 2404 forum
229 2374 297 2411 Dei,
314 2374 366 2403 sed
380 2375 533 2412 quantum
548 2373 586 2403 ad
602 2374 704 2403 forum
721 2374 875 2405 Ecclesiae.

112 2426 176 2457 Hoc
190 2430 296 2458 autem
311 2427 356 2456 sic
368 2426 551 2465 intelligunt
563 2437 569 2455 z
582 2427 661 2456 sacri
674 2436 808 2458 canones
822 2437 878 2468 pro

111 2481 297 2511 mortalibus
312 2480 444 2520 peccatis
459 2489 574 2519 graves
589 2482 619 2510 et
631 2480 797 2512 diuturnas
812 2491 877 2521 poe-

111 2533 257 2563 nitentias
271 2535 394 2571 taxant,
415 2534 451 2563 ut
463 2542 520 2572 pro
534 2542 599 2563 uno
614 2533 738 2563 mortali
753 2536 876 2573 septen-

112 2585 211 2623 nium,
226 2585 277 2615 vel
291 2585 441 2625 amplius,
457 2585 633 2615 secundum
648 2585 731 2624 quod
748 2587 879 2624 gravius

146 2648 221 2677 ¹lsa.‚
237 2653 280 2678 xz,
295 2648 356 2670 2.—
373 2647 381 2661 ²
394 2648 413 2671 ll
432 2648 503 2677 Tim„
518 2653 546 2677 11,
563 2649 600 2672 13.
611 2660 641 2665 -
655 2648 757 2678 ⁸Deut.,
779 2654 838 2679 xxv,
855 2652 877 2673 2.

888 209 894 217 .
922 186 1007 217 ART.
1032 187 1054 216 l.
1080 186 1230 223 QUAEST.
1258 188 1294 218 ll.

1669 188 1705 215 77

935 256 979 284 est
997 264 1003 284 :
1020 262 1092 293 quae
1114 262 1208 292 poena
1229 254 1306 284 adeo
1331 254 1440 293 gravis
1460 254 1522 291 est,
1545 252 1628 292 quod
1650 252 1704 282 vix

935 308 990 337 aut
1004 315 1168 345 nunquam
1184 309 1286 345 posset
1299 307 1370 346 quis
1382 307 1494 344 facere,
1512 308 1542 337 et
1556 305 1648 345 pauci
1661 305 1707 335 in-

936 360 1119 390 venirentur
1144 360 1198 398 qui
1225 359 1353 390 vellent.
1379 360 1451 390 Ideo
1474 359 1706 390 constituerunt

935 414 1070 442 rectores
1088 411 1233 443 Ecclesiae
1249 413 1446 452 poenitentias
1465 412 1640 443 secundum
1654 420 1704 441 ar-

934 465 1064 495 bitrium
1086 465 1220 504 imponi,
1244 467 1274 495 et
1295 465 1333 495 de
1348 465 1474 495 residuo
1497 465 1706 495 relaxationes

935 519 1166 550 constituerunt
1176 517 1245 548 fieri
1258 528 1264 548 ε
1277 517 1361 557 quod
1372 520 1402 547 et
1412 518 1511 547 facere
1522 519 1704 557 potuerunt,

935 572 1086 611 quoniam
1102 571 1284 601 constitutio
1299 571 1441 601 humana
1455 573 1535 608 erat,
1553 573 1583 601 et
1597 570 1629 600 in
1644 570 1705 601 hu—

935 634 1031 655 mana
1048 624 1271 655 constitutione
1286 625 1387 663 potest
1400 623 1496 665 homo
1512 623 1563 653 hic
1577 623 1706 663 dispen-

935 686 1003 708 sare
1021 679 1051 707 et
1066 679 1253 716 temperare,
1270 686 1342 716 quae
1357 676 1544 715 dispensatio
1559 677 1705 715 quaedam

936 730 1088 760 relaxatio
1098 739 1162 760 non
1173 729 1309 760 indebite
1324 729 1508 769 appellatur.
1526 728 1585 759 Sed
1601 731 1705 760 tamen
1721 741 1817 768 Improh.

934 783 992 813 isla
1015 784 1137 823 opinio,
1163 783 1220 813 etsi
1244 783 1453 813 relaxationes
1476 783 1622 813 videatur
1648 793 1705 822 po—

935 846 1025 873 nere,
1051 837 1157 867 verius
1181 838 1286 866 tamen
1311 836 1476 873 interimit3
1506 836 1581 875 quia
1605 836 1629 865 si
1654 845 1706 866 rc-

935 889 1060 927 laxant,
1086 890 1129 919 ita
1148 889 1233 929 quod
1255 889 1337 920 Deus
1358 898 1422 919 non
1441 888 1579 926 relaxat,
1603 889 1708 929 potius

935 943 1086 982 dcceptffl,
1099 952 1195 981 quam
1209 942 1361 973 relaxatio
1374 951 1450 973 vera
1460 943 1630 981 judicanda
1643 945 1704 980 est;

935 998 965 1026 et
981 998 1085 1035 potius
1100 996 1280 1034 erudelitas,
1296 1005 1394 1035 quam
1411 996 1508 1035 pietas
1518 996 1579 1026 dici
1594 998 1704 1035 potest,

934 1049 1010 1079 dum
1032 1049 1204 1080 minuendo
1219 1049 1271 1079 hic
1290 1049 1524 1088 poenitentiam,
1544 1050 1575 1079 in
1598 1049 1707 1079 futuro

935 1102 971 1131 ad
991 1103 1140 1140 graviora
1160 1102 1257 1132 trahit
1277 1102 1440 1141 supplicia.
1463 1102 1534 1132 Ideo
1554 1102 1643 1132 aliter
1659 1102 1705 1132 di-
1722 1113 1827 1135 nereum-

1722 1145 1827 1166 nat.Doct.

934 1156 1082 1193 cendum7
1099 1157 1183 1196 quod
1197 1156 1349 1186 relaxatio
1364 1156 1418 1186 illa
1430 1165 1493 1186 non
1506 1156 1609 1187 solum
1625 1156 1707 1187 valet

934 1209 967 1239 in
988 1210 1053 1239 foro
1076 1209 1236 1248 Ecclesiae,
1259 1219 1372 1240 verum
1387 1210 1482 1240 etiam
1502 1210 1535 1240 in
1554 1210 1621 1240 foro
1636 1209 1705 1247 Dei,

935 1262 1010 1301 quia
1036 1262 1117 1293 Deus
1141 1263 1237 1293 habet
1257 1272 1313 1302 pro
1337 1263 1527 1300 condonato,
1554 1263 1639 1302 quod
1664 1263 1708 1292 sic

935 1316 1142 1345 condonatur.
1161 1315 1272 1346 Modus
1290 1318 1395 1346 autem
1418 1315 1610 1354 intelligendi
1626 1325 1707 1355 qua-

935 1369 1004 1398 liter
1020 1369 1085 1399 fieri
1106 1370 1218 1408 possit,
1235 1369 1305 1399 talis
1320 1371 1377 1399 est.
1393 1368 1707 1408 Praesupponendum

936 1422 1019 1461 quod
1042 1423 1162 1452 honum
1186 1422 1366 1452 obtinemus
1385 1431 1423 1452 ex
1446 1422 1558 1461 triplici
1582 1422 1706 1459 merito,

936 1475 1050 1504 scilicet
1075 1484 1113 1504 ex
1131 1475 1243 1504 merito
1259 1475 1400 1513 proprio,
1422 1476 1450 1504 et
1467 1483 1506 1504 ex
1528 1474 1640 1504 merito
1656 1483 1706 1504 ca—

936 1528 1025 1568 pitis,
1048 1530 1077 1558 et
1096 1537 1137 1558 ex
1152 1528 1263 1557 merito
1278 1527 1493 1557 ecclesiasticae
1509 1527 1650 1557 unitatis.
1672 1526 1709 1557 Et

937 1582 1019 1620 quod
1036 1581 1079 1610 ita
1095 1581 1144 1618 sit7
1164 1581 1196 1610 in
1210 1589 1242 1611 se
1258 1580 1458 1610 manifestum
1474 1582 1530 1617 est,
1547 1581 1621 1619 quia
1636 1581 1708 1620 qui-

936 1635 1010 1664 libet
1026 1637 1162 1664 meretur
1179 1634 1238 1663 sihi
1261 1643 1316 1673 per
1333 1633 1470 1672 gratiam
1486 1642 1581 1672 quam
1602 1633 1705 1663 habet.

936 1688 1024 1724 Quod
1046 1688 1186 1718 Christus
1202 1687 1319 1717 meruit
1335 1686 1444 1722 nobis,
1462 1695 1556 1716 nemo
1572 1686 1706 1724 dubitat,

936 1741 995 1771 nisi
1018 1742 1071 1780 qui
1096 1741 1156 1771 fide
1178 1742 1273 1771 caret.
1294 1739 1382 1776 Quod
1398 1739 1534 1769 Ecclesia
1548 1741 1709 1770 mereatur

937 1794 1040 1831 nohis,
1057 1796 1087 1824 et
1101 1795 1171 1833 eJus
1187 1793 1308 1829 merita,
1326 1794 1410 1831 patet
1426 1801 1481 1831 per
1494 1792 1628 1823 verbnm
1647 1793 1708 1822 Au-

938 1847 1057 1886 gustini
1074 1846 1275 1886 praedictum,
1300 1848 1330 1875 et
1351 1854 1406 1884 per
1425 1845 1517 1881 illud,
1539 1846 1623 1884 quod
1643 1845 1709 1884 ipse

937 1900 1128 1939 subjungit·
1145 1910 1151 1928 z
1169 1910 1182 1927 (t
1198 1898 1295 1930 Nemo
1310 1900 1411 1937 potest
1426 1898 1523 1935 digne
1539 1898 1706 1937 poenitere,

936 1963 1030 1993 quen]
1047 1962 1110 1983 non
1126 1953 1279 1982 sustineat
1298 1952 1403 1982 unitas
1423 1951 1581 1982 Ecclesiae.
1598 1963 1612 1979 »
1629 1951 1708 1981 Ver-

936 2007 1012 2036 bum
1038 2006 1115 2036 illud
1140 2007 1185 2035 est
1210 2005 1344 2035 verbum
1370 2004 1541 2042 Augustini
1569 2004 1602 2034 in
1628 2004 1708 2045 libro

935 2059 973 2091 (le
989 2059 1190 2091 Poenitentz‘a.
1208 2058 1268 2088 Per
1282 2057 1367 2087 hunc
1385 2057 1526 2095 niodum,
1545 2056 1626 2086 sicut
1642 2066 1708 2087 me-

936 2113 1033 2143 ritum
1045 2111 1208 2142 obtinendi
1219 2113 1263 2141 est
1276 2110 1401 2149 triplex,
1416 2110 1460 2139 sic
1470 2109 1619 2140 meritum
1635 2109 1708 2139 lilJe-

936 2166 1025 2195 randi
1049 2175 1066 2195 a
1090 2165 1173 2195 malo
1191 2176 1198 2195 :
1217 2164 1366 2195 meritum
1388 2163 1504 2193 scilicet
1524 2163 1704 2202 proprium,

936 2221 966 2249 et
989 2220 1047 2249 1100
1067 2220 1111 2249 est
1133 2218 1282 2248 meritum
1304 2219 1421 2247 nostrae
1444 2217 1656 2255 contritionis,
1678 2219 1708 2247 et

936 2281 992 2310 per
1015 2271 1075 2301 hoc
1096 2280 1256 2301 meremur
1278 2270 1403 2301 liberari
1426 2280 1443 2299 a
1464 2278 1556 2309 poena
1571 2271 1704 2307 aeterna,

936 2325 978 2354 ita
999 2324 1083 2363 quod
1103 2324 1198 2355 simul
1213 2326 1287 2354 sunt
1310 2324 1379 2353 haec
1400 2323 1482 2360 (1110,
1502 2323 1583 2353 sicut
1602 2323 1634 2352 in
1650 2333 1704 2353 an-

935 2377 1015 2416 gelis
1032 2377 1135 2415 gratia
1154 2380 1183 2407 et
1205 2376 1324 2415 gloria3
1344 2375 1481 2406 secundo
1501 2375 1595 2406 modo
1610 2376 1706 2406 meri-

936 2432 1005 2460 tum
1018 2430 1141 2467 Christi,
1159 2432 1189 2460 et
1204 2430 1264 2459 hoc
1278 2432 1427 2468 operatur
1442 2429 1475 2458 in
1490 2429 1702 2461 sacramentis.

936 2486 965 2513 et
986 2486 1136 2523 potestate
1158 2484 1315 2521 clavium,
1337 2485 1366 2513 et
1387 2492 1442 2523 per
1461 2483 1521 2513 hoc
1536 2483 1706 2513 remittitur

936 2545 1009 2576 pars
1020 2545 1137 2576 poeuae3
1154 2537 1244 2567 tertio
1255 2536 1348 2567 modo
1357 2538 1403 2566 est
1412 2536 1563 2566 meritum
1575 2535 1704 2566 unitatis

936 2629 965 2634 —
984 2616 993 2631 Β
1010 2617 1063 2640 11110
1078 2618 1144 2640 auct.
1164 2616 1206 2640 lib.
1222 2616 1252 2640 de
1267 2624 1323 2640 vera
1338 2618 1360 2639 et
1375 2616 1412 2646 sa*
1432 2636 1434 2638 .
1454 2618 1550 2646 flumen,
1567 2624 1588 2639 c.
1612 2620 1657 2643 zm,
1673 2622 1703 2638 ex

936 2651 1076 2679 Enchirid„
1090 2659 1113 2676 c.
1126 2658 1184 2676 LXV.
