1991 3006
41 1105 146 1130 Adq.1ai.

49 2494 81 2513 Ad
98 2501 149 2520 opp.

159 234 216 263 542
711 231 1019 263 suN'l‘1‹2N'r1ARUM
1046 232 1115 262 [AB.
1141 232 1188 263 iv.

158 299 273 339 pellare
290 301 383 338 juxta
398 299 533 329 verbum
551 299 674 329 Domini
689 300 696 316 ¹
712 300 928 329 honorabilem

158 353 391 383 consessionem
409 352 459 390 (a).
481 351 568 382 Ratio
587 355 693 382 aulem
712 352 810 390 hujus
828 352 928 381 hono-

158 405 266 436 rahilis
277 405 482 435 consessionis
493 405 529 443 (b)
545 405 714 441 meritoria,
727 407 771 435 est
784 405 930 444 perfectio

159 458 468 498 supererogationis;
492 459 573 489 ratio
592 461 698 489 autem
718 458 820 488 finalis
832 460 878 487 est
891 458 930 488 ad

160 511 455 542 condemnationem
467 511 625 541 malorum
636 521 676 541 ex
688 512 760 541 vilse
772 520 838 541 suae
849 520 931 541 com-

159 564 332 604 paratione,
345 564 422 594 etad
433 564 568 601 gloriam
580 564 692 595 Christi
704 573 759 603 per
766 564 930 594 sententiae

158 618 228 656 ejus
245 617 358 655 judicii
381 617 413 655 (c)
437 617 706 657 approbationem.
735 617 928 647 Sententiam

158 671 244 701 enim
274 670 399 700 Domini
426 672 460 700 ut
485 671 605 709 justam
634 669 872 709 approbabunt,
901 672 931 700 et

159 724 315 754 malorum
331 723 429 754 vitam
450 733 508 753 sua
528 723 762 763 comparatione
781 724 929 753 condem-

158 776 291 806 nabunt.
307 775 343 806 Et
354 785 392 806 ex
406 776 455 806 his
472 778 577 815 patent
592 777 727 806 rationes
742 776 781 806 ad
795 776 930 815 primam

158 829 291 866 partem.
313 826 454 857 Concedo
474 827 558 857 enim
576 827 659 866 quod
674 827 803 866 quidam
821 827 930 866 digni-

159 882 220 910 tate
231 880 436 919 judicabunt5
455 890 518 911 non
534 883 640 911 tamen
656 883 689 911 ut
705 880 856 910 Christus
874 880 932 910 Ra-

158 935 258 965 tiones
281 935 318 965 ad
341 935 520 974 oppositum
542 935 687 965 similiter
708 937 836 974 patent:
855 945 929 966 con-

158 987 290 1018 cludunt
313 988 398 1018 enim
421 988 506 1027 quod
532 988 673 1027 ipsorum
698 997 761 1019 non
785 988 824 1018 sit
851 988 931 1019 ferre

159 1042 357 1072 sententiam.

201 1095 249 1125 Ad
263 1094 340 1125 illud
352 1103 427 1124 vero
438 1094 522 1134 quod
537 1095 704 1133 quaerssur,
717 1104 814 1134 quare
830 1096 932 1133 magis

160 1147 310 1186 apostoli,
339 1150 370 1177 et
397 1147 427 1176 in
456 1147 642 1177 duodecimo
667 1156 820 1184 numel‘o;
848 1150 931 1187 patet

160 1200 322 1239 responsio
338 1210 377 1230 cx
393 1200 482 1231 dictis
500 1209 506 1229 :
521 1210 575 1240 per
585 1200 743 1239 apostolos
755 1201 840 1230 enim
855 1201 932 1231 duo-

160 1253 260 1283 decim
271 1277 278 1290 ,
294 1262 405 1283 omnes
423 1254 481 1283 viri
501 1253 626 1293 perfecti
642 1253 886 1292 intelliguntur3
901 1256 932 1284 et

159 1315 215 1346 per
228 1306 329 1336 trihus
343 1307 520 1343 duodecim,
537 1307 727 1336 universitas
738 1307 932 1346 judicando-

160 1367 242 1389 rum.
265 1358 324 1389 Sed
348 1368 422 1389 eum
446 1359 567 1398 Septem
584 1368 718 1389 numero
742 1360 931 1390 universitas

159 1412 353 1451 designetur,
372 1423 471 1453 quare
490 1422 554 1443 non
575 1413 654 1443 dixit
674 1413 707 1443 in
728 1417 845 1452 septem
871 1423 931 1444 nu-

161 1467 272 1497 mero‘?
289 1466 471 1506 Respondeo
486 1466 653 1496 dicendum
667 1467 705 1496 ad
717 1467 787 1502 hoc,
801 1467 884 1506 quod
899 1467 931 1496 in

162 1518 283 1558 Septem
303 1522 429 1550 notatur
450 1519 642 1549 universitas
653 1543 661 1557 ,
678 1528 751 1559 quae
767 1519 931 1559 componi-

160 1574 212 1602 tur
228 1582 268 1603 ex
294 1573 395 1603 tribus
418 1575 450 1603 et
468 1575 619 1612 quatuor3
646 1573 703 1603 isla
726 1573 759 1602 in
780 1582 813 1602 se
838 1573 931 1602 ducta

162 1625 279 1656 faciunt
293 1625 515 1655 duodecimum
530 1634 713 1655 numerum.
730 1625 816 1656 Ratio
826 1628 930 1656 autem

161 1687 258 1717 quare
285 1678 390 1716 inagis
412 1677 576 1708 duodecim
597 1687 693 1717 quam
717 1680 847 1717 septem,
871 1679 929 1709 du-

161 1731 234 1770 plex
249 1733 295 1761 est
316 1742 321 1761 ε
339 1731 491 1768 littei-alis,
510 1731 584 1770 quia
598 1731 636 1761 ad
653 1731 808 1770 apostolos
824 1731 932 1771 quue-

162 1784 265 1819 hatur,
293 1783 347 1823 qui
370 1786 462 1814 erant
484 1783 666 1821 duodecim;
687 1784 837 1823 mystica,
857 1785 931 1824 quia

163 1836 333 1868 Duodecim
360 1839 405 1867 est
434 1846 587 1867 numerus
616 1837 798 1874 abundans,
828 1840 932 1877 partes

162 1890 246 1920 enim
269 1891 338 1929 ejus
360 1892 661 1930 superexcrescunt;
679 1892 709 1920 et
726 1899 837 1920 rursus
856 1891 932 1921 divi-

162 1942 246 1972 ditur
268 1943 299 1972 in
323 1943 402 1973 duos
422 1943 574 1980 senarios,
591 1943 623 1972 in
647 1951 710 1982 quo
733 1943 933 1981 significatur

164 1996 312 2035 perfectio
329 1996 359 2025 in
374 1996 489 2035 duplici
506 1996 582 2033 vita,
595 1995 711 2026 scilieet
726 1996 758 2026 in
772 1997 883 2032 activa,
903 2000 933 2028 et

164 2049 417 2088 contemplativa,
434 2058 506 2079 cum
525 2050 808 2088 supererogatione
829 2051 931 2081 consi-

164 2101 279 2131 liorum
298 2113 304 2132 :
328 2105 358 2132 et
374 2102 432 2132 ista
448 2104 494 2132 est
514 2111 585 2141 quae
603 2102 745 2132 vendicat
766 2103 825 2132 sibi
842 2103 934 2142 judi-

163 2154 292 2184 ciariam
323 2156 508 2194 potestatem
538 2154 587 2185 vel
625 2154 814 2193 dignitatem
845 2166 851 2185 z
882 2165 933 2186 er-

166 2216 219 2246 go,
234 2210 292 2238 etc.

426 2305 565 2343 QUAEST
570 2305 605 2336 10
630 2305 666 2336 ll.

265 2391 306 2418 An
321 2391 410 2424 ariyeli
424 2392 453 2417 z'n
469 2390 511 2416 die
522 2390 622 2424 judicil
633 2389 792 2423 judicabunt
807 2388 826 2416 ².

207 2475 318 2506 Utrum
331 2475 438 2514 angeli
450 2474 656 2514 jiidicabunt3
674 2477 703 2504 et
716 2474 799 2514 quod
816 2475 871 2511 sie,
886 2475 932 2506 vi-

200 2557 206 2570 ·
226 2555 325 2585 Martii„
347 2561 404 2583 xlx,
429 2556 467 2578 28.
485 2567 515 2571 —
539 2554 548 2569 2
567 2554 610 2583 Cf.
633 2556 659 2577 5.
681 2553 780 2582 inum„
800 2554 825 2577 in
847 2554 933 2585 Suppl.

168 2600 182 2621 p
208 2592 249 2620 ΙΙΙ,
262 2599 286 2622 q.
305 2597 409 2620 Lxxx1x‚
425 2592 472 2613 art.
486 2592 512 2619 ³3
527 2592 551 2613 et
566 2589 595 2612 [V
612 2589 690 2616 Sene,
707 2589 764 2612 dist.
780 2594 862 2619 xcxii,
876 2598 901 2620 q.
916 2596 934 2619 ι,

167 2629 213 2650 art.
230 2629 257 2657 43
277 2626 368 2650 Thom.
393 2629 507 2655 Argent„
532 2626 560 2648 zv
582 2626 659 2653 Sene,
683 2623 740 2647 dist.
761 2629 844 2653 vaii,
865 2632 889 2655 q.
914 2631 933 2656 1,

167 2665 212 2685 art.
229 2663 257 2691 33
279 2662 365 2692 Steph.
387 2661 488 2691 mules„
511 2661 540 2684 lv
565 2660 644 2689 Sent„
663 2658 721 2681 dist.
743 2664 828 2689 vaii,
850 2667 875 2690 q.
900 2666 933 2690 11,-

169 2698 256 2721 reti-us
279 2698 310 2721 de
332 2698 444 2727 Tarum„
465 2697 494 2720 iv
518 2697 596 2726 Sene„
618 2695 675 2718 dist.
697 2699 781 2723 van,
807 2701 831 2724 q,
855 2701 935 2719 111.—

986 300 1078 329 detur
1092 300 1124 329 ⁴:
1144 301 1220 330 υιιηι
1240 300 1362 331 venerit
1385 300 1474 338 nlius
1499 300 1650 338 hominis,
1672 302 1748 339 etc.;

987 353 1028 383 ibi
1045 353 1256 392 subjungitur
1270 353 1307 383 de
1323 354 1455 392 angelis.

1025 408 1055 436 2.
1073 406 1148 436 Item
1164 406 1173 421 ⁴
1189 414 1196 435 ε
1215 406 1251 436 ln
1267 407 1437 438 adventum
1454 406 1496 445 (cli
1512 406 1640 438 Domini
1654 408 1759 439 nostri

986 459 1058 490 Jesu
1076 460 1205 494 Christi.
1223 459 1330 489 iilossa
1348 471 1354 490 ;
1372 471 1386 487 «
1402 459 1563 490 Venientis
1573 469 1646 490 cum
1660 469 1757 499 ange-

987 510 1034 542 lis.
1055 523 1068 539 n
1095 512 1178 542 [dem
1202 512 1336 542 liabetur
1350 512 1382 542 in
1399 512 1544 552 pluribus
1566 512 1662 549 locis,
1678 515 1709 544 et
1724 513 1757 544 in

986 566 1088 601 textu,
1106 567 1135 594 et
1154 565 1186 594 in
1199 564 1316 595 Glossa.

1027 620 1055 647 3.
1076 617 1151 647 ltem
1169 618 1289 648 ratione
1305 617 1442 654 videtur,
1459 618 1535 657 quia
1549 618 1658 657 angeli
1674 627 1755 649 nun-

986 680 1082 709 quam
1101 674 1228 710 peccant
1247 681 1253 701 :
1270 680 1347 710 ergo
1362 671 1467 710 magis
1481 674 1556 702 sunt
1577 671 1680 702 idonei
1699 672 1757 711 ju-

986 725 1100 763 dicare,
1118 734 1215 765 quam
1231 725 1470 765 apostoli:ergo
1486 726 1511 755 si
1527 725 1658 765 apostoli
1671 725 1758 765 judi-

986 778 1113 813 cabunt,
1128 780 1158 808 et
1174 777 1291 817 angeli,
1311 777 1374 807 imo
1385 777 1485 808 multo
1500 778 1622 808 fortius.

1028 833 1055 861 4.
1077 832 1165 868 Item,
1184 831 1263 861 sicut
1278 840 1311 860 se
1332 830 1449 860 habent
1465 830 1538 860 boni
1556 830 1702 861 homines
1719 831 1758 862 ad

988 884 1097 921 malos,
1114 885 1155 914 ita
1167 883 1240 914 boni
1253 883 1410 921 angeliaii
1421 882 1538 914 malos:
1557 883 1583 913 si
1593 892 1671 923 ergo
1684 884 1759 915 boni

987 936 1133 967 homines
1154 936 1343 976 judicabunt
1367 936 1484 974 malos,
1510 938 1540 967 et
1561 936 1634 967 boni
1652 937 1759 976 angeli

987 991 1100 1021 debent
1111 991 1254 1031 jiidicare
1271 990 1380 1021 malos.

1028 1044 1141 1074 Contra
1155 1044 1165 1060 ⁵
1182 1055 1188 1073 :
1209 1044 1394 1075 Potestatem
1407 1042 1497 1074 dedit
1507 1044 1537 1074 ei
1549 1043 1758 1082 &madidum
1772 1050 1875 1074 rumm-

987 1098 1100 1135 facere,
1117 1097 1195 1136 quia
1216 1097 1306 1135 filius
1327 1096 1466 1127 hominis
1484 1099 1531 1128 est
1546 1107 1558 1127 .·
1577 1096 1631 1126 sed
1653 1097 1758 1136 angeli

987 1159 1050 1180 non
1067 1150 1303 1180 communicant
1319 1149 1351 1178 in
1364 1149 1507 1180 humana
1519 1151 1633 1180 natura
1650 1159 1656 1179 :
1678 1158 1758 1189 ergo

987 1204 1087 1234 necin
1099 1203 1271 1242 JudiciarIa
1288 1205 1447 1242 potestate.

1029 1257 1106 1288 ltem
1121 1259 1272 1287 executor
1292 1256 1457 1286 sententiae
1473 1265 1537 1286 non
1562 1256 1677 1287 dicitur
1691 1265 1759 1287 esse

983 1310 1094 1350 Judex,
1115 1310 1168 1340 sed
1183 1310 1326 1340 minister
1345 1320 1351 1340 t
1371 1309 1424 1339 sed
1440 1309 1546 1348 angeli
1571 1310 1758 1340 sententiam

987 1367 1195 1404 exequentur,
1212 1364 1287 1403 quia
1303 1364 1339 1402 (Ῑ)
1365 1363 1375 1379 ⁶
1395 1364 1523 1395 mittent
1540 1364 1574 1394 in
1596 1363 1759 1394 caminum

989 1419 1076 1457 ignis
1091 1429 1102 1448 .·
1117 1426 1208 1456 ergo,
1231 1418 1288 1447 etc.

1029 1471 1106 1502 Item
1123 1472 1260 1511 potestas
1267 1469 1436 1509 judiciaria
1450 1470 1523 1500 data
1535 1472 1582 1500 est
1595 1470 1756 1510 apostolis,

988 1525 1063 1564 quia
1079 1523 1166 1554 electi
1191 1524 1229 1562 (9)
1252 1524 1358 1553 sunta
1381 1522 1522 1561 Domino,
1549 1525 1579 1553 et
1601 1523 1676 1562 quia
1694 1523 1760 1554 vita

988 1586 1098 1608 eorum
1117 1577 1298 1615 comparata
1319 1575 1425 1613 malis,
1448 1575 1532 1614 ipsos
1555 1574 1695 1606 ostendet
1708 1584 1758 1606 re-

989 1630 1102 1670 probos
1128 1641 1133 1660 :
1158 1629 1211 1659 sed
1238 1630 1388 1659 neutrum
1415 1631 1460 1658 est
1483 1629 1514 1658 in
1538 1628 1661 1667 angelis
1682 1637 1759 1658 :er-

990 1692 1044 1721 go,
1062 1685 1120 1712 etc.

1262 1742 1487 1774 CONCLUslo.

1061 1824 1159 1857 Anqeli
1173 1825 1201 1850 in
1217 1823 1259 1850 die
1270 1823 1372 1857 judicii
1386 1830 1438 1849 non
1449 1822 1616 1858 judicabunt
1634 1824 1690 1849 nisi

1283 1866 1468 1901 approbando.

1031 1947 1120 1986 Resp.
1139 1946 1177 1976 ad
1197 1955 1267 1984 arg.
1290 1946 1461 1976 Dicendum
1475 1945 1577 1986 quod,
1601 1945 1682 1976 sicut
1695 1945 1759 1976 dic-

990 2004 1058 2031 tum
1073 2002 1130 2035 est,
1143 1998 1313 2038 ¹judiciaria
1330 2000 1465 2038 potestas
1482 1998 1595 2038 triplici
1610 2007 1650 2028 ex
1667 2006 1761 2028 causa

990 2052 1106 2082 dicitur
1120 2061 1187 2082 esse
1209 2052 1443 2083 communicata
1461 2052 1627 2092 apostolis,
1646 2051 1761 2082 scilicet

990 2105 1112 2135 ratione
1138 2104 1404 2144 comparationis,
1431 2104 1666 2144 approbationis
1690 2113 1759 2144 sep-

990 2158 1107 2195 tentize„
1129 2159 1159 2187 et
1179 2157 1372 2187 honorabilis
1394 2157 1602 2187 consessionis
1619 2157 1658 2196 (h)
1679 2167 1685 2187 :
1707 2165 1759 2187 ra-

990 2211 1075 2241 tione
1089 2209 1333 2249 comparationis
1344 2209 1502 2248 judicium
1516 2209 1576 2240 erit
1590 2209 1760 2240 hominum

992 2263 1149 2294 malorum
1165 2265 1196 2293 et
1218 2263 1374 2293 bonorum
1396 2264 1537 2299 tantum3
1558 2263 1682 2293 ratione
1702 2271 1758 2302 ap-

993 2316 1185 2356 probationis
1209 2315 1268 2346 erit
1289 2315 1446 2346 bonorum
1468 2315 1635 2346 hominum
1653 2317 1683 2346 et
1703 2324 1760 2346 an-

991 2369 1138 2408 gelorum
1167 2370 1306 2405 tantum;
1334 2368 1454 2398 ratione
1480 2368 1691 2399 consessionis
1717 2367 1758 2408 (h)

992 2421 1196 2458 honorabilis,
1214 2421 1422 2460 perfectorum
1443 2423 1576 2452 tantum.
1602 2420 1688 2452 Unde
1710 2421 1758 2452 di-

992 2509 1000 2519 Δ
1013 2506 1114 2536 Mami„
1127 2510 1186 2533 xxv,
1203 2506 1241 2528 31.
1253 2517 1282 2522 ·—
1293 2504 1323 2528 Ἰ
1339 2504 1459 2535 Ti111.,v1‚
1476 2506 1512 2528 14.
1524 2517 1553 2523 -
1566 2506 1666 2535 Mean„
1682 2511 1706 2535 v,
1721 2507 1760 2529 27.

993 2554 1020 2558 ——-
1031 2542 1040 2557 Β
1053 2541 1152 2569 Mamm,
1168 2546 1224 2569 xui,
1241 2542 1279 2570 4.),
1296 2540 1334 2563 50.

1024 2590 1057 2620 (a)
1073 2589 1140 2613 Edit.
1159 2588 1422 2612 Vemeonsessiouem.
1432 2587 1504 2619 —(⁶)
1515 2589 1573 2612 item
1583 2589 1760 2613 confessionis.

992 2638 1022 2643 —
1040 2627 1068 2655 (c)
1086 2626 1146 2648 Caet.
1162 2623 1221 2647 edit.
1234 2623 1336 2653 judicis.
1347 2635 1376 2640 —
1392 2623 1430 2654 (d)
1449 2623 1510 2647 coet.
1525 2624 1583 2649 edit.
1599 2625 1720 2648 adventu.
1731 2637 1762 2642 -—

994 2661 1023 2690 (c)
1043 2662 1104 2684 uaet.
1124 2659 1183 2683 edit.
1205 2666 1256 2687 ets,
1279 2658 1410 2682 mendose.
1429 2671 1458 2675 —
1479 2659 1512 2688 (s)
1535 2659 1604 2683 Edit.
1634 2659 1690 2684 Ven.
1711 2659 1760 2688 cui,

994 2695 1073 2720 mend.
1083 2708 1114 2713 —
1127 2696 1160 2725 (q)
1177 2694 1243 2717 Edit.
1264 2693 1320 2717 Ven.
1336 2693 1417 2718 electi.
1429 2706 1458 2711 —
1471 2693 1512 2723 (h)
1523 2694 1702 2719 confessionis.

1974 2492 1991 2885 *rm*-
