1991 3006
198 141 256 169 454

197 197 333 236 secundo
357 203 449 234 modo
474 201 626 242 promittit
651 201 732 231 Deus
757 201 963 231 resurrectio-

196 267 269 288 nem
286 258 377 288 bonis
394 256 432 286 ad
456 264 488 285 se
506 254 719 291 venientibns;
737 254 787 283 scit
809 256 963 291 quantum

196 311 234 341 ad
251 311 388 349 primuni
405 307 535 338 modum
551 306 698 336 omnibus
716 306 865 345 prawlicit.

236 366 265 393 3.
286 362 333 392 Ad
360 360 435 391 illud
455 359 537 399 quod
554 359 702 398 ohJicitnr
716 359 752 388 tle
772 368 863 397 prena
887 368 962 397 pur-

196 414 322 453 gatorii,
339 412 508 443 dicendum
522 412 606 450 quod
623 420 686 441 uon
701 413 747 441 est
763 411 876 444 simite,
889 411 963 450 qnia

195 466 416 507 purgatorIum
426 466 687 499 dicIttransitunL
698 474 761 495 non
772 464 943 494 terminum
953 475 960 501 ;

195 529 252 549 nec
266 519 341 549 dicit
355 520 488 555 statum,
505 518 558 548 scd
572 520 671 548 status
686 518 958 557 supplementum:

195 574 230 602 ut
244 572 319 611 quia
333 571 487 611 praeclusa
498 573 544 601 est
555 570 675 601 homini
693 580 747 609 per
761 572 896 600 mortem
913 570 964 600 via

195 625 355 662 merendi,
371 626 402 655 et
420 627 582 663 peccatum
603 624 742 653 inultum
759 622 892 652 transire
906 632 963 653 nec

194 679 315 716 poterat
330 685 386 707 nec
399 677 546 714 debebat,
564 676 724 707 constituit
742 676 894 706 Dominus
916 676 962 705 lo-

194 739 268 760 cum
296 739 418 769 poenae,
444 739 499 768 per
517 738 611 769 quem
633 730 738 759 anima
758 729 905 759 transtrct
924 729 962 759 ad

195 782 339 822 patriam,
356 785 391 813 ut
406 783 512 812 anima
526 782 626 811 solvat
642 784 797 821 separata,
814 782 896 821 quod
914 785 960 812 ta-

195 844 269 866 men
283 836 353 866 fecit
368 837 534 874 conjuncta
545 844 552 865 :
565 837 595 865 et
607 835 682 874 qnia
696 835 755 865 hoc
770 835 874 873 magis
888 835 962 865 dicit

194 889 463 929 supplementum,
481 898 577 928 quam
592 888 775 925 terminum,
789 888 858 917 ideo
872 897 962 928 opor-

194 944 236 971 tet
251 942 368 971 resumi
384 951 498 980 corpus
513 952 519 970 :
537 941 581 970 sic
594 943 677 980 patet
692 941 779 971 illud.

233 994 280 1025 Ad
294 994 369 1025 illud
385 995 468 1034 quod
490 994 647 1033 objicitur,
672 994 756 1033 quotl
772 995 961 1024 resurrectio

194 1047 306 1078 Christi
331 1050 378 1078 est
400 1057 495 1078 causa
521 1049 638 1077 nostrce
664 1048 904 1077 resurrectionis
930 1048 961 1077 iu

193 1101 317 1137 anima,
333 1103 402 1138 etc„
420 1101 587 1131 dicendum
603 1101 687 1140 quod
702 1109 765 1131 non
780 1103 825 1130 est
840 1100 959 1137 simile,

192 1154 267 1193 quia
291 1154 477 1184 resurrectio
492 1154 607 1183 animae
627 1155 674 1183 est
690 1155 814 1183 tantum
839 1153 878 1183 ait
904 1154 958 1183 bo-

193 1215 272 1237 num
285 1217 291 1236 z
305 1206 359 1237 sed
369 1206 556 1236 resurrectio
569 1206 708 1245 corporis
722 1208 768 1236 est
780 1206 817 1236 ad
836 1206 958 1236 bonum

193 1261 222 1289 et
238 1259 276 1289 ad
292 1258 431 1296 malum3
449 1261 480 1289 et
498 1258 686 1289 resurrectio
707 1259 823 1289 animm
848 1259 882 1289 fit
904 1268 960 1289 no-

193 1314 258 1342 stra
271 1311 454 1349 voluntate,
474 1312 526 1341 sed
547 1311 686 1351 corporis
701 1312 852 1350 exigente
875 1312 959 1342 ‹livi-

191 1373 242 1395 nae
253 1364 385 1404 justitiae
399 1364 565 1404 aequitate:
582 1364 651 1395 ideo
666 1365 725 1394 ista
738 1367 785 1395 est
799 1366 958 1403 omnium,

192 1417 264 1448 licet
278 1427 343 1448 non
359 1417 422 1448 illa.

234 1472 262 1501 5.
286 1471 334 1501 Ad
358 1471 435 1501 illud
455 1471 539 1511 quod
561 1472 708 1511 objicitur
738 1472 776 1502 de
796 1473 938 1511 parvulis
953 1498 960 1510 ,

192 1523 358 1554 dicendum
375 1524 460 1563 quod
471 1524 526 1554 etsi
541 1525 647 1555 anima
663 1534 724 1555 non
738 1526 849 1555 exierit
864 1526 897 1555 in
912 1535 961 1556 ac-

192 1578 261 1606 tum
274 1599 281 1613 ,
307 1578 411 1606 tamen
433 1576 592 1615 originale
613 1577 708 1607 traxit
728 1578 760 1607 in
779 1587 910 1617 corpore
931 1582 961 1609 ct

193 1637 376 1668 percorpus
394 1639 400 1659 :
418 1631 448 1658 et
462 1629 532 1659 ideo
547 1629 590 1659 ilti
606 1630 690 1659 uniri
707 1630 812 1668 debet,
830 1633 865 1660 ut
880 1631 961 1661 sicut

193 1689 232 1711 ex
248 1681 469 1720 conjunctione
488 1681 525 1711 ad
541 1691 655 1722 corpus
677 1683 836 1722 peccavit,
861 1683 904 1713 ita
919 1684 961 1713 si-

193 1734 260 1764 mul
275 1743 348 1764 cum
367 1734 420 1764 illo
436 1735 606 1765 mulctetur
624 1745 717 1775 poena
739 1736 855 1766 damni.
883 1736 960 1766 Am-

193 1787 291 1827 plius,
308 1788 520 1818 remuneratio
533 1797 597 1818 non
612 1791 659 1818 est
670 1790 733 1819 tota
749 1789 845 1827 ratio,
863 1799 962 1829 quare

195 1840 248 1870 fiat
263 1841 468 1878 resurrecti03
485 1841 539 1871 sed
554 1841 670 1872 divince
685 1842 892 1873 ordinationis
907 1843 960 1873 dc-

194 1895 315 1923 cretum
326 1917 334 1931 ,
350 1902 422 1933 quae
437 1895 660 1934 conjungendo
674 1895 813 1925 animam
830 1896 962 1926 immor-

194 1946 286 1977 talem
302 1947 425 1987 corpori
438 1972 445 1985 ,
463 1956 518 1986 per
533 1948 592 1978 hoc
607 1948 833 1979 decrevitillud
847 1958 963 1989 corpus

193 2001 346 2038 perpetuo
360 1999 525 2030 vivificari.
543 2000 575 2030 Si
590 2009 668 2040 ergo
683 2001 828 2031 [livinum
855 2001 963 2032 decre-

194 2054 262 2083 tum
284 2062 346 2083 non
370 2054 470 2092 potest
491 2053 639 2092 infringi,
666 2063 791 2084 necesse
813 2056 859 2084 est
886 2054 963 2086 illud

195 2114 309 2144 corpus
323 2106 438 2136 animae
453 2106 583 2145 rejungi
600 2116 606 2136 ε
624 2108 659 2136 ut
674 2107 755 2137 sicut
778 2116 893 2147 corpus
914 2117 963 2138 sc-

194 2160 339 2197 paratum
355 2160 402 2188 est
420 2158 460 2188 ab
475 2159 581 2189 anima
595 2162 721 2199 propter
736 2160 879 2191 divinam
897 2170 964 2192 sen-

194 2210 338 2249 tentiam,
354 2220 426 2250 quae
441 2212 627 2251 respiciebat
642 2213 778 2251 culpam,
798 2214 839 2243 ita
856 2215 963 2253 rejun-

196 2265 291 2302 gatur
320 2264 435 2294 animae
464 2267 590 2305 propter
618 2265 759 2296 divinam
783 2267 961 2306 dispositio-

194 2325 284 2354 nem,
301 2325 373 2355 quae
387 2317 431 2347 sic
446 2317 626 2348 decreverat
643 2319 833 2349 constituere
849 2320 963 2350 huma-

196 2377 269 2399 nam
302 2370 521 2401 substanttam.
563 2370 690 2402 Ratione
724 2374 816 2412 quus
845 2373 963 2404 decreti

196 2430 309 2462 corpus
321 2422 501 2453 humanum
517 2423 632 2454 dicitur
646 2425 800 2464 ordinari,
814 2429 845 2457 et
861 2427 960 2466 possi-

227 2519 235 2535 ¹
253 2519 293 2548 Cf.
310 2519 336 2543 S.
351 2519 451 2548 Tuom..
471 2521 501 2544 lv
522 2521 600 2549 Seni„
612 2521 669 2545 dist.
686 2528 761 2553 anr,
780 2530 804 2553 q.
824 2529 856 2553 ιι,
871 2526 918 2547 art.
934 2526 962 2554 33

197 2554 275 2583 Scot.,
293 2555 323 2578 tV
342 2555 419 2582 Senl.‚
436 2555 493 2579 dist.
508 2561 583 2586 xmu,
599 2563 623 2587 q.
640 2563 663 2586 v3
680 2558 761 2588 tttth„
774 2559 804 2582 IV
817 2558 893 2586 Sua,
906 2559 962 2583 dist.

197 2594 274 2617 xum,
294 2592 339 2614 art„
359 2591 386 2618 ὅ,
406 2596 431 2621 q.
456 2596 492 2620 115
515 2591 603 2615 Ttiom.
627 2592 738 2622 Argunt,
761 2594 789 2616 tV
812 2594 891 2624 Seni„
904 2594 960 2618 dist.

754 132 1064 165 SENTENTIARUM
1086 133 1159 165 LIB.
1185 133 1233 164 tv.

1019 201 1171 231 bilitatcm
1186 201 1303 231 habere
1318 200 1355 231 ac]
1371 200 1658 239 incorruptionem,
1676 210 1788 240 quam—

1019 254 1067 283 vis
1084 254 1113 283 in
1130 254 1177 284 sui
1195 256 1306 283 natura
1320 254 1397 283 nihil
1415 253 1529 283 habeat
1544 253 1613 292 plus
1628 253 1666 283 de
1679 253 1785 284 incor-

1020 307 1240 345 ruptibilitate,
1267 315 1363 345 quam
1381 306 1442 336 alia
1465 314 1598 345 corpora
1615 306 1729 343 mixta,
1753 308 1790 336 ut

1019 359 1147 398 patebit.
1174 358 1352 389 Secundum
1383 360 1499 389 statum
1526 361 1713 397 praesentem
1738 358 1787 388 lo-

1019 421 1111 451 quor.

1275 498 1452 536 QUAESTto
1476 499 1527 530 111.

1018 588 1063 614 An
1079 589 1234 615 resurrectio
1248 590 1365 615 omnium
1378 590 1428 615 crit
1443 589 1539 622 simul,
1559 589 1599 615 vel
1613 589 1753 616 successive
1767 587 1786 614 ¹.

1058 676 1170 706 Utrum
1184 677 1372 707 resurrectio
1394 677 1432 707 sit
1447 677 1593 708 omnium
1607 676 1702 707 simul
1717 701 1724 714 ‚
1746 685 1786 706 an
1803 686 1907 707 runem.

1017 730 1208 766 successivc3
1226 732 1255 759 ct
1270 730 1352 768 qnotl
1368 729 1474 767 simul,
1490 730 1648 760 videtur’:
1667 729 1706 760 In
1717 736 1783 761 mo-

1018 786 1122 814 mento
1135 806 1143 820 ,
1160 783 1195 813 in
1210 783 1276 813 ictu
1291 782 1391 818 oculi,
1409 785 1467 812 etc.

1059 836 1134 865 Item
1149 836 1269 865 ratione
1285 835 1420 872 videtur,
1435 835 1511 874 quia
1526 843 1612 866 mors
1625 837 1655 865 et
1670 836 1787 867 istcine-

1018 890 1096 919 ratio
1120 890 1275 919 debentur
1299 888 1411 919 merito
1437 888 1531 928 primi
1552 889 1668 928 peccati
1686 912 1695 926 ,
1725 898 1788 929 quo

1017 941 1216 982 peccavimus
1240 942 1273 971 in
1290 942 1390 972 Adam
1405 952 1410 971 :
1429 943 1461 971 ct
1474 950 1584 972 omnes
1603 941 1699 972 simul
1715 951 1788 982 pec-

1017 996 1177 1033 cavimus,
1194 995 1268 1035 quia
1282 995 1378 1025 simul
1391 995 1509 1025 suimus
1524 994 1556 1024 in
1570 994 1672 1025 Adam
1688 1006 1694 1024 ε
1708 1003 1788 1035 ergo

1017 1051 1047 1078 et
1064 1048 1096 1077 in
1114 1048 1235 1078 Christo
1250 1048 1402 1078 debemus
1417 1048 1513 1078 simul
1528 1057 1711 1087 resurgere.

1059 1101 1135 1131 Item
1151 1101 1264 1131 decens
1280 1104 1326 1131 cst
1341 1104 1377 1131 ut
1391 1101 1542 1131 habitatio
1557 1103 1715 1140 congruat
1730 1101 1788 1132 ha-

1019 1154 1141 1183 bitatori
1159 1165 1165 1183 z
1184 1162 1263 1192 ergo
1287 1154 1368 1184 sicut
1395 1154 1535 1184 mundns
1557 1154 1717 1193 pejoratus
1743 1157 1789 1185 est

1018 1207 1147 1236 homine
1172 1207 1252 1237 sacto
1277 1207 1420 1243 mortali,
1446 1206 1489 1236 ita
1514 1207 1605 1237 debet
1630 1206 1788 1237 meliorari

1017 1260 1147 1289 homine
1162 1260 1241 1289 sacto
1256 1259 1426 1289 immortali
1447 1270 1453 1289 :
1471 1259 1524 1289 sed
1541 1268 1606 1289 non
1619 1259 1707 1290 debet
1725 1268 1787 1290 me-

1017 1311 1138 1348 liorari,
1158 1312 1299 1352 quandlu
1319 1312 1415 1342 homo
1439 1314 1485 1342 est
1514 1311 1655 1342 mortalis
1677 1321 1685 1342 :
1708 1321 1787 1351 ergo

1018 1365 1159 1404 quandiu
1174 1365 1319 1395 homines
1336 1365 1460 1402 vivunt,
1473 1374 1536 1395 non
1551 1365 1643 1396 debet
1657 1374 1724 1396 esse
1739 1374 1785 1396 re-

1018 1418 1169 1448 surrectio
1185 1428 1192 1448 ε
1213 1426 1293 1457 ergo
1307 1418 1365 1448 erit
1380 1418 1526 1448 omnium
1542 1417 1648 1448 simul.
1700 1413 1719 1429 ‘⁹

1059 1470 1137 1500 Item
1165 1473 1233 1510 post
1258 1471 1520 1500 resurrectionem
1545 1473 1787 1502 consummatur

1018 1523 1120 1563 glorIa
1136 1534 1142 1553 ε
1159 1523 1212 1553 scd
1228 1523 1332 1562 angeli
1347 1532 1411 1553 non
1431 1523 1548 1553 habent
1563 1523 1694 1554 omnino
1714 1524 1788 1563 glo-

1019 1578 1099 1608 riam
1113 1579 1348 1614 confirmatam,
1365 1577 1416 1608 vel
1432 1580 1697 1615 consummatam,
1716 1581 1788 1609 ante

1019 1632 1159 1660 nostram
1181 1630 1459 1669 glorificationem,
1487 1640 1543 1661 nec
1559 1631 1704 1662 similiter
1724 1631 1788 1662 dae-

1022 1693 1129 1713 mones
1144 1692 1270 1723 poenam
1289 1695 1295 1713 :
1313 1692 1392 1722 ergo
1407 1684 1432 1713 si
1449 1685 1552 1723 maj0r
1567 1687 1613 1715 est
1628 1684 1791 1725 colligatio

1019 1736 1189 1767 hominum
1215 1736 1253 1766 ast
1278 1736 1430 1774 invicem,
1456 1746 1553 1776 quam
1578 1737 1617 1768 ad
1638 1738 1789 1778 angelos,

1019 1799 1084 1820 non
1106 1789 1198 1819 debet
1222 1798 1305 1819 unus
1329 1789 1396 1819 sine
1417 1789 1515 1820 altero
1537 1798 1705 1829 resurgere
1727 1801 1734 1821 t
1760 1793 1791 1822 et

1020 1843 1080 1880 sic,
1097 1845 1155 1873 etc.

1060 1896 1193 1926 Contra:
1207 1898 1235 1925 1.
1252 1895 1449 1926 Resurrectio
1461 1905 1631 1935 corporum
1646 1897 1790 1936 sequitur
1798 1910 1840 1937 Aa
1857 1916 1910 1937 opp.

1020 1949 1281 1979 resurrectionem
1307 1949 1488 1979 animarum
1504 1960 1510 1978 :
1529 1949 1583 1979 sed
1603 1949 1790 1981 resurrectio

1020 2001 1199 2032 animarum
1215 2003 1261 2031 est
1275 2001 1468 2037 successiva,
1486 2004 1516 2032 et
1530 2010 1593 2032 non
1609 2001 1706 2032 simul
1721 2012 1728 2032 ε
1745 2011 1791 2033 er-

1021 2062 1064 2092 go
1079 2056 1109 2084 et
1123 2054 1313 2084 resurrectio
1329 2063 1509 2093 corporum.

1059 2108 1088 2136 2.
1108 2106 1184 2136 Item
1207 2106 1346 2136 Christus
1370 2116 1432 2137 non
1449 2107 1628 2146 expectavit
1650 2108 1790 2138 nostram

1020 2160 1303 2198 resurrectionem,
1325 2160 1379 2200 qui
1401 2163 1448 2190 est
1463 2162 1556 2199 caput
1571 2162 1738 2198 nostrum,
1761 2162 1791 2191 et

1020 2213 1075 2252 qui
1091 2213 1193 2252 magis
1208 2213 1293 2243 fovet
1307 2213 1437 2252 singula
1454 2213 1598 2243 membra
1614 2221 1622 2243 z
1640 2221 1720 2251 ergo
1733 2221 1791 2244 nec

1021 2266 1202 2297 membrum
1211 2268 1353 2305 expectat
1363 2266 1626 2296 resurrectionem
1636 2265 1771 2297 membri
1782 2276 1788 2296 :

1021 2321 1052 2350 et
1066 2318 1112 2349 sic
1122 2343 1129 2356 ,
1145 2321 1204 2349 etc.

1062 2374 1090 2402 3.
1115 2371 1192 2401 Item
1214 2371 1382 2410 praemium
1400 2370 1569 2410 respondet
1588 2371 1702 2402 merito
1719 2382 1726 2402 :
1743 2380 1791 2402 er—

1023 2433 1065 2463 go
1080 2424 1135 2464 qui
1157 2423 1249 2454 citius
1264 2425 1469 2460 meruerunt,
1486 2423 1578 2454 citius
1601 2423 1717 2454 debent
1736 2433 1790 2455 re-

1023 2529 1157 2554 xL1n,c1.1‚
1171 2524 1218 2546 art.
1234 2524 1259 2553 43
1278 2524 1440 2553 Duraud.,1v
1453 2523 1532 2553 Seni„
1550 2523 1607 2547 stist.
1624 2529 1733 2554 namq.
1749 2529 1787 2554 ¹¹¹3

1023 2560 1108 2590 Stcplr.
1130 2558 1237 2587 ssmiles..
1257 2559 1285 2582 tv
1303 2559 1382 2587 Sene..
1401 2559 1458 2583 dist.
1478 2564 1557 2589 ani,
1577 2566 1602 2590 q.
1615 2565 1658 2588 ¹¹¹3
1675 2560 1740 2583 Petr.
1758 2559 1789 2583 de

1022 2595 1134 2623 Taraut„
1149 2594 1178 2617 tv
1194 2594 1274 2622 Sem.9
1289 2594 1345 2618 dist.
1361 2599 1434 2624 xmu,
1445 2601 1470 2624 q.
1485 2599 1522 2618 ιιι.
1537 2607 1561 2611 -
1575 2594 1583 2608 ²
1596 2594 1603 2617 Ι
1616 2594 1682 2623 Cor„
1695 2600 1737 2625 xv,
1749 2595 1787 2619 52.
