<?xml version="1.0" encoding="UTF-8"?>
<!DOCTYPE html PUBLIC "-//W3C//DTD XHTML 1.0 Transitional//EN"
    "http://www.w3.org/TR/xhtml1/DTD/xhtml1-transitional.dtd">
<html xmlns="http://www.w3.org/1999/xhtml" xml:lang="en" lang="en">
 <head>
  <title>
</title>
<meta http-equiv="Content-Type" content="text/html;charset=utf-8" />
  <meta name='ocr-system' content='tesseract 3.04.00' />
  <meta name='ocr-capabilities' content='ocr_page ocr_carea ocr_par ocr_line ocrx_word'/>
</head>
<body>
  <div class='ocr_page' id='page_1' title='image "./operaomniasixtiv06bonauoft/operaomniasixtiv06bonauoft_0501.png"; bbox 0 0 1991 3006; ppageno 0'>
   <div class='ocr_carea' id='block_1_1' title="bbox 553 172 1336 209">
    <p class='ocr_par' dir='ltr' id='par_1_1' title="bbox 553 172 1336 209">
     <span class='ocr_line' id='line_1_1' title="bbox 553 172 1336 209; baseline -0.003 -3"><span class='ocrx_word' id='word_1_1' title='bbox 553 175 648 209; x_wconf 87' lang='lat' dir='ltr'>DlST.</span> <span class='ocrx_word' id='word_1_2' title='bbox 672 173 773 205; x_wconf 85' lang='lat' dir='ltr'><strong>XLIV.</strong></span> <span class='ocrx_word' id='word_1_3' title='bbox 798 173 911 205; x_wconf 83' lang='lat' dir='ltr'><strong>PART.</strong></span> <span class='ocrx_word' id='word_1_4' title='bbox 936 173 959 205; x_wconf 93' lang='grc' dir='ltr'>Ι.</span> <span class='ocrx_word' id='word_1_5' title='bbox 976 172 1065 204; x_wconf 85' lang='lat' dir='ltr'><strong>ART.</strong></span> <span class='ocrx_word' id='word_1_6' title='bbox 1090 172 1112 202; x_wconf 87' lang='lat'>1.</span> <span class='ocrx_word' id='word_1_7' title='bbox 1138 172 1289 209; x_wconf 81' lang='lat' dir='ltr'>QUAEST.</span> <span class='ocrx_word' id='word_1_8' title='bbox 1314 173 1336 203; x_wconf 94' lang='grc' dir='ltr'>Ι.</span> 
     </span>
    </p>
   </div>
   <div class='ocr_carea' id='block_1_2' title="bbox 171 241 943 495">
    <p class='ocr_par' dir='ltr' id='par_1_2' title="bbox 171 241 943 495">
     <span class='ocr_line' id='line_1_2' title="bbox 173 241 943 283; baseline -0.008 -7"><span class='ocrx_word' id='word_1_9' title='bbox 173 245 270 275; x_wconf 88' lang='lat' dir='ltr'>millia</span> <span class='ocrx_word' id='word_1_10' title='bbox 289 245 456 276; x_wconf 89' lang='lat' dir='ltr'>hominum</span> <span class='ocrx_word' id='word_1_11' title='bbox 481 243 700 283; x_wconf 78' lang='lat' dir='ltr'>multiplicavit</span> <span class='ocrx_word' id='word_1_12' title='bbox 718 250 773 282; x_wconf 89' lang='lat' dir='ltr'>per</span> <span class='ocrx_word' id='word_1_13' title='bbox 792 241 943 272; x_wconf 86' lang='lat' dir='ltr'>virtutem</span> 
     </span>
     <span class='ocr_line' id='line_1_3' title="bbox 171 294 943 335; baseline -0.008 -6"><span class='ocrx_word' id='word_1_14' title='bbox 171 298 340 328; x_wconf 83' lang='lat' dir='ltr'>infinitam.</span> <span class='ocrx_word' id='word_1_15' title='bbox 362 298 465 329; x_wconf 83' lang='lat' dir='ltr'>Potest</span> <span class='ocrx_word' id='word_1_16' title='bbox 488 299 594 328; x_wconf 86' lang='lat' dir='ltr'>tamen</span> <span class='ocrx_word' id='word_1_17' title='bbox 620 306 686 326; x_wconf 88' lang='lat' dir='ltr'>esse</span> <span class='ocrx_word' id='word_1_18' title='bbox 706 295 790 335; x_wconf 90' lang='lat' dir='ltr'>quod</span> <span class='ocrx_word' id='word_1_19' title='bbox 816 294 943 324; x_wconf 78' lang='lat' dir='ltr'>aliunde</span> 
     </span>
     <span class='ocr_line' id='line_1_4' title="bbox 171 347 943 389; baseline -0.006 -8"><span class='ocrx_word' id='word_1_20' title='bbox 171 351 278 388; x_wconf 87' lang='lat' dir='ltr'>addat,</span> <span class='ocrx_word' id='word_1_21' title='bbox 303 353 338 381; x_wconf 93' lang='lat' dir='ltr'>ut</span> <span class='ocrx_word' id='word_1_22' title='bbox 361 351 490 381; x_wconf 81' lang='lat' dir='ltr'>fortasse</span> <span class='ocrx_word' id='word_1_23' title='bbox 510 350 542 380; x_wconf 92' lang='lat' dir='ltr'>in</span> <span class='ocrx_word' id='word_1_24' title='bbox 561 350 622 380; x_wconf 87' lang='lat' dir='ltr'>illis</span> <span class='ocrx_word' id='word_1_25' title='bbox 639 349 774 389; x_wconf 86' lang='lat' dir='ltr'>panibus</span> <span class='ocrx_word' id='word_1_26' title='bbox 798 347 888 384; x_wconf 85' lang='lat' dir='ltr'>fecit,</span> <span class='ocrx_word' id='word_1_27' title='bbox 913 350 943 377; x_wconf 79' lang='lat' dir='ltr'>et</span> 
     </span>
     <span class='ocr_line' id='line_1_5' title="bbox 173 402 943 443; baseline -0.006 -9"><span class='ocrx_word' id='word_1_28' title='bbox 173 405 345 443; x_wconf 86' lang='lat' dir='ltr'>utrumque</span> <span class='ocrx_word' id='word_1_29' title='bbox 363 403 556 434; x_wconf 81' lang='lat' dir='ltr'>miraculum</span> <span class='ocrx_word' id='word_1_30' title='bbox 572 402 641 433; x_wconf 85' lang='lat' dir='ltr'>fuit.</span> <span class='ocrx_word' id='word_1_31' title='bbox 655 402 742 432; x_wconf 89' lang='lat' dir='ltr'>Alius</span> <span class='ocrx_word' id='word_1_32' title='bbox 757 403 865 431; x_wconf 74' lang='lat' dir='ltr'>tamen</span> <span class='ocrx_word' id='word_1_33' title='bbox 879 408 943 430; x_wconf 87' lang='lat' dir='ltr'>mo-</span> 
     </span>
     <span class='ocr_line' id='line_1_6' title="bbox 173 456 592 495; baseline -0.002 -9"><span class='ocrx_word' id='word_1_34' title='bbox 173 457 231 487; x_wconf 86' lang='lat' dir='ltr'>dus</span> <span class='ocrx_word' id='word_1_35' title='bbox 246 456 439 495; x_wconf 86' lang='lat' dir='ltr'>probabilior</span> <span class='ocrx_word' id='word_1_36' title='bbox 456 456 592 486; x_wconf 88' lang='lat' dir='ltr'>videtur.</span> 
     </span>
    </p>
   </div>
   <div class='ocr_carea' id='block_1_3' title="bbox 488 549 624 570">
    <p class='ocr_par' dir='ltr' id='par_1_3' title="bbox 488 549 624 570">
     <span class='ocr_line' id='line_1_7' title="bbox 488 549 624 570; baseline -0.007 0"><span class='ocrx_word' id='word_1_37' title='bbox 488 549 556 570; x_wconf 82' lang='lat' dir='ltr'><strong>DUB.</strong></span> <span class='ocrx_word' id='word_1_38' title='bbox 580 549 624 569; x_wconf 83' lang='lat' dir='ltr'>lv.</span> 
     </span>
    </p>
   </div>
   <div class='ocr_carea' id='block_1_4' title="bbox 305 606 807 638">
    <p class='ocr_par' dir='ltr' id='par_1_4' title="bbox 305 606 807 638">
     <span class='ocr_line' id='line_1_8' title="bbox 305 606 807 638; baseline -0.006 -7"><span class='ocrx_word' id='word_1_39' title='bbox 305 607 354 631; x_wconf 83' lang='lat' dir='ltr'>Sed</span> <span class='ocrx_word' id='word_1_40' title='bbox 372 606 587 638; x_wconf 82' lang='lat' dir='ltr'>quemadmodum</span> <span class='ocrx_word' id='word_1_41' title='bbox 605 606 625 629; x_wconf 89' lang='lat' dir='ltr'>si</span> <span class='ocrx_word' id='word_1_42' title='bbox 643 607 739 636; x_wconf 75' lang='lat' dir='ltr'>statua,</span> <span class='ocrx_word' id='word_1_43' title='bbox 758 608 807 629; x_wconf 82' lang='grc'><strong>010.</strong></span> 
     </span>
    </p>
   </div>
   <div class='ocr_carea' id='block_1_5' title="bbox 153 667 941 2568">
    <p class='ocr_par' dir='ltr' id='par_1_5' title="bbox 153 667 941 2568">
     <span class='ocr_line' id='line_1_9' title="bbox 208 667 940 708; baseline -0.004 -9"><span class='ocrx_word' id='word_1_44' title='bbox 208 668 338 699; x_wconf 87' lang='lat' dir='ltr'>Videtur</span> <span class='ocrx_word' id='word_1_45' title='bbox 361 668 445 699; x_wconf 88' lang='lat' dir='ltr'>istud</span> <span class='ocrx_word' id='word_1_46' title='bbox 467 668 649 708; x_wconf 83' lang='lat' dir='ltr'>exemplum</span> <span class='ocrx_word' id='word_1_47' title='bbox 676 667 851 705; x_wconf 81' lang='lat' dir='ltr'>Augustini</span> <span class='ocrx_word' id='word_1_48' title='bbox 877 675 940 696; x_wconf 91' lang='lat' dir='ltr'>non</span> 
     </span>
     <span class='ocr_line' id='line_1_10' title="bbox 167 719 940 761; baseline -0.004 -8"><span class='ocrx_word' id='word_1_49' title='bbox 167 722 288 759; x_wconf 87' lang='lat' dir='ltr'>valere,</span> <span class='ocrx_word' id='word_1_50' title='bbox 311 722 385 761; x_wconf 80' lang='lat' dir='ltr'>quia</span> <span class='ocrx_word' id='word_1_51' title='bbox 399 721 484 752; x_wconf 85' lang='lat' dir='ltr'>aliud</span> <span class='ocrx_word' id='word_1_52' title='bbox 504 723 550 751; x_wconf 87' lang='lat' dir='ltr'>est</span> <span class='ocrx_word' id='word_1_53' title='bbox 569 721 788 757; x_wconf 76' lang='lat' dir='ltr'>artificiatum,</span> <span class='ocrx_word' id='word_1_54' title='bbox 811 723 841 750; x_wconf 88' lang='lat' dir='ltr'>et</span> <span class='ocrx_word' id='word_1_55' title='bbox 856 719 940 750; x_wconf 88' lang='lat' dir='ltr'>aliud</span> 
     </span>
     <span class='ocr_line' id='line_1_11' title="bbox 168 773 940 814; baseline -0.004 -8"><span class='ocrx_word' id='word_1_56' title='bbox 168 777 272 806; x_wconf 86' lang='lat' dir='ltr'>statua</span> <span class='ocrx_word' id='word_1_57' title='bbox 293 774 355 812; x_wconf 85' lang='lat' dir='ltr'>illa,</span> <span class='ocrx_word' id='word_1_58' title='bbox 372 783 445 814; x_wconf 75' lang='lat' dir='ltr'>quae</span> <span class='ocrx_word' id='word_1_59' title='bbox 460 774 563 814; x_wconf 89' lang='lat' dir='ltr'>primo</span> <span class='ocrx_word' id='word_1_60' title='bbox 577 774 637 803; x_wconf 84' lang='lat' dir='ltr'>fuit</span> <span class='ocrx_word' id='word_1_61' title='bbox 652 774 735 811; x_wconf 83' lang='lat' dir='ltr'>fusa,</span> <span class='ocrx_word' id='word_1_62' title='bbox 754 776 783 803; x_wconf 81' lang='grc'>01</span> <span class='ocrx_word' id='word_1_63' title='bbox 800 773 853 802; x_wconf 81' lang='lat' dir='ltr'>illa</span> <span class='ocrx_word' id='word_1_64' title='bbox 868 782 940 812; x_wconf 71' lang='grc' dir='ltr'>(1οω</span> 
     </span>
     <span class='ocr_line' id='line_1_12' title="bbox 167 826 941 868; baseline -0.003 -10"><span class='ocrx_word' id='word_1_65' title='bbox 167 830 237 868; x_wconf 87' lang='lat' dir='ltr'>post</span> <span class='ocrx_word' id='word_1_66' title='bbox 251 828 320 858; x_wconf 83' lang='lat' dir='ltr'>fusa</span> <span class='ocrx_word' id='word_1_67' title='bbox 334 828 412 858; x_wconf 84' lang='lat' dir='ltr'>fuit:</span> <span class='ocrx_word' id='word_1_68' title='bbox 438 836 517 866; x_wconf 82' lang='lat' dir='ltr'>ergo</span> <span class='ocrx_word' id='word_1_69' title='bbox 539 827 666 857; x_wconf 83' lang='lat' dir='ltr'>videtur</span> <span class='ocrx_word' id='word_1_70' title='bbox 686 827 771 866; x_wconf 84' lang='lat' dir='ltr'>quod</span> <span class='ocrx_word' id='word_1_71' title='bbox 795 826 876 856; x_wconf 89' lang='lat' dir='ltr'>Deus</span> <span class='ocrx_word' id='word_1_72' title='bbox 897 826 941 856; x_wconf 88' lang='lat' dir='ltr'>sic</span> 
     </span>
     <span class='ocr_line' id='line_1_13' title="bbox 166 880 940 920; baseline -0.003 -9"><span class='ocrx_word' id='word_1_73' title='bbox 166 883 305 920; x_wconf 85' lang='lat' dir='ltr'>reparat,</span> <span class='ocrx_word' id='word_1_74' title='bbox 333 881 416 920; x_wconf 87' lang='lat' dir='ltr'>quod</span> <span class='ocrx_word' id='word_1_75' title='bbox 436 880 518 910; x_wconf 85' lang='lat' dir='ltr'>alius</span> <span class='ocrx_word' id='word_1_76' title='bbox 543 881 601 910; x_wconf 84' lang='lat' dir='ltr'>fuit</span> <span class='ocrx_word' id='word_1_77' title='bbox 622 881 718 910; x_wconf 90' lang='lat' dir='ltr'>homo</span> <span class='ocrx_word' id='word_1_78' title='bbox 736 882 821 919; x_wconf 88' lang='lat' dir='ltr'>post,</span> <span class='ocrx_word' id='word_1_79' title='bbox 842 888 940 918; x_wconf 85' lang='lat' dir='ltr'>quam</span> 
     </span>
     <span class='ocr_line' id='line_1_14' title="bbox 165 932 940 973; baseline -0.003 -9"><span class='ocrx_word' id='word_1_80' title='bbox 165 936 248 965; x_wconf 86' lang='lat' dir='ltr'>ante.</span> <span class='ocrx_word' id='word_1_81' title='bbox 276 934 323 964; x_wconf 83' lang='lat' dir='ltr'>Ad</span> <span class='ocrx_word' id='word_1_82' title='bbox 351 934 411 964; x_wconf 90' lang='grc'><strong>1100</strong></span> <span class='ocrx_word' id='word_1_83' title='bbox 443 934 554 964; x_wconf 91' lang='lat' dir='ltr'>volunt</span> <span class='ocrx_word' id='word_1_84' title='bbox 580 934 679 973; x_wconf 82' lang='lat' dir='ltr'>aliqui</span> <span class='ocrx_word' id='word_1_85' title='bbox 706 933 826 970; x_wconf 79' lang='lat' dir='ltr'>dicere,</span> <span class='ocrx_word' id='word_1_86' title='bbox 855 932 940 971; x_wconf 88' lang='lat' dir='ltr'>quod</span> 
     </span>
     <span class='ocr_line' id='line_1_15' title="bbox 165 986 939 1026; baseline -0.003 -10"><span class='ocrx_word' id='word_1_87' title='bbox 165 987 349 1026; x_wconf 83' lang='lat' dir='ltr'>exemplum</span> <span class='ocrx_word' id='word_1_88' title='bbox 360 986 549 1025; x_wconf 61' lang='grc' dir='ltr'>Αο30511111ι</span> <span class='ocrx_word' id='word_1_89' title='bbox 567 987 702 1025; x_wconf 76' lang='lat' dir='ltr'>perfecte</span> <span class='ocrx_word' id='word_1_90' title='bbox 717 986 878 1016; x_wconf 81' lang='lat' dir='ltr'>conforme</span> <span class='ocrx_word' id='word_1_91' title='bbox 893 987 939 1015; x_wconf 84' lang='lat' dir='ltr'>est</span> 
     </span>
     <span class='ocr_line' id='line_1_16' title="bbox 164 1039 937 1078; baseline -0.003 -9"><span class='ocrx_word' id='word_1_92' title='bbox 164 1041 320 1078; x_wconf 86' lang='lat' dir='ltr'>quantum</span> <span class='ocrx_word' id='word_1_93' title='bbox 339 1039 377 1069; x_wconf 87' lang='lat' dir='ltr'>ad</span> <span class='ocrx_word' id='word_1_94' title='bbox 395 1040 523 1069; x_wconf 78' lang='lat' dir='ltr'>moduni</span> <span class='ocrx_word' id='word_1_95' title='bbox 544 1041 574 1069; x_wconf 83' lang='lat' dir='ltr'>et</span> <span class='ocrx_word' id='word_1_96' title='bbox 592 1039 788 1069; x_wconf 74' lang='lat' dir='ltr'>identitatem</span> <span class='ocrx_word' id='word_1_97' title='bbox 810 1047 937 1077; x_wconf 83' lang='lat' dir='ltr'>repara-</span> 
     </span>
     <span class='ocr_line' id='line_1_17' title="bbox 165 1091 938 1131; baseline -0.001 -9"><span class='ocrx_word' id='word_1_98' title='bbox 165 1092 258 1122; x_wconf 84' lang='lat' dir='ltr'>tionis</span> <span class='ocrx_word' id='word_1_99' title='bbox 270 1094 300 1122; x_wconf 88' lang='lat' dir='ltr'>et</span> <span class='ocrx_word' id='word_1_100' title='bbox 313 1092 467 1131; x_wconf 88' lang='lat' dir='ltr'>reparati:</span> <span class='ocrx_word' id='word_1_101' title='bbox 483 1094 640 1131; x_wconf 82' lang='lat' dir='ltr'>quantum</span> <span class='ocrx_word' id='word_1_102' title='bbox 651 1091 689 1121; x_wconf 84' lang='lat' dir='ltr'>ad</span> <span class='ocrx_word' id='word_1_103' title='bbox 704 1091 845 1128; x_wconf 81' lang='lat' dir='ltr'>modum,</span> <span class='ocrx_word' id='word_1_104' title='bbox 861 1091 938 1130; x_wconf 86' lang='lat' dir='ltr'>quia</span> 
     </span>
     <span class='ocr_line' id='line_1_18' title="bbox 164 1144 938 1184; baseline -0.001 -9"><span class='ocrx_word' id='word_1_105' title='bbox 164 1154 228 1175; x_wconf 92' lang='lat' dir='ltr'>non</span> <span class='ocrx_word' id='word_1_106' title='bbox 239 1147 362 1184; x_wconf 85' lang='lat' dir='ltr'>oportet</span> <span class='ocrx_word' id='word_1_107' title='bbox 372 1144 503 1183; x_wconf 79' lang='lat' dir='ltr'>singula</span> <span class='ocrx_word' id='word_1_108' title='bbox 512 1145 551 1175; x_wconf 91' lang='lat' dir='ltr'>ad</span> <span class='ocrx_word' id='word_1_109' title='bbox 563 1154 620 1175; x_wconf 88' lang='lat' dir='ltr'>sua</span> <span class='ocrx_word' id='word_1_110' title='bbox 629 1144 697 1174; x_wconf 88' lang='lat' dir='ltr'>loca</span> <span class='ocrx_word' id='word_1_111' title='bbox 708 1144 825 1181; x_wconf 85' lang='lat' dir='ltr'>redire;</span> <span class='ocrx_word' id='word_1_112' title='bbox 840 1153 938 1184; x_wconf 82' lang='lat' dir='ltr'>quan-</span> 
     </span>
     <span class='ocr_line' id='line_1_19' title="bbox 163 1197 937 1237; baseline 0 -9"><span class='ocrx_word' id='word_1_113' title='bbox 163 1199 233 1228; x_wconf 85' lang='lat' dir='ltr'>tum</span> <span class='ocrx_word' id='word_1_114' title='bbox 243 1198 283 1228; x_wconf 87' lang='lat' dir='ltr'>ad</span> <span class='ocrx_word' id='word_1_115' title='bbox 293 1198 498 1233; x_wconf 77' lang='lat' dir='ltr'>identitatem,</span> <span class='ocrx_word' id='word_1_116' title='bbox 513 1198 677 1237; x_wconf 83' lang='lat' dir='ltr'>quoniam,</span> <span class='ocrx_word' id='word_1_117' title='bbox 695 1197 775 1228; x_wconf 84' lang='lat' dir='ltr'>sicut</span> <span class='ocrx_word' id='word_1_118' title='bbox 788 1198 820 1228; x_wconf 87' lang='lat' dir='ltr'>in</span> <span class='ocrx_word' id='word_1_119' title='bbox 834 1200 937 1228; x_wconf 85' lang='lat' dir='ltr'>statua</span> 
     </span>
     <span class='ocr_line' id='line_1_20' title="bbox 162 1250 936 1291; baseline 0 -10"><span class='ocrx_word' id='word_1_120' title='bbox 162 1251 295 1282; x_wconf 86' lang='lat' dir='ltr'>materia</span> <span class='ocrx_word' id='word_1_121' title='bbox 313 1252 454 1291; x_wconf 85' lang='lat' dir='ltr'>subjecta</span> <span class='ocrx_word' id='word_1_122' title='bbox 471 1254 517 1281; x_wconf 87' lang='lat' dir='ltr'>est</span> <span class='ocrx_word' id='word_1_123' title='bbox 537 1250 647 1282; x_wconf 84' lang='lat' dir='ltr'>eadem</span> <span class='ocrx_word' id='word_1_124' title='bbox 663 1251 760 1281; x_wconf 88' lang='lat' dir='ltr'>semel</span> <span class='ocrx_word' id='word_1_125' title='bbox 775 1251 936 1281; x_wconf 85' lang='lat' dir='ltr'>etiterum</span> 
     </span>
     <span class='ocr_line' id='line_1_21' title="bbox 161 1304 936 1342; baseline 0 -8"><span class='ocrx_word' id='word_1_126' title='bbox 161 1304 247 1342; x_wconf 81' lang='lat' dir='ltr'>fusa,</span> <span class='ocrx_word' id='word_1_127' title='bbox 263 1305 316 1335; x_wconf 88' lang='lat' dir='ltr'>sed</span> <span class='ocrx_word' id='word_1_128' title='bbox 338 1305 440 1335; x_wconf 84' lang='lat' dir='ltr'>forma</span> <span class='ocrx_word' id='word_1_129' title='bbox 455 1305 584 1334; x_wconf 80' lang='lat' dir='ltr'>artificis</span> <span class='ocrx_word' id='word_1_130' title='bbox 599 1306 644 1335; x_wconf 87' lang='lat' dir='ltr'>est</span> <span class='ocrx_word' id='word_1_131' title='bbox 660 1304 734 1341; x_wconf 70' lang='lat' dir='ltr'>alia,</span> <span class='ocrx_word' id='word_1_132' title='bbox 758 1304 801 1334; x_wconf 89' lang='lat' dir='ltr'>sic</span> <span class='ocrx_word' id='word_1_133' title='bbox 818 1304 851 1334; x_wconf 93' lang='lat' dir='ltr'>in</span> <span class='ocrx_word' id='word_1_134' title='bbox 867 1313 936 1334; x_wconf 89' lang='grc'><strong>001-</strong></span> 
     </span>
     <span class='ocr_line' id='line_1_22' title="bbox 161 1357 935 1397; baseline 0 -10"><span class='ocrx_word' id='word_1_135' title='bbox 161 1366 237 1397; x_wconf 88' lang='lat' dir='ltr'>pore</span> <span class='ocrx_word' id='word_1_136' title='bbox 255 1358 494 1388; x_wconf 83' lang='lat' dir='ltr'>resurrectionis</span> <span class='ocrx_word' id='word_1_137' title='bbox 518 1357 628 1388; x_wconf 83' lang='lat' dir='ltr'>eadem</span> <span class='ocrx_word' id='word_1_138' title='bbox 643 1359 689 1388; x_wconf 86' lang='lat' dir='ltr'>est</span> <span class='ocrx_word' id='word_1_139' title='bbox 708 1358 858 1394; x_wconf 83' lang='lat' dir='ltr'>materia,</span> <span class='ocrx_word' id='word_1_140' title='bbox 882 1358 935 1388; x_wconf 89' lang='lat' dir='ltr'>sed</span> 
     </span>
     <span class='ocr_line' id='line_1_23' title="bbox 160 1410 936 1449; baseline 0.001 -9"><span class='ocrx_word' id='word_1_141' title='bbox 160 1410 262 1441; x_wconf 87' lang='lat' dir='ltr'>forma</span> <span class='ocrx_word' id='word_1_142' title='bbox 287 1411 407 1449; x_wconf 85' lang='lat' dir='ltr'>carnis,</span> <span class='ocrx_word' id='word_1_143' title='bbox 432 1413 463 1441; x_wconf 83' lang='lat' dir='ltr'>et</span> <span class='ocrx_word' id='word_1_144' title='bbox 486 1410 657 1441; x_wconf 79' lang='lat' dir='ltr'>accidentia</span> <span class='ocrx_word' id='word_1_145' title='bbox 682 1413 834 1449; x_wconf 84' lang='lat' dir='ltr'>generata</span> <span class='ocrx_word' id='word_1_146' title='bbox 862 1414 936 1442; x_wconf 91' lang='lat' dir='ltr'>sunt</span> 
     </span>
     <span class='ocr_line' id='line_1_24' title="bbox 159 1463 935 1504; baseline 0.001 -11"><span class='ocrx_word' id='word_1_147' title='bbox 159 1463 239 1493; x_wconf 87' lang='lat' dir='ltr'>alia:</span> <span class='ocrx_word' id='word_1_148' title='bbox 262 1464 316 1494; x_wconf 89' lang='lat' dir='ltr'>sed</span> <span class='ocrx_word' id='word_1_149' title='bbox 340 1466 447 1494; x_wconf 90' lang='lat' dir='ltr'>tamen</span> <span class='ocrx_word' id='word_1_150' title='bbox 468 1464 565 1494; x_wconf 89' lang='lat' dir='ltr'>homo</span> <span class='ocrx_word' id='word_1_151' title='bbox 586 1473 650 1494; x_wconf 91' lang='lat' dir='ltr'>non</span> <span class='ocrx_word' id='word_1_152' title='bbox 669 1466 716 1494; x_wconf 88' lang='lat' dir='ltr'>est</span> <span class='ocrx_word' id='word_1_153' title='bbox 738 1464 835 1501; x_wconf 86' lang='lat' dir='ltr'>alius,</span> <span class='ocrx_word' id='word_1_154' title='bbox 858 1465 935 1504; x_wconf 81' lang='lat' dir='ltr'>quia</span> 
     </span>
     <span class='ocr_line' id='line_1_25' title="bbox 159 1516 931 1556; baseline 0.003 -10"><span class='ocrx_word' id='word_1_155' title='bbox 159 1516 260 1546; x_wconf 85' lang='lat' dir='ltr'>forma</span> <span class='ocrx_word' id='word_1_156' title='bbox 279 1516 391 1547; x_wconf 92' lang='lat' dir='ltr'>ultimo</span> <span class='ocrx_word' id='word_1_157' title='bbox 411 1516 616 1556; x_wconf 85' lang='lat' dir='ltr'>completiva,</span> <span class='ocrx_word' id='word_1_158' title='bbox 641 1519 671 1547; x_wconf 89' lang='lat' dir='ltr'>et</span> <span class='ocrx_word' id='word_1_159' title='bbox 692 1517 843 1556; x_wconf 86' lang='lat' dir='ltr'>primaria</span> <span class='ocrx_word' id='word_1_160' title='bbox 862 1527 931 1548; x_wconf 88' lang='lat' dir='ltr'>ma-</span> 
     </span>
     <span class='ocr_line' id='line_1_26' title="bbox 158 1569 933 1607; baseline 0.003 -8"><span class='ocrx_word' id='word_1_161' title='bbox 158 1569 246 1607; x_wconf 88' lang='lat' dir='ltr'>teria,</span> <span class='ocrx_word' id='word_1_162' title='bbox 264 1569 438 1599; x_wconf 87' lang='lat' dir='ltr'>secundum</span> <span class='ocrx_word' id='word_1_163' title='bbox 459 1570 668 1600; x_wconf 75' lang='lat' dir='ltr'>substantiam</span> <span class='ocrx_word' id='word_1_164' title='bbox 689 1572 736 1600; x_wconf 87' lang='grc'>051</span> <span class='ocrx_word' id='word_1_165' title='bbox 750 1579 815 1600; x_wconf 88' lang='lat' dir='ltr'>una</span> <span class='ocrx_word' id='word_1_166' title='bbox 835 1573 865 1600; x_wconf 88' lang='lat' dir='ltr'>et</span> <span class='ocrx_word' id='word_1_167' title='bbox 879 1580 933 1601; x_wconf 90' lang='lat' dir='ltr'>ea-</span> 
     </span>
     <span class='ocr_line' id='line_1_27' title="bbox 157 1622 932 1663; baseline 0.003 -11"><span class='ocrx_word' id='word_1_168' title='bbox 157 1623 240 1653; x_wconf 88' lang='lat' dir='ltr'>dem.</span> <span class='ocrx_word' id='word_1_169' title='bbox 259 1622 347 1653; x_wconf 86' lang='lat' dir='ltr'>Unde</span> <span class='ocrx_word' id='word_1_170' title='bbox 366 1623 392 1652; x_wconf 89' lang='grc'>51</span> <span class='ocrx_word' id='word_1_171' title='bbox 415 1625 518 1653; x_wconf 86' lang='lat' dir='ltr'>statua</span> <span class='ocrx_word' id='word_1_172' title='bbox 535 1623 667 1653; x_wconf 84' lang='lat' dir='ltr'>haberet</span> <span class='ocrx_word' id='word_1_173' title='bbox 683 1623 842 1660; x_wconf 80' lang='lat' dir='ltr'>animam,</span> <span class='ocrx_word' id='word_1_174' title='bbox 865 1624 932 1663; x_wconf 88' lang='lat' dir='ltr'>ipsa</span> 
     </span>
     <span class='ocr_line' id='line_1_28' title="bbox 157 1675 931 1716; baseline 0.003 -10"><span class='ocrx_word' id='word_1_175' title='bbox 157 1676 288 1706; x_wconf 85' lang='lat' dir='ltr'>diceret:</span> <span class='ocrx_word' id='word_1_176' title='bbox 308 1687 321 1703; x_wconf 75' lang='grc' dir='ltr'><strong>ι(</strong></span> <span class='ocrx_word' id='word_1_177' title='bbox 336 1675 405 1715; x_wconf 85' lang='lat' dir='ltr'>Ego</span> <span class='ocrx_word' id='word_1_178' title='bbox 420 1685 491 1706; x_wconf 87' lang='lat' dir='ltr'>sum</span> <span class='ocrx_word' id='word_1_179' title='bbox 507 1679 663 1713; x_wconf 82' lang='lat' dir='ltr'>revocata,</span> <span class='ocrx_word' id='word_1_180' title='bbox 679 1688 692 1704; x_wconf 69' lang='lat' dir='ltr'>n</span> <span class='ocrx_word' id='word_1_181' title='bbox 710 1677 787 1716; x_wconf 89' lang='lat' dir='ltr'>quia</span> <span class='ocrx_word' id='word_1_182' title='bbox 801 1677 931 1708; x_wconf 83' lang='lat' dir='ltr'>haberet</span> 
     </span>
     <span class='ocr_line' id='line_1_29' title="bbox 157 1729 931 1766; baseline 0.003 -7"><span class='ocrx_word' id='word_1_183' title='bbox 157 1729 300 1760; x_wconf 88' lang='lat' dir='ltr'>eamdem</span> <span class='ocrx_word' id='word_1_184' title='bbox 318 1729 499 1766; x_wconf 80' lang='lat' dir='ltr'>materiam,</span> <span class='ocrx_word' id='word_1_185' title='bbox 516 1732 546 1759; x_wconf 90' lang='lat' dir='ltr'>et</span> <span class='ocrx_word' id='word_1_186' title='bbox 562 1729 705 1760; x_wconf 88' lang='lat' dir='ltr'>eamdem</span> <span class='ocrx_word' id='word_1_187' title='bbox 726 1730 859 1760; x_wconf 84' lang='lat' dir='ltr'>formam</span> <span class='ocrx_word' id='word_1_188' title='bbox 878 1731 931 1762; x_wconf 90' lang='lat' dir='ltr'>ul-</span> 
     </span>
     <span class='ocr_line' id='line_1_30' title="bbox 158 1782 928 1822; baseline 0.003 -10"><span class='ocrx_word' id='word_1_189' title='bbox 158 1782 283 1819; x_wconf 84' lang='lat' dir='ltr'>timam,</span> <span class='ocrx_word' id='word_1_190' title='bbox 300 1782 449 1822; x_wconf 84' lang='lat' dir='ltr'>quamvis</span> <span class='ocrx_word' id='word_1_191' title='bbox 468 1791 532 1812; x_wconf 90' lang='lat' dir='ltr'>non</span> <span class='ocrx_word' id='word_1_192' title='bbox 556 1782 687 1813; x_wconf 85' lang='lat' dir='ltr'>haberet</span> <span class='ocrx_word' id='word_1_193' title='bbox 705 1783 928 1815; x_wconf 81' lang='lat' dir='ltr'>intermedias:</span> 
     </span>
     <span class='ocr_line' id='line_1_31' title="bbox 157 1835 930 1877; baseline 0.003 -11"><span class='ocrx_word' id='word_1_194' title='bbox 157 1836 202 1866; x_wconf 90' lang='lat' dir='ltr'>sic</span> <span class='ocrx_word' id='word_1_195' title='bbox 216 1838 247 1866; x_wconf 90' lang='lat' dir='ltr'>et</span> <span class='ocrx_word' id='word_1_196' title='bbox 266 1836 299 1866; x_wconf 91' lang='lat' dir='ltr'>in</span> <span class='ocrx_word' id='word_1_197' title='bbox 320 1835 481 1875; x_wconf 91' lang='lat' dir='ltr'>proposito</span> <span class='ocrx_word' id='word_1_198' title='bbox 499 1835 609 1866; x_wconf 89' lang='lat' dir='ltr'>dicunt</span> <span class='ocrx_word' id='word_1_199' title='bbox 629 1845 660 1865; x_wconf 85' lang='lat' dir='ltr'>se</span> <span class='ocrx_word' id='word_1_200' title='bbox 680 1836 798 1866; x_wconf 82' lang='lat' dir='ltr'>habere</span> <span class='ocrx_word' id='word_1_201' title='bbox 815 1847 822 1867; x_wconf 77' lang='lat' dir='ltr'>t</span> <span class='ocrx_word' id='word_1_202' title='bbox 846 1838 930 1877; x_wconf 87' lang='lat' dir='ltr'>quod</span> 
     </span>
     <span class='ocr_line' id='line_1_32' title="bbox 156 1888 929 1928; baseline 0.004 -10"><span class='ocrx_word' id='word_1_203' title='bbox 156 1888 266 1919; x_wconf 84' lang='lat' dir='ltr'>sormae</span> <span class='ocrx_word' id='word_1_204' title='bbox 282 1888 479 1918; x_wconf 69' lang='lat' dir='ltr'>intermediae</span> <span class='ocrx_word' id='word_1_205' title='bbox 493 1888 631 1925; x_wconf 72' lang='lat' dir='ltr'>iteratae,</span> <span class='ocrx_word' id='word_1_206' title='bbox 648 1892 722 1919; x_wconf 89' lang='lat' dir='ltr'>sunt</span> <span class='ocrx_word' id='word_1_207' title='bbox 740 1889 828 1928; x_wconf 83' lang='lat' dir='ltr'>aliae3</span> <span class='ocrx_word' id='word_1_208' title='bbox 846 1893 929 1921; x_wconf 84' lang='lat' dir='ltr'>atta-</span> 
     </span>
     <span class='ocr_line' id='line_1_33' title="bbox 156 1942 927 1983; baseline 0.004 -11"><span class='ocrx_word' id='word_1_209' title='bbox 156 1951 230 1972; x_wconf 85' lang='lat' dir='ltr'>men</span> <span class='ocrx_word' id='word_1_210' title='bbox 243 1942 340 1973; x_wconf 87' lang='lat' dir='ltr'>homo</span> <span class='ocrx_word' id='word_1_211' title='bbox 351 1942 435 1972; x_wconf 89' lang='lat' dir='ltr'>idem</span> <span class='ocrx_word' id='word_1_212' title='bbox 448 1944 506 1979; x_wconf 85' lang='lat' dir='ltr'>est,</span> <span class='ocrx_word' id='word_1_213' title='bbox 518 1942 659 1972; x_wconf 77' lang='lat' dir='ltr'>maxime</span> <span class='ocrx_word' id='word_1_214' title='bbox 670 1943 791 1973; x_wconf 86' lang='lat' dir='ltr'>ratione</span> <span class='ocrx_word' id='word_1_215' title='bbox 803 1944 927 1983; x_wconf 83' lang='lat' dir='ltr'>formae,</span> 
     </span>
     <span class='ocr_line' id='line_1_34' title="bbox 155 1994 929 2036; baseline 0.005 -12"><span class='ocrx_word' id='word_1_216' title='bbox 155 1994 231 2034; x_wconf 90' lang='lat' dir='ltr'>quia</span> <span class='ocrx_word' id='word_1_217' title='bbox 251 1996 315 2025; x_wconf 83' lang='lat' dir='ltr'>tota</span> <span class='ocrx_word' id='word_1_218' title='bbox 335 1994 416 2025; x_wconf 90' lang='lat' dir='ltr'>ratio</span> <span class='ocrx_word' id='word_1_219' title='bbox 431 1994 661 2034; x_wconf 79' lang='lat' dir='ltr'>personalitatis</span> <span class='ocrx_word' id='word_1_220' title='bbox 675 1996 762 2026; x_wconf 90' lang='lat' dir='ltr'>venit</span> <span class='ocrx_word' id='word_1_221' title='bbox 780 2005 819 2027; x_wconf 79' lang='lat' dir='ltr'>ex</span> <span class='ocrx_word' id='word_1_222' title='bbox 842 2000 929 2036; x_wconf 89' lang='lat' dir='ltr'>parte</span> 
     </span>
     <span class='ocr_line' id='line_1_35' title="bbox 155 2047 927 2090; baseline 0.006 -13"><span class='ocrx_word' id='word_1_223' title='bbox 155 2047 283 2078; x_wconf 81' lang='lat' dir='ltr'>animae.</span> <span class='ocrx_word' id='word_1_224' title='bbox 301 2047 362 2078; x_wconf 87' lang='lat' dir='ltr'>Sed</span> <span class='ocrx_word' id='word_1_225' title='bbox 377 2050 485 2078; x_wconf 88' lang='lat' dir='ltr'>tamen</span> <span class='ocrx_word' id='word_1_226' title='bbox 498 2048 581 2078; x_wconf 90' lang='lat' dir='ltr'>istud</span> <span class='ocrx_word' id='word_1_227' title='bbox 596 2057 660 2079; x_wconf 91' lang='lat' dir='ltr'>non</span> <span class='ocrx_word' id='word_1_228' title='bbox 675 2049 801 2088; x_wconf 77' lang='lat' dir='ltr'>sufficit,</span> <span class='ocrx_word' id='word_1_229' title='bbox 818 2060 875 2090; x_wconf 88' lang='lat' dir='ltr'>pro</span> <span class='ocrx_word' id='word_1_230' title='bbox 891 2060 927 2082; x_wconf 89' lang='lat' dir='ltr'>eo</span> 
     </span>
     <span class='ocr_line' id='line_1_36' title="bbox 154 2101 926 2142; baseline 0.004 -11"><span class='ocrx_word' id='word_1_231' title='bbox 154 2101 239 2140; x_wconf 85' lang='lat' dir='ltr'>quod</span> <span class='ocrx_word' id='word_1_232' title='bbox 256 2101 444 2132; x_wconf 88' lang='lat' dir='ltr'>resurrectio</span> <span class='ocrx_word' id='word_1_233' title='bbox 462 2101 577 2132; x_wconf 88' lang='lat' dir='ltr'>dicitur</span> <span class='ocrx_word' id='word_1_234' title='bbox 596 2111 663 2132; x_wconf 86' lang='lat' dir='ltr'>esse</span> <span class='ocrx_word' id='word_1_235' title='bbox 678 2111 848 2142; x_wconf 87' lang='lat' dir='ltr'>corporum</span> <span class='ocrx_word' id='word_1_236' title='bbox 864 2104 926 2134; x_wconf 92' lang='lat' dir='ltr'>hu-</span> 
     </span>
     <span class='ocr_line' id='line_1_37' title="bbox 154 2151 924 2196; baseline 0.005 -12"><span class='ocrx_word' id='word_1_237' title='bbox 154 2162 323 2185; x_wconf 87' lang='lat' dir='ltr'>manorum</span> <span class='ocrx_word' id='word_1_238' title='bbox 341 2155 446 2194; x_wconf 85' lang='lat' dir='ltr'>magis</span> <span class='ocrx_word' id='word_1_239' title='bbox 468 2155 609 2194; x_wconf 86' lang='lat' dir='ltr'>proprie,</span> <span class='ocrx_word' id='word_1_240' title='bbox 629 2165 725 2195; x_wconf 85' lang='lat' dir='ltr'>quam</span> <span class='ocrx_word' id='word_1_241' title='bbox 739 2151 924 2196; x_wconf 81' lang='lat' dir='ltr'>conjuncto-</span> 
     </span>
     <span class='ocr_line' id='line_1_38' title="bbox 154 2207 925 2250; baseline 0.005 -13"><span class='ocrx_word' id='word_1_242' title='bbox 154 2216 237 2237; x_wconf 87' lang='lat' dir='ltr'>rum.</span> <span class='ocrx_word' id='word_1_243' title='bbox 255 2207 287 2238; x_wconf 90' lang='lat' dir='ltr'>Si</span> <span class='ocrx_word' id='word_1_244' title='bbox 303 2217 379 2246; x_wconf 82' lang='lat' dir='ltr'>ergo</span> <span class='ocrx_word' id='word_1_245' title='bbox 389 2209 576 2239; x_wconf 89' lang='lat' dir='ltr'>resurrectio</span> <span class='ocrx_word' id='word_1_246' title='bbox 589 2209 682 2239; x_wconf 87' lang='lat' dir='ltr'>debet</span> <span class='ocrx_word' id='word_1_247' title='bbox 693 2219 760 2240; x_wconf 78' lang='lat' dir='ltr'>esse</span> <span class='ocrx_word' id='word_1_248' title='bbox 771 2211 925 2250; x_wconf 76' lang='lat' dir='ltr'>eiusdem,</span> 
     </span>
     <span class='ocr_line' id='line_1_39' title="bbox 154 2262 923 2301; baseline 0.007 -12"><span class='ocrx_word' id='word_1_249' title='bbox 154 2269 297 2290; x_wconf 85' lang='lat' dir='ltr'>necessse</span> <span class='ocrx_word' id='word_1_250' title='bbox 305 2263 351 2290; x_wconf 90' lang='lat' dir='ltr'>est</span> <span class='ocrx_word' id='word_1_251' title='bbox 362 2262 446 2300; x_wconf 84' lang='lat' dir='ltr'>quod</span> <span class='ocrx_word' id='word_1_252' title='bbox 455 2271 568 2301; x_wconf 89' lang='lat' dir='ltr'>corpus</span> <span class='ocrx_word' id='word_1_253' title='bbox 578 2262 757 2293; x_wconf 87' lang='lat' dir='ltr'>humanum</span> <span class='ocrx_word' id='word_1_254' title='bbox 773 2263 813 2293; x_wconf 88' lang='lat' dir='ltr'>sit</span> <span class='ocrx_word' id='word_1_255' title='bbox 825 2264 923 2294; x_wconf 83' lang='lat' dir='ltr'>idem:</span> 
     </span>
     <span class='ocr_line' id='line_1_40' title="bbox 154 2312 925 2355; baseline 0.009 -13"><span class='ocrx_word' id='word_1_256' title='bbox 154 2312 207 2343; x_wconf 87' lang='lat' dir='ltr'>sed</span> <span class='ocrx_word' id='word_1_257' title='bbox 219 2322 386 2352; x_wconf 84' lang='lat' dir='ltr'>nunquam</span> <span class='ocrx_word' id='word_1_258' title='bbox 398 2316 443 2344; x_wconf 89' lang='lat' dir='ltr'>est</span> <span class='ocrx_word' id='word_1_259' title='bbox 457 2314 540 2345; x_wconf 89' lang='lat' dir='ltr'>idem</span> <span class='ocrx_word' id='word_1_260' title='bbox 555 2324 680 2355; x_wconf 81' lang='lat' dir='ltr'>corpus,</span> <span class='ocrx_word' id='word_1_261' title='bbox 695 2317 755 2346; x_wconf 89' lang='lat' dir='ltr'>nisi</span> <span class='ocrx_word' id='word_1_262' title='bbox 766 2317 805 2347; x_wconf 89' lang='lat' dir='ltr'>sit</span> <span class='ocrx_word' id='word_1_263' title='bbox 816 2319 925 2349; x_wconf 80' lang='lat' dir='ltr'>eadem</span> 
     </span>
     <span class='ocr_line' id='line_1_41' title="bbox 153 2368 926 2409; baseline 0.008 -13"><span class='ocrx_word' id='word_1_264' title='bbox 153 2375 239 2396; x_wconf 85' lang='lat' dir='ltr'>caro:</span> <span class='ocrx_word' id='word_1_265' title='bbox 257 2375 334 2405; x_wconf 83' lang='lat' dir='ltr'>ergo</span> <span class='ocrx_word' id='word_1_266' title='bbox 346 2369 469 2406; x_wconf 87' lang='lat' dir='ltr'>oportet</span> <span class='ocrx_word' id='word_1_267' title='bbox 481 2368 566 2406; x_wconf 86' lang='lat' dir='ltr'>quod</span> <span class='ocrx_word' id='word_1_268' title='bbox 581 2377 664 2407; x_wconf 82' lang='lat' dir='ltr'>caro,</span> <span class='ocrx_word' id='word_1_269' title='bbox 677 2379 750 2409; x_wconf 82' lang='lat' dir='ltr'>quae</span> <span class='ocrx_word' id='word_1_270' title='bbox 765 2373 811 2400; x_wconf 85' lang='lat' dir='ltr'>est</span> <span class='ocrx_word' id='word_1_271' title='bbox 824 2372 926 2402; x_wconf 78' lang='lat' dir='ltr'>forma</span> 
     </span>
     <span class='ocr_line' id='line_1_42' title="bbox 154 2419 925 2460; baseline 0.009 -11"><span class='ocrx_word' id='word_1_272' title='bbox 154 2419 355 2458; x_wconf 81' lang='lat' dir='ltr'>intermedia,</span> <span class='ocrx_word' id='word_1_273' title='bbox 382 2420 421 2450; x_wconf 90' lang='lat' dir='ltr'>sit</span> <span class='ocrx_word' id='word_1_274' title='bbox 442 2420 568 2450; x_wconf 87' lang='lat' dir='ltr'>eadem:</span> <span class='ocrx_word' id='word_1_275' title='bbox 595 2422 662 2460; x_wconf 86' lang='lat' dir='ltr'>pari</span> <span class='ocrx_word' id='word_1_276' title='bbox 688 2423 808 2454; x_wconf 85' lang='lat' dir='ltr'>ratione</span> <span class='ocrx_word' id='word_1_277' title='bbox 831 2427 861 2455; x_wconf 90' lang='lat' dir='ltr'>et</span> <span class='ocrx_word' id='word_1_278' title='bbox 887 2425 925 2455; x_wconf 85' lang='lat' dir='ltr'>de</span> 
     </span>
     <span class='ocr_line' id='line_1_43' title="bbox 153 2470 923 2517; baseline 0.009 -16"><span class='ocrx_word' id='word_1_279' title='bbox 153 2470 221 2501; x_wconf 84' lang='lat' dir='ltr'>aliis</span> <span class='ocrx_word' id='word_1_280' title='bbox 239 2471 348 2502; x_wconf 79' lang='lat' dir='ltr'>formis</span> <span class='ocrx_word' id='word_1_281' title='bbox 362 2472 576 2504; x_wconf 87' lang='lat' dir='ltr'>intermediis:</span> <span class='ocrx_word' id='word_1_282' title='bbox 600 2477 631 2504; x_wconf 91' lang='lat' dir='ltr'>et</span> <span class='ocrx_word' id='word_1_283' title='bbox 650 2475 675 2505; x_wconf 92' lang='grc'>51</span> <span class='ocrx_word' id='word_1_284' title='bbox 697 2479 819 2515; x_wconf 78' lang='lat' dir='ltr'>oportet</span> <span class='ocrx_word' id='word_1_285' title='bbox 840 2479 923 2517; x_wconf 88' lang='lat' dir='ltr'>quod</span> 
     </span>
     <span class='ocr_line' id='line_1_44' title="bbox 153 2524 924 2568; baseline 0.009 -14"><span class='ocrx_word' id='word_1_286' title='bbox 153 2533 225 2555; x_wconf 88' lang='lat' dir='ltr'>caro</span> <span class='ocrx_word' id='word_1_287' title='bbox 243 2524 282 2555; x_wconf 86' lang='lat' dir='ltr'>sit</span> <span class='ocrx_word' id='word_1_288' title='bbox 298 2525 419 2563; x_wconf 85' lang='lat' dir='ltr'>eadem,</span> <span class='ocrx_word' id='word_1_289' title='bbox 435 2529 559 2566; x_wconf 86' lang='lat' dir='ltr'>oportet</span> <span class='ocrx_word' id='word_1_290' title='bbox 573 2528 658 2567; x_wconf 91' lang='lat' dir='ltr'>quod</span> <span class='ocrx_word' id='word_1_291' title='bbox 677 2531 781 2568; x_wconf 85' lang='lat' dir='ltr'>partes</span> <span class='ocrx_word' id='word_1_292' title='bbox 803 2530 924 2561; x_wconf 88' lang='lat' dir='ltr'>officia-</span> 
     </span>
    </p>
   </div>
   <div class='ocr_carea' id='block_1_6' title="bbox 154 2605 922 2679">
    <p class='ocr_par' dir='ltr' id='par_1_6' title="bbox 154 2605 922 2679">
     <span class='ocr_line' id='line_1_45' title="bbox 187 2605 922 2643; baseline 0.01 -15"><span class='ocrx_word' id='word_1_293' title='bbox 187 2606 192 2618; x_wconf 87' lang='lat'>¹</span> <span class='ocrx_word' id='word_1_294' title='bbox 206 2606 280 2636; x_wconf 64' lang='lat' dir='ltr'>Aug„</span> <span class='ocrx_word' id='word_1_295' title='bbox 291 2605 320 2628; x_wconf 82' lang='lat' dir='ltr'>de</span> <span class='ocrx_word' id='word_1_296' title='bbox 335 2606 410 2630; x_wconf 74' lang='lat' dir='ltr'>civit.</span> <span class='ocrx_word' id='word_1_297' title='bbox 426 2608 484 2636; x_wconf 82' lang='lat' dir='ltr'>Dei,</span> <span class='ocrx_word' id='word_1_298' title='bbox 498 2608 542 2632; x_wconf 84' lang='lat' dir='ltr'>lib.</span> <span class='ocrx_word' id='word_1_299' title='bbox 559 2609 635 2639; x_wconf 75' lang='lat' dir='ltr'>XXH,</span> <span class='ocrx_word' id='word_1_300' title='bbox 651 2616 672 2633; x_wconf 88' lang='grc'>0.</span> <span class='ocrx_word' id='word_1_301' title='bbox 687 2616 765 2641; x_wconf 79' lang='lat' dir='ltr'>xvm;</span> <span class='ocrx_word' id='word_1_302' title='bbox 781 2612 922 2643; x_wconf 56' lang='lat' dir='ltr'>Euenit-id„</span> 
     </span>
     <span class='ocr_line' id='line_1_46' title="bbox 154 2643 922 2679; baseline 0.012 -15"><span class='ocrx_word' id='word_1_303' title='bbox 154 2647 176 2664; x_wconf 88' lang='lat' dir='ltr'>c.</span> <span class='ocrx_word' id='word_1_304' title='bbox 193 2646 322 2672; x_wconf 61' lang='lat' dir='ltr'>cxxxviii,</span> <span class='ocrx_word' id='word_1_305' title='bbox 332 2648 358 2666; x_wconf 87' lang='lat' dir='ltr'>n.</span> <span class='ocrx_word' id='word_1_306' title='bbox 370 2643 440 2666; x_wconf 82' lang='lat'>23.—</span> <span class='ocrx_word' id='word_1_307' title='bbox 452 2643 460 2657; x_wconf 86' lang='lat'><strong>²</strong></span> <span class='ocrx_word' id='word_1_308' title='bbox 470 2643 534 2675; x_wconf 66' lang='lat' dir='ltr'>lob„</span> <span class='ocrx_word' id='word_1_309' title='bbox 547 2650 602 2675; x_wconf 76' lang='lat' dir='ltr'>xix,</span> <span class='ocrx_word' id='word_1_310' title='bbox 617 2647 655 2670; x_wconf 82' lang='grc'>26.</span> <span class='ocrx_word' id='word_1_311' title='bbox 665 2659 695 2664; x_wconf 93' lang='grc'>-</span> <span class='ocrx_word' id='word_1_312' title='bbox 707 2646 717 2663; x_wconf 78' lang='lat'><strong>³</strong></span> <span class='ocrx_word' id='word_1_313' title='bbox 728 2646 770 2678; x_wconf 76' lang='lat' dir='ltr'>Cf.</span> <span class='ocrx_word' id='word_1_314' title='bbox 783 2648 922 2679; x_wconf 79' lang='lat' dir='ltr'>S.Th01.u„</span> 
     </span>
    </p>
   </div>
   <div class='ocr_carea' id='block_1_7' title="bbox 992 177 1770 1288">
    <p class='ocr_par' dir='ltr' id='par_1_7' title="bbox 992 177 1770 1288">
     <span class='ocr_line' id='line_1_47' title="bbox 1709 177 1768 205; baseline -0.034 0"><span class='ocrx_word' id='word_1_315' title='bbox 1709 177 1768 205; x_wconf 68' lang='lat'>473</span> 
     </span>
     <span class='ocr_line' id='line_1_48' title="bbox 998 239 1767 280; baseline 0.001 -10"><span class='ocrx_word' id='word_1_316' title='bbox 998 240 1053 278; x_wconf 87' lang='lat' dir='ltr'>les,</span> <span class='ocrx_word' id='word_1_317' title='bbox 1070 242 1105 271; x_wconf 92' lang='lat' dir='ltr'>ut</span> <span class='ocrx_word' id='word_1_318' title='bbox 1120 249 1234 270; x_wconf 86' lang='lat' dir='ltr'>manus</span> <span class='ocrx_word' id='word_1_319' title='bbox 1249 242 1279 270; x_wconf 89' lang='lat' dir='ltr'>et</span> <span class='ocrx_word' id='word_1_320' title='bbox 1300 249 1365 280; x_wconf 83' lang='lat' dir='ltr'>pes,</span> <span class='ocrx_word' id='word_1_321' title='bbox 1389 241 1450 270; x_wconf 85' lang='lat' dir='ltr'>sint</span> <span class='ocrx_word' id='word_1_322' title='bbox 1471 239 1592 270; x_wconf 87' lang='lat' dir='ltr'>eadem.</span> <span class='ocrx_word' id='word_1_323' title='bbox 1611 240 1767 280; x_wconf 87' lang='lat' dir='ltr'>Amplius,</span> 
     </span>
     <span class='ocr_line' id='line_1_49' title="bbox 998 293 1768 332; baseline 0.004 -9"><span class='ocrx_word' id='word_1_324' title='bbox 998 294 1031 324; x_wconf 88' lang='lat' dir='ltr'>in</span> <span class='ocrx_word' id='word_1_325' title='bbox 1046 294 1102 325; x_wconf 82' lang='lat' dir='ltr'>Job</span> <span class='ocrx_word' id='word_1_326' title='bbox 1117 302 1263 332; x_wconf 77' lang='lat' dir='ltr'>expresse</span> <span class='ocrx_word' id='word_1_327' title='bbox 1280 293 1394 323; x_wconf 78' lang='lat' dir='ltr'>dicitur</span> <span class='ocrx_word' id='word_1_328' title='bbox 1408 297 1434 322; x_wconf 77' lang='lat'>²:</span> <span class='ocrx_word' id='word_1_329' title='bbox 1463 294 1501 323; x_wconf 87' lang='lat' dir='ltr'>ln</span> <span class='ocrx_word' id='word_1_330' title='bbox 1522 301 1616 324; x_wconf 73' lang='lat' dir='ltr'>carne</span> <span class='ocrx_word' id='word_1_331' title='bbox 1634 302 1702 325; x_wconf 76' lang='lat' dir='ltr'>mea</span> <span class='ocrx_word' id='word_1_332' title='bbox 1717 296 1768 326; x_wconf 79' lang='lat' dir='ltr'>vi-</span> 
     </span>
     <span class='ocr_line' id='line_1_50' title="bbox 1000 346 1768 385; baseline 0.003 -9"><span class='ocrx_word' id='word_1_333' title='bbox 1000 346 1073 378; x_wconf 76' lang='lat' dir='ltr'>debo</span> <span class='ocrx_word' id='word_1_334' title='bbox 1092 347 1190 377; x_wconf 76' lang='lat' dir='ltr'>Deum</span> <span class='ocrx_word' id='word_1_335' title='bbox 1209 346 1404 377; x_wconf 74' lang='lat' dir='ltr'>Salvatorem</span> <span class='ocrx_word' id='word_1_336' title='bbox 1422 354 1542 377; x_wconf 76' lang='lat' dir='ltr'>meum:</span> <span class='ocrx_word' id='word_1_337' title='bbox 1566 355 1643 385; x_wconf 75' lang='lat' dir='ltr'>ergo</span> <span class='ocrx_word' id='word_1_338' title='bbox 1660 347 1768 378; x_wconf 87' lang='lat' dir='ltr'>eadem</span> 
     </span>
     <span class='ocr_line' id='line_1_51' title="bbox 998 398 1770 437; baseline 0.003 -8"><span class='ocrx_word' id='word_1_339' title='bbox 998 400 1056 429; x_wconf 82' lang='lat' dir='ltr'>erit</span> <span class='ocrx_word' id='word_1_340' title='bbox 1070 408 1153 429; x_wconf 89' lang='lat' dir='ltr'>caro.</span> <span class='ocrx_word' id='word_1_341' title='bbox 1171 398 1238 429; x_wconf 91' lang='lat' dir='ltr'>Non</span> <span class='ocrx_word' id='word_1_342' title='bbox 1258 408 1338 437; x_wconf 81' lang='lat' dir='ltr'>ergo</span> <span class='ocrx_word' id='word_1_343' title='bbox 1354 401 1474 429; x_wconf 83' lang='lat' dir='ltr'>rectum</span> <span class='ocrx_word' id='word_1_344' title='bbox 1490 399 1649 430; x_wconf 82' lang='lat' dir='ltr'>videbitur</span> <span class='ocrx_word' id='word_1_345' title='bbox 1663 409 1770 431; x_wconf 88' lang='lat' dir='ltr'>exem-</span> 
     </span>
     <span class='ocr_line' id='line_1_52' title="bbox 998 451 1765 492; baseline 0.003 -10"><span class='ocrx_word' id='word_1_346' title='bbox 998 453 1086 492; x_wconf 90' lang='lat' dir='ltr'>plum</span> <span class='ocrx_word' id='word_1_347' title='bbox 1103 451 1292 491; x_wconf 78' lang='lat' dir='ltr'>Augustini3</span> <span class='ocrx_word' id='word_1_348' title='bbox 1311 454 1340 482; x_wconf 89' lang='lat' dir='ltr'>et</span> <span class='ocrx_word' id='word_1_349' title='bbox 1362 452 1430 482; x_wconf 89' lang='lat' dir='ltr'>ideo</span> <span class='ocrx_word' id='word_1_350' title='bbox 1446 452 1613 483; x_wconf 83' lang='lat' dir='ltr'>dicendum</span> <span class='ocrx_word' id='word_1_351' title='bbox 1635 454 1673 483; x_wconf 85' lang='lat' dir='ltr'>ad</span> <span class='ocrx_word' id='word_1_352' title='bbox 1695 454 1765 492; x_wconf 85' lang='lat' dir='ltr'>hoc,</span> 
     </span>
     <span class='ocr_line' id='line_1_53' title="bbox 997 506 1764 546; baseline 0.001 -9"><span class='ocrx_word' id='word_1_353' title='bbox 997 507 1080 546; x_wconf 85' lang='lat' dir='ltr'>quod</span> <span class='ocrx_word' id='word_1_354' title='bbox 1093 515 1189 545; x_wconf 86' lang='lat' dir='ltr'>opera</span> <span class='ocrx_word' id='word_1_355' title='bbox 1204 506 1257 536; x_wconf 86' lang='lat' dir='ltr'>Dei</span> <span class='ocrx_word' id='word_1_356' title='bbox 1276 515 1340 536; x_wconf 88' lang='lat' dir='ltr'>non</span> <span class='ocrx_word' id='word_1_357' title='bbox 1357 506 1523 536; x_wconf 83' lang='lat' dir='ltr'>inveniunt</span> <span class='ocrx_word' id='word_1_358' title='bbox 1540 508 1708 546; x_wconf 75' lang='lat' dir='ltr'>perfectam</span> <span class='ocrx_word' id='word_1_359' title='bbox 1723 509 1764 538; x_wconf 90' lang='lat' dir='ltr'>si-</span> 
     </span>
     <span class='ocr_line' id='line_1_54' title="bbox 997 559 1766 598; baseline 0.005 -9"><span class='ocrx_word' id='word_1_360' title='bbox 997 560 1208 589; x_wconf 88' lang='lat' dir='ltr'>militudinem</span> <span class='ocrx_word' id='word_1_361' title='bbox 1233 559 1265 589; x_wconf 92' lang='lat' dir='ltr'>in</span> <span class='ocrx_word' id='word_1_362' title='bbox 1293 559 1442 598; x_wconf 85' lang='lat' dir='ltr'>operibus</span> <span class='ocrx_word' id='word_1_363' title='bbox 1471 560 1603 597; x_wconf 89' lang='lat' dir='ltr'>nostris,</span> <span class='ocrx_word' id='word_1_364' title='bbox 1628 561 1766 593; x_wconf 81' lang='lat' dir='ltr'>maxime</span> 
     </span>
     <span class='ocr_line' id='line_1_55' title="bbox 996 613 1767 652; baseline 0.004 -10"><span class='ocrx_word' id='word_1_365' title='bbox 996 613 1094 651; x_wconf 78' lang='lat' dir='ltr'>istud,</span> <span class='ocrx_word' id='word_1_366' title='bbox 1113 622 1186 643; x_wconf 89' lang='lat' dir='ltr'>cum</span> <span class='ocrx_word' id='word_1_367' title='bbox 1207 613 1246 642; x_wconf 88' lang='lat' dir='ltr'>sit</span> <span class='ocrx_word' id='word_1_368' title='bbox 1266 622 1363 652; x_wconf 82' lang='lat' dir='ltr'>supra</span> <span class='ocrx_word' id='word_1_369' title='bbox 1382 615 1528 642; x_wconf 83' lang='lat' dir='ltr'>naturam</span> <span class='ocrx_word' id='word_1_370' title='bbox 1548 613 1661 644; x_wconf 81' lang='lat' dir='ltr'>iterare</span> <span class='ocrx_word' id='word_1_371' title='bbox 1680 624 1767 645; x_wconf 86' lang='lat' dir='ltr'>eam-</span> 
     </span>
     <span class='ocr_line' id='line_1_56' title="bbox 996 665 1766 699; baseline 0.004 -3"><span class='ocrx_word' id='word_1_372' title='bbox 996 665 1067 696; x_wconf 87' lang='lat' dir='ltr'>dem</span> <span class='ocrx_word' id='word_1_373' title='bbox 1090 666 1226 696; x_wconf 83' lang='lat' dir='ltr'>formam</span> <span class='ocrx_word' id='word_1_374' title='bbox 1246 674 1396 695; x_wconf 81' lang='lat' dir='ltr'>numero:</span> <span class='ocrx_word' id='word_1_375' title='bbox 1420 665 1488 695; x_wconf 87' lang='lat' dir='ltr'>ideo</span> <span class='ocrx_word' id='word_1_376' title='bbox 1508 675 1571 696; x_wconf 89' lang='lat' dir='ltr'>non</span> <span class='ocrx_word' id='word_1_377' title='bbox 1586 669 1631 697; x_wconf 88' lang='lat' dir='ltr'>est</span> <span class='ocrx_word' id='word_1_378' title='bbox 1652 668 1766 699; x_wconf 89' lang='lat' dir='ltr'>intelli-</span> 
     </span>
     <span class='ocr_line' id='line_1_57' title="bbox 996 718 1768 758; baseline 0.003 -9"><span class='ocrx_word' id='word_1_379' title='bbox 996 719 1138 758; x_wconf 77' lang='lat' dir='ltr'>gendum</span> <span class='ocrx_word' id='word_1_380' title='bbox 1154 718 1236 748; x_wconf 89' lang='lat' dir='ltr'>istud</span> <span class='ocrx_word' id='word_1_381' title='bbox 1252 718 1435 757; x_wconf 84' lang='lat' dir='ltr'>exemplum</span> <span class='ocrx_word' id='word_1_382' title='bbox 1452 719 1564 749; x_wconf 87' lang='lat' dir='ltr'>adduci</span> <span class='ocrx_word' id='word_1_383' title='bbox 1581 720 1640 749; x_wconf 91' lang='lat' dir='ltr'>nisi</span> <span class='ocrx_word' id='word_1_384' title='bbox 1655 721 1692 750; x_wconf 84' lang='lat' dir='ltr'>ad</span> <span class='ocrx_word' id='word_1_385' title='bbox 1708 721 1768 751; x_wconf 90' lang='lat' dir='ltr'>hoc</span> 
     </span>
     <span class='ocr_line' id='line_1_58' title="bbox 997 771 1768 812; baseline 0.003 -10"><span class='ocrx_word' id='word_1_386' title='bbox 997 772 1111 809; x_wconf 83' lang='lat' dir='ltr'>solum,</span> <span class='ocrx_word' id='word_1_387' title='bbox 1129 772 1212 811; x_wconf 87' lang='lat' dir='ltr'>quod</span> <span class='ocrx_word' id='word_1_388' title='bbox 1227 772 1309 801; x_wconf 85' lang='lat' dir='ltr'>sicut</span> <span class='ocrx_word' id='word_1_389' title='bbox 1325 771 1437 801; x_wconf 76' lang='lat' dir='ltr'>artifex</span> <span class='ocrx_word' id='word_1_390' title='bbox 1451 774 1576 802; x_wconf 74' lang='lat' dir='ltr'>creatus</span> <span class='ocrx_word' id='word_1_391' title='bbox 1591 776 1715 812; x_wconf 82' lang='lat' dir='ltr'>reparat</span> <span class='ocrx_word' id='word_1_392' title='bbox 1730 775 1768 804; x_wconf 89' lang='lat' dir='ltr'>de</span> 
     </span>
     <span class='ocr_line' id='line_1_59' title="bbox 996 825 1768 864; baseline 0.003 -10"><span class='ocrx_word' id='word_1_393' title='bbox 996 825 1127 855; x_wconf 80' lang='lat' dir='ltr'>materia</span> <span class='ocrx_word' id='word_1_394' title='bbox 1152 825 1293 864; x_wconf 80' lang='lat' dir='ltr'>eJusdem</span> <span class='ocrx_word' id='word_1_395' title='bbox 1320 827 1431 854; x_wconf 72' lang='lat' dir='ltr'>statuae</span> <span class='ocrx_word' id='word_1_396' title='bbox 1458 827 1594 855; x_wconf 84' lang='lat' dir='ltr'>statuam</span> <span class='ocrx_word' id='word_1_397' title='bbox 1617 827 1768 856; x_wconf 82' lang='lat' dir='ltr'>consimi-</span> 
     </span>
     <span class='ocr_line' id='line_1_60' title="bbox 995 878 1767 917; baseline 0.003 -9"><span class='ocrx_word' id='word_1_398' title='bbox 995 878 1069 915; x_wconf 82' lang='grc'><strong>10111,</strong></span> <span class='ocrx_word' id='word_1_399' title='bbox 1092 878 1135 908; x_wconf 81' lang='lat' dir='ltr'>ita</span> <span class='ocrx_word' id='word_1_400' title='bbox 1154 878 1237 917; x_wconf 83' lang='lat' dir='ltr'>quod</span> <span class='ocrx_word' id='word_1_401' title='bbox 1258 887 1320 908; x_wconf 92' lang='lat' dir='ltr'>non</span> <span class='ocrx_word' id='word_1_402' title='bbox 1342 880 1463 917; x_wconf 90' lang='lat' dir='ltr'>oportet</span> <span class='ocrx_word' id='word_1_403' title='bbox 1481 880 1586 917; x_wconf 89' lang='lat' dir='ltr'>partes</span> <span class='ocrx_word' id='word_1_404' title='bbox 1605 879 1645 908; x_wconf 89' lang='lat' dir='ltr'>ad</span> <span class='ocrx_word' id='word_1_405' title='bbox 1659 880 1767 910; x_wconf 66' lang='lat' dir='ltr'>eadem</span> 
     </span>
     <span class='ocr_line' id='line_1_61' title="bbox 994 931 1769 970; baseline 0.003 -9"><span class='ocrx_word' id='word_1_406' title='bbox 994 931 1061 961; x_wconf 79' lang='lat' dir='ltr'>loca</span> <span class='ocrx_word' id='word_1_407' title='bbox 1077 931 1195 968; x_wconf 73' lang='lat' dir='ltr'>red1re3</span> <span class='ocrx_word' id='word_1_408' title='bbox 1214 931 1258 961; x_wconf 90' lang='grc'>510</span> <span class='ocrx_word' id='word_1_409' title='bbox 1272 931 1353 961; x_wconf 87' lang='lat' dir='ltr'>Deus</span> <span class='ocrx_word' id='word_1_410' title='bbox 1367 934 1492 970; x_wconf 74' lang='lat' dir='ltr'>reparat</span> <span class='ocrx_word' id='word_1_411' title='bbox 1506 931 1543 961; x_wconf 82' lang='grc'>(10</span> <span class='ocrx_word' id='word_1_412' title='bbox 1558 932 1691 962; x_wconf 80' lang='lat' dir='ltr'>materia</span> <span class='ocrx_word' id='word_1_413' title='bbox 1704 942 1769 963; x_wconf 89' lang='lat' dir='ltr'>cor-</span> 
     </span>
     <span class='ocr_line' id='line_1_62' title="bbox 995 984 1766 1023; baseline 0.003 -10"><span class='ocrx_word' id='word_1_414' title='bbox 995 984 1080 1023; x_wconf 83' lang='lat' dir='ltr'>poris</span> <span class='ocrx_word' id='word_1_415' title='bbox 1100 984 1145 1014; x_wconf 81' lang='lat' dir='ltr'>tui</span> <span class='ocrx_word' id='word_1_416' title='bbox 1168 993 1298 1023; x_wconf 75' lang='lat' dir='ltr'>corpus,</span> <span class='ocrx_word' id='word_1_417' title='bbox 1314 984 1398 1023; x_wconf 86' lang='lat' dir='ltr'>quod</span> <span class='ocrx_word' id='word_1_418' title='bbox 1420 993 1484 1014; x_wconf 86' lang='lat' dir='ltr'>non</span> <span class='ocrx_word' id='word_1_419' title='bbox 1506 986 1630 1014; x_wconf 81' lang='lat' dir='ltr'>tantum</span> <span class='ocrx_word' id='word_1_420' title='bbox 1652 985 1766 1023; x_wconf 76' lang='lat' dir='ltr'>simile,</span> 
     </span>
     <span class='ocr_line' id='line_1_63' title="bbox 994 1037 1766 1076; baseline 0.004 -11"><span class='ocrx_word' id='word_1_421' title='bbox 994 1037 1048 1066; x_wconf 83' lang='lat' dir='ltr'>sed</span> <span class='ocrx_word' id='word_1_422' title='bbox 1062 1037 1145 1066; x_wconf 68' lang='lat' dir='ltr'>idem</span> <span class='ocrx_word' id='word_1_423' title='bbox 1167 1037 1259 1066; x_wconf 82' lang='lat' dir='ltr'>estin</span> <span class='ocrx_word' id='word_1_424' title='bbox 1273 1038 1462 1067; x_wconf 83' lang='lat' dir='ltr'>substantia:</span> <span class='ocrx_word' id='word_1_425' title='bbox 1482 1046 1540 1067; x_wconf 90' lang='lat' dir='ltr'>nec</span> <span class='ocrx_word' id='word_1_426' title='bbox 1561 1040 1683 1076; x_wconf 87' lang='lat' dir='ltr'>oportet</span> <span class='ocrx_word' id='word_1_427' title='bbox 1702 1039 1766 1068; x_wconf 88' lang='lat' dir='ltr'>sin-</span> 
     </span>
     <span class='ocr_line' id='line_1_64' title="bbox 994 1089 1768 1128; baseline 0.004 -10"><span class='ocrx_word' id='word_1_428' title='bbox 994 1089 1072 1127; x_wconf 84' lang='lat' dir='ltr'>gula</span> <span class='ocrx_word' id='word_1_429' title='bbox 1084 1089 1122 1119; x_wconf 87' lang='lat' dir='ltr'>ad</span> <span class='ocrx_word' id='word_1_430' title='bbox 1134 1090 1262 1128; x_wconf 84' lang='lat' dir='ltr'>singula</span> <span class='ocrx_word' id='word_1_431' title='bbox 1273 1091 1417 1120; x_wconf 85' lang='lat' dir='ltr'>membra</span> <span class='ocrx_word' id='word_1_432' title='bbox 1428 1091 1540 1127; x_wconf 85' lang='lat' dir='ltr'>redire,</span> <span class='ocrx_word' id='word_1_433' title='bbox 1557 1091 1611 1120; x_wconf 87' lang='lat' dir='ltr'>ubi</span> <span class='ocrx_word' id='word_1_434' title='bbox 1626 1094 1671 1121; x_wconf 83' lang='lat' dir='ltr'>est</span> <span class='ocrx_word' id='word_1_435' title='bbox 1686 1100 1768 1121; x_wconf 89' lang='grc'><strong>0105-</strong></span> 
     </span>
     <span class='ocr_line' id='line_1_65' title="bbox 993 1142 1768 1183; baseline 0.003 -11"><span class='ocrx_word' id='word_1_436' title='bbox 993 1142 1108 1179; x_wconf 85' lang='lat' dir='ltr'>centia,</span> <span class='ocrx_word' id='word_1_437' title='bbox 1140 1152 1211 1182; x_wconf 83' lang='lat' dir='ltr'>quae</span> <span class='ocrx_word' id='word_1_438' title='bbox 1243 1146 1411 1182; x_wconf 76' lang='lat' dir='ltr'>generaret</span> <span class='ocrx_word' id='word_1_439' title='bbox 1439 1143 1662 1179; x_wconf 79' lang='lat' dir='ltr'>indecentiam,</span> <span class='ocrx_word' id='word_1_440' title='bbox 1692 1144 1768 1183; x_wconf 91' lang='lat' dir='ltr'>quia</span> 
     </span>
     <span class='ocr_line' id='line_1_66' title="bbox 992 1197 1768 1236; baseline 0.004 -10"><span class='ocrx_word' id='word_1_441' title='bbox 992 1198 1149 1235; x_wconf 81' lang='lat' dir='ltr'>quantum</span> <span class='ocrx_word' id='word_1_442' title='bbox 1172 1197 1211 1227; x_wconf 87' lang='lat' dir='ltr'>ad</span> <span class='ocrx_word' id='word_1_443' title='bbox 1236 1197 1295 1227; x_wconf 88' lang='lat' dir='ltr'>hoc</span> <span class='ocrx_word' id='word_1_444' title='bbox 1322 1197 1463 1236; x_wconf 85' lang='lat' dir='ltr'>loquitur</span> <span class='ocrx_word' id='word_1_445' title='bbox 1490 1197 1708 1236; x_wconf 72' lang='lat' dir='ltr'>Augustinus,</span> <span class='ocrx_word' id='word_1_446' title='bbox 1733 1201 1768 1229; x_wconf 92' lang='lat' dir='ltr'>ut</span> 
     </span>
     <span class='ocr_line' id='line_1_67' title="bbox 993 1250 1253 1288; baseline 0.008 -9"><span class='ocrx_word' id='word_1_447' title='bbox 993 1251 1076 1288; x_wconf 84' lang='lat' dir='ltr'>patet</span> <span class='ocrx_word' id='word_1_448' title='bbox 1090 1250 1124 1280; x_wconf 88' lang='grc'>111</span> <span class='ocrx_word' id='word_1_449' title='bbox 1140 1250 1253 1281; x_wconf 83' lang='lat' dir='ltr'>littera.</span> 
     </span>
    </p>
   </div>
   <div class='ocr_carea' id='block_1_8' title="bbox 1200 1370 1552 1404">
    <p class='ocr_par' dir='ltr' id='par_1_8' title="bbox 1200 1370 1552 1404">
     <span class='ocr_line' id='line_1_68' title="bbox 1200 1370 1552 1404; baseline 0.003 -1"><span class='ocrx_word' id='word_1_450' title='bbox 1200 1370 1493 1404; x_wconf 85' lang='lat' dir='ltr'><strong>ARTICULUS</strong></span> <span class='ocrx_word' id='word_1_451' title='bbox 1528 1372 1552 1404; x_wconf 89' lang='lat' dir='ltr'>I.</span> 
     </span>
    </p>
   </div>
   <div class='ocr_carea' id='block_1_9' title="bbox 987 1464 1766 1876">
    <p class='ocr_par' dir='ltr' id='par_1_9' title="bbox 987 1464 1766 1876">
     <span class='ocr_line' id='line_1_69' title="bbox 1030 1464 1766 1506; baseline 0.004 -12"><span class='ocrx_word' id='word_1_452' title='bbox 1030 1464 1078 1494; x_wconf 87' lang='lat' dir='ltr'>Ad</span> <span class='ocrx_word' id='word_1_453' title='bbox 1092 1464 1334 1504; x_wconf 84' lang='lat' dir='ltr'>intelligentiam</span> <span class='ocrx_word' id='word_1_454' title='bbox 1352 1465 1450 1504; x_wconf 85' lang='lat' dir='ltr'>hujus</span> <span class='ocrx_word' id='word_1_455' title='bbox 1469 1466 1565 1504; x_wconf 87' lang='lat' dir='ltr'>partis</span> <span class='ocrx_word' id='word_1_456' title='bbox 1581 1466 1640 1496; x_wconf 81' lang='lat' dir='ltr'>tria</span> <span class='ocrx_word' id='word_1_457' title='bbox 1654 1467 1766 1506; x_wconf 89' lang='lat' dir='ltr'>princi-</span> 
     </span>
     <span class='ocr_line' id='line_1_70' title="bbox 990 1517 1765 1558; baseline 0.003 -11"><span class='ocrx_word' id='word_1_458' title='bbox 990 1517 1102 1556; x_wconf 83' lang='lat' dir='ltr'>paliter</span> <span class='ocrx_word' id='word_1_459' title='bbox 1116 1520 1307 1557; x_wconf 58' lang='lat' dir='ltr'>quaeruntur</span> <span class='ocrx_word' id='word_1_460' title='bbox 1319 1530 1324 1549; x_wconf 89' lang='lat'>:</span> <span class='ocrx_word' id='word_1_461' title='bbox 1343 1519 1447 1558; x_wconf 87' lang='lat' dir='ltr'>primo</span> <span class='ocrx_word' id='word_1_462' title='bbox 1460 1519 1616 1558; x_wconf 79' lang='lat' dir='ltr'>quaeritur</span> <span class='ocrx_word' id='word_1_463' title='bbox 1626 1519 1703 1558; x_wconf 87' lang='lat' dir='ltr'>quid</span> <span class='ocrx_word' id='word_1_464' title='bbox 1719 1529 1765 1550; x_wconf 87' lang='lat' dir='ltr'>re—</span> 
     </span>
     <span class='ocr_line' id='line_1_71' title="bbox 989 1571 1764 1612; baseline 0.003 -12"><span class='ocrx_word' id='word_1_465' title='bbox 989 1573 1101 1609; x_wconf 81' lang='lat' dir='ltr'>surgat</span> <span class='ocrx_word' id='word_1_466' title='bbox 1122 1571 1155 1600; x_wconf 89' lang='lat' dir='ltr'>in</span> <span class='ocrx_word' id='word_1_467' title='bbox 1178 1580 1308 1610; x_wconf 87' lang='lat' dir='ltr'>corpore</span> <span class='ocrx_word' id='word_1_468' title='bbox 1329 1572 1485 1609; x_wconf 70' lang='lat' dir='ltr'>humano,</span> <span class='ocrx_word' id='word_1_469' title='bbox 1514 1573 1667 1610; x_wconf 83' lang='lat' dir='ltr'>secundo,</span> <span class='ocrx_word' id='word_1_470' title='bbox 1688 1573 1764 1612; x_wconf 90' lang='lat' dir='ltr'>quid</span> 
     </span>
     <span class='ocr_line' id='line_1_72' title="bbox 988 1623 1762 1665; baseline 0.004 -12"><span class='ocrx_word' id='word_1_471' title='bbox 988 1623 1021 1653; x_wconf 91' lang='lat' dir='ltr'>in</span> <span class='ocrx_word' id='word_1_472' title='bbox 1036 1633 1099 1663; x_wconf 86' lang='lat' dir='ltr'>quo</span> <span class='ocrx_word' id='word_1_473' title='bbox 1115 1625 1259 1654; x_wconf 83' lang='lat' dir='ltr'>membro</span> <span class='ocrx_word' id='word_1_474' title='bbox 1273 1636 1279 1662; x_wconf 83' lang='lat'><em>3</em></span> <span class='ocrx_word' id='word_1_475' title='bbox 1305 1625 1398 1655; x_wconf 87' lang='lat' dir='ltr'>tertio</span> <span class='ocrx_word' id='word_1_476' title='bbox 1421 1625 1578 1664; x_wconf 66' lang='lat' dir='ltr'>quaeritur</span> <span class='ocrx_word' id='word_1_477' title='bbox 1592 1626 1698 1665; x_wconf 87' lang='lat' dir='ltr'>qualia</span> <span class='ocrx_word' id='word_1_478' title='bbox 1712 1635 1762 1656; x_wconf 89' lang='grc'>10-</span> 
     </span>
     <span class='ocr_line' id='line_1_73' title="bbox 988 1678 1764 1718; baseline 0.001 -10"><span class='ocrx_word' id='word_1_479' title='bbox 988 1680 1123 1717; x_wconf 82' lang='lat' dir='ltr'>surgent</span> <span class='ocrx_word' id='word_1_480' title='bbox 1143 1687 1286 1717; x_wconf 88' lang='lat' dir='ltr'>corpora.</span> <span class='ocrx_word' id='word_1_481' title='bbox 1304 1678 1392 1708; x_wconf 89' lang='lat' dir='ltr'>Circa</span> <span class='ocrx_word' id='word_1_482' title='bbox 1416 1679 1554 1718; x_wconf 86' lang='lat' dir='ltr'>primum</span> <span class='ocrx_word' id='word_1_483' title='bbox 1575 1682 1764 1718; x_wconf 72' lang='lat' dir='ltr'>quaeruntur</span> 
     </span>
     <span class='ocr_line' id='line_1_74' title="bbox 988 1731 1761 1771; baseline 0.003 -11"><span class='ocrx_word' id='word_1_484' title='bbox 988 1731 1070 1761; x_wconf 89' lang='lat' dir='ltr'>duo:</span> <span class='ocrx_word' id='word_1_485' title='bbox 1096 1731 1199 1770; x_wconf 86' lang='lat' dir='ltr'>primo</span> <span class='ocrx_word' id='word_1_486' title='bbox 1219 1731 1375 1770; x_wconf 69' lang='lat' dir='ltr'>quaeritur</span> <span class='ocrx_word' id='word_1_487' title='bbox 1397 1731 1474 1770; x_wconf 90' lang='lat' dir='ltr'>quid</span> <span class='ocrx_word' id='word_1_488' title='bbox 1496 1734 1644 1770; x_wconf 83' lang='lat' dir='ltr'>resurgat</span> <span class='ocrx_word' id='word_1_489' title='bbox 1660 1741 1761 1771; x_wconf 87' lang='lat' dir='ltr'>quan-</span> 
     </span>
     <span class='ocr_line' id='line_1_75' title="bbox 987 1784 1762 1824; baseline 0.003 -10"><span class='ocrx_word' id='word_1_490' title='bbox 987 1788 1055 1814; x_wconf 89' lang='lat' dir='ltr'>tum</span> <span class='ocrx_word' id='word_1_491' title='bbox 1072 1784 1109 1813; x_wconf 67' lang='lat' dir='ltr'>acl</span> <span class='ocrx_word' id='word_1_492' title='bbox 1127 1784 1354 1822; x_wconf 77' lang='lat' dir='ltr'>indigentian13</span> <span class='ocrx_word' id='word_1_493' title='bbox 1377 1784 1527 1820; x_wconf 73' lang='lat' dir='ltr'>secundo,</span> <span class='ocrx_word' id='word_1_494' title='bbox 1553 1785 1629 1824; x_wconf 84' lang='lat' dir='ltr'>quid</span> <span class='ocrx_word' id='word_1_495' title='bbox 1654 1794 1762 1816; x_wconf 86' lang='lat' dir='ltr'>resur—</span> 
     </span>
     <span class='ocr_line' id='line_1_76' title="bbox 987 1837 1547 1876; baseline 0.002 -10"><span class='ocrx_word' id='word_1_496' title='bbox 987 1839 1042 1876; x_wconf 88' lang='lat' dir='ltr'>gat</span> <span class='ocrx_word' id='word_1_497' title='bbox 1057 1838 1213 1876; x_wconf 84' lang='lat' dir='ltr'>quantum</span> <span class='ocrx_word' id='word_1_498' title='bbox 1229 1837 1267 1867; x_wconf 83' lang='lat' dir='ltr'>ad</span> <span class='ocrx_word' id='word_1_499' title='bbox 1283 1837 1547 1876; x_wconf 81' lang='lat' dir='ltr'>superfluitatem.</span> 
     </span>
    </p>
   </div>
   <div class='ocr_carea' id='block_1_10' title="bbox 1262 1943 1486 1981">
    <p class='ocr_par' dir='ltr' id='par_1_10' title="bbox 1262 1943 1486 1981">
     <span class='ocr_line' id='line_1_77' title="bbox 1262 1943 1486 1981; baseline 0 -6"><span class='ocrx_word' id='word_1_500' title='bbox 1262 1943 1440 1981; x_wconf 80' lang='lat' dir='ltr'><strong>QUAESTIO</strong></span> <span class='ocrx_word' id='word_1_501' title='bbox 1464 1945 1486 1975; x_wconf 93' lang='grc' dir='ltr'>Ι.</span> 
     </span>
    </p>
   </div>
   <div class='ocr_carea' id='block_1_11' title="bbox 1109 2023 1637 2058">
    <p class='ocr_par' dir='ltr' id='par_1_11' title="bbox 1109 2023 1637 2058">
     <span class='ocr_line' id='line_1_78' title="bbox 1109 2023 1637 2058; baseline 0.004 -9"><span class='ocrx_word' id='word_1_502' title='bbox 1109 2023 1150 2050; x_wconf 78' lang='lat' dir='ltr'>An</span> <span class='ocrx_word' id='word_1_503' title='bbox 1172 2023 1289 2050; x_wconf 82' lang='lat' dir='ltr'>humores</span> <span class='ocrx_word' id='word_1_504' title='bbox 1308 2026 1443 2058; x_wconf 64' lang='lat' dir='ltr'>resurgent</span> <span class='ocrx_word' id='word_1_505' title='bbox 1462 2025 1491 2050; x_wconf 82' lang='lat' dir='ltr'>in</span> <span class='ocrx_word' id='word_1_506' title='bbox 1507 2023 1600 2058; x_wconf 75' lang='lat' dir='ltr'>judico</span> <span class='ocrx_word' id='word_1_507' title='bbox 1617 2025 1637 2051; x_wconf 84' lang='lat'>³.</span> 
     </span>
    </p>
   </div>
   <div class='ocr_carea' id='block_1_12' title="bbox 983 2102 1758 2516">
    <p class='ocr_par' dir='ltr' id='par_1_12' title="bbox 983 2102 1758 2409">
     <span class='ocr_line' id='line_1_79' title="bbox 1026 2102 1755 2144; baseline 0.001 -10"><span class='ocrx_word' id='word_1_508' title='bbox 1026 2102 1138 2134; x_wconf 86' lang='lat' dir='ltr'>Utrum</span> <span class='ocrx_word' id='word_1_509' title='bbox 1156 2103 1308 2133; x_wconf 86' lang='lat' dir='ltr'>humores</span> <span class='ocrx_word' id='word_1_510' title='bbox 1324 2105 1508 2142; x_wconf 81' lang='lat' dir='ltr'>resurgent3</span> <span class='ocrx_word' id='word_1_511' title='bbox 1531 2106 1562 2134; x_wconf 88' lang='lat' dir='ltr'>et</span> <span class='ocrx_word' id='word_1_512' title='bbox 1582 2105 1663 2144; x_wconf 89' lang='lat' dir='ltr'>quod</span> <span class='ocrx_word' id='word_1_513' title='bbox 1680 2114 1755 2143; x_wconf 89' lang='lat' dir='ltr'>non,</span> 
     </span>
     <span class='ocr_line' id='line_1_80' title="bbox 986 2156 1758 2197; baseline 0.004 -10"><span class='ocrx_word' id='word_1_514' title='bbox 986 2157 1131 2187; x_wconf 84' lang='lat' dir='ltr'>videtur:</span> <span class='ocrx_word' id='word_1_515' title='bbox 1155 2156 1230 2196; x_wconf 79' lang='lat' dir='ltr'>quia</span> <span class='ocrx_word' id='word_1_516' title='bbox 1252 2156 1331 2186; x_wconf 86' lang='lat' dir='ltr'>nihil</span> <span class='ocrx_word' id='word_1_517' title='bbox 1346 2160 1508 2196; x_wconf 64' lang='lat' dir='ltr'>resurget,</span> <span class='ocrx_word' id='word_1_518' title='bbox 1532 2157 1591 2187; x_wconf 88' lang='lat' dir='ltr'>nisi</span> <span class='ocrx_word' id='word_1_519' title='bbox 1612 2159 1696 2197; x_wconf 88' lang='lat' dir='ltr'>quod</span> <span class='ocrx_word' id='word_1_520' title='bbox 1711 2162 1758 2190; x_wconf 86' lang='lat' dir='ltr'>est</span> 
     </span>
     <span class='ocr_line' id='line_1_81' title="bbox 984 2206 1758 2242; baseline 0.004 -3"><span class='ocrx_word' id='word_1_521' title='bbox 984 2209 1021 2239; x_wconf 90' lang='lat' dir='ltr'>de</span> <span class='ocrx_word' id='word_1_522' title='bbox 1042 2209 1173 2239; x_wconf 87' lang='lat' dir='ltr'>veritate</span> <span class='ocrx_word' id='word_1_523' title='bbox 1197 2210 1347 2240; x_wconf 60' lang='lat' dir='ltr'>humanae</span> <span class='ocrx_word' id='word_1_524' title='bbox 1367 2206 1506 2240; x_wconf 72' lang='lat' dir='ltr'>naturae:</span> <span class='ocrx_word' id='word_1_525' title='bbox 1530 2211 1583 2241; x_wconf 86' lang='lat' dir='ltr'>sed</span> <span class='ocrx_word' id='word_1_526' title='bbox 1606 2211 1758 2242; x_wconf 86' lang='lat' dir='ltr'>humores</span> 
     </span>
     <span class='ocr_line' id='line_1_82' title="bbox 986 2263 1758 2305; baseline 0.006 -14"><span class='ocrx_word' id='word_1_527' title='bbox 986 2272 1046 2293; x_wconf 90' lang='lat' dir='ltr'>non</span> <span class='ocrx_word' id='word_1_528' title='bbox 1062 2265 1137 2292; x_wconf 88' lang='lat' dir='ltr'>sunt</span> <span class='ocrx_word' id='word_1_529' title='bbox 1152 2263 1189 2293; x_wconf 85' lang='lat' dir='ltr'>de</span> <span class='ocrx_word' id='word_1_530' title='bbox 1204 2263 1336 2293; x_wconf 80' lang='lat' dir='ltr'>veritate</span> <span class='ocrx_word' id='word_1_531' title='bbox 1355 2264 1507 2293; x_wconf 80' lang='lat' dir='ltr'>humanae</span> <span class='ocrx_word' id='word_1_532' title='bbox 1523 2266 1662 2302; x_wconf 70' lang='lat' dir='ltr'>naturae,</span> <span class='ocrx_word' id='word_1_533' title='bbox 1683 2266 1758 2305; x_wconf 86' lang='lat' dir='ltr'>quia</span> 
     </span>
     <span class='ocr_line' id='line_1_83' title="bbox 983 2316 1756 2355; baseline 0.005 -10"><span class='ocrx_word' id='word_1_534' title='bbox 983 2316 1121 2355; x_wconf 88' lang='lat' dir='ltr'>quotidie</span> <span class='ocrx_word' id='word_1_535' title='bbox 1143 2319 1318 2354; x_wconf 85' lang='lat' dir='ltr'>mutantur,</span> <span class='ocrx_word' id='word_1_536' title='bbox 1343 2319 1373 2346; x_wconf 76' lang='lat' dir='ltr'>et.</span> <span class='ocrx_word' id='word_1_537' title='bbox 1393 2318 1624 2355; x_wconf 81' lang='lat' dir='ltr'>restaurantur,</span> <span class='ocrx_word' id='word_1_538' title='bbox 1648 2321 1678 2348; x_wconf 85' lang='lat' dir='ltr'>et</span> <span class='ocrx_word' id='word_1_539' title='bbox 1699 2319 1756 2349; x_wconf 87' lang='lat' dir='ltr'>de-</span> 
     </span>
     <span class='ocr_line' id='line_1_84' title="bbox 984 2369 1370 2409; baseline 0 -10"><span class='ocrx_word' id='word_1_540' title='bbox 984 2369 1160 2409; x_wconf 87' lang='lat' dir='ltr'>perduntur</span> <span class='ocrx_word' id='word_1_541' title='bbox 1176 2379 1183 2399; x_wconf 88' lang='lat'>:</span> <span class='ocrx_word' id='word_1_542' title='bbox 1198 2379 1293 2408; x_wconf 85' lang='lat' dir='ltr'>ergo,</span> <span class='ocrx_word' id='word_1_543' title='bbox 1313 2372 1370 2400; x_wconf 74' lang='lat' dir='ltr'>etc.</span> 
     </span>
    </p>

    <p class='ocr_par' dir='ltr' id='par_1_13' title="bbox 983 2422 1755 2516">
     <span class='ocr_line' id='line_1_85' title="bbox 1023 2422 1754 2462; baseline 0.004 -10"><span class='ocrx_word' id='word_1_544' title='bbox 1023 2425 1051 2452; x_wconf 71' lang='grc' dir='ltr'>ΕΞ.</span> <span class='ocrx_word' id='word_1_545' title='bbox 1070 2422 1157 2459; x_wconf 86' lang='lat' dir='ltr'>Item,</span> <span class='ocrx_word' id='word_1_546' title='bbox 1174 2422 1199 2452; x_wconf 85' lang='lat' dir='ltr'>si</span> <span class='ocrx_word' id='word_1_547' title='bbox 1220 2422 1337 2452; x_wconf 87' lang='lat' dir='ltr'>humor</span> <span class='ocrx_word' id='word_1_548' title='bbox 1356 2425 1515 2462; x_wconf 68' lang='lat' dir='ltr'>resurget,</span> <span class='ocrx_word' id='word_1_549' title='bbox 1533 2425 1563 2454; x_wconf 84' lang='lat' dir='ltr'>et</span> <span class='ocrx_word' id='word_1_550' title='bbox 1581 2426 1627 2454; x_wconf 83' lang='lat' dir='ltr'>est</span> <span class='ocrx_word' id='word_1_551' title='bbox 1647 2425 1684 2455; x_wconf 91' lang='lat' dir='ltr'>de</span> <span class='ocrx_word' id='word_1_552' title='bbox 1701 2434 1754 2455; x_wconf 84' lang='lat' dir='ltr'>ve-</span> 
     </span>
     <span class='ocr_line' id='line_1_86' title="bbox 983 2476 1755 2516; baseline 0.003 -11"><span class='ocrx_word' id='word_1_553' title='bbox 983 2476 1072 2506; x_wconf 87' lang='lat' dir='ltr'>ritate</span> <span class='ocrx_word' id='word_1_554' title='bbox 1082 2478 1206 2506; x_wconf 73' lang='lat' dir='ltr'>naturae</span> <span class='ocrx_word' id='word_1_555' title='bbox 1220 2476 1384 2515; x_wconf 71' lang='lat' dir='ltr'>humanae,</span> <span class='ocrx_word' id='word_1_556' title='bbox 1395 2486 1475 2515; x_wconf 86' lang='lat' dir='ltr'>ergo</span> <span class='ocrx_word' id='word_1_557' title='bbox 1487 2477 1622 2508; x_wconf 87' lang='lat' dir='ltr'>totaliter</span> <span class='ocrx_word' id='word_1_558' title='bbox 1633 2480 1755 2516; x_wconf 85' lang='lat' dir='ltr'>oportet</span> 
     </span>
    </p>
   </div>
   <div class='ocr_carea' id='block_1_13' title="bbox 981 2574 1752 2677">
    <p class='ocr_par' dir='ltr' id='par_1_14' title="bbox 981 2574 1752 2677">
     <span class='ocr_line' id='line_1_87' title="bbox 982 2574 1752 2605; baseline 0 -8"><span class='ocrx_word' id='word_1_559' title='bbox 982 2574 1005 2597; x_wconf 92' lang='lat' dir='ltr'>in</span> <span class='ocrx_word' id='word_1_560' title='bbox 1019 2574 1106 2604; x_wconf 72' lang='lat' dir='ltr'>Suppl.</span> <span class='ocrx_word' id='word_1_561' title='bbox 1124 2581 1148 2604; x_wconf 91' lang='lat' dir='ltr'>p.</span> <span class='ocrx_word' id='word_1_562' title='bbox 1169 2575 1215 2604; x_wconf 85' lang='grc' dir='ltr'>ΙΙΙ,</span> <span class='ocrx_word' id='word_1_563' title='bbox 1234 2582 1257 2605; x_wconf 80' lang='lat' dir='ltr'>q.</span> <span class='ocrx_word' id='word_1_564' title='bbox 1276 2580 1359 2604; x_wconf 64' lang='lat' dir='ltr'>mxx,</span> <span class='ocrx_word' id='word_1_565' title='bbox 1373 2578 1418 2599; x_wconf 82' lang='lat' dir='ltr'>art.</span> <span class='ocrx_word' id='word_1_566' title='bbox 1440 2578 1468 2605; x_wconf 72' lang='lat'>5³,-</span> <span class='ocrx_word' id='word_1_567' title='bbox 1488 2575 1593 2599; x_wconf 78' lang='lat' dir='ltr'>Richard</span> <span class='ocrx_word' id='word_1_568' title='bbox 1609 2593 1614 2604; x_wconf 74' lang='grc'><strong>,</strong></span> <span class='ocrx_word' id='word_1_569' title='bbox 1630 2576 1659 2599; x_wconf 92' lang='lat' dir='ltr'>lV</span> <span class='ocrx_word' id='word_1_570' title='bbox 1674 2576 1752 2604; x_wconf 53' lang='lat' dir='ltr'>Sem„</span> 
     </span>
     <span class='ocr_line' id='line_1_88' title="bbox 982 2609 1751 2642; baseline 0 -10"><span class='ocrx_word' id='word_1_571' title='bbox 982 2609 1037 2633; x_wconf 82' lang='lat' dir='ltr'>dist.</span> <span class='ocrx_word' id='word_1_572' title='bbox 1055 2615 1126 2640; x_wconf 80' lang='lat' dir='ltr'>xle,</span> <span class='ocrx_word' id='word_1_573' title='bbox 1141 2617 1164 2640; x_wconf 83' lang='lat' dir='ltr'>q.</span> <span class='ocrx_word' id='word_1_574' title='bbox 1184 2616 1215 2640; x_wconf 74' lang='lat'>113</span> <span class='ocrx_word' id='word_1_575' title='bbox 1236 2610 1323 2641; x_wconf 77' lang='lat' dir='ltr'>Steph.</span> <span class='ocrx_word' id='word_1_576' title='bbox 1344 2611 1447 2641; x_wconf 65' lang='lat' dir='ltr'>ssrules„</span> <span class='ocrx_word' id='word_1_577' title='bbox 1466 2612 1495 2634; x_wconf 80' lang='lat' dir='ltr'>lv</span> <span class='ocrx_word' id='word_1_578' title='bbox 1513 2611 1592 2640; x_wconf 76' lang='lat' dir='ltr'>Seut.‚</span> <span class='ocrx_word' id='word_1_579' title='bbox 1607 2610 1664 2633; x_wconf 84' lang='lat' dir='ltr'>dist.</span> <span class='ocrx_word' id='word_1_580' title='bbox 1681 2616 1751 2642; x_wconf 67' lang='lat' dir='ltr'>XMV,</span> 
     </span>
     <span class='ocr_line' id='line_1_89' title="bbox 981 2646 1666 2677; baseline 0 -8"><span class='ocrx_word' id='word_1_581' title='bbox 981 2652 1006 2676; x_wconf 82' lang='lat' dir='ltr'>q.</span> <span class='ocrx_word' id='word_1_582' title='bbox 1020 2651 1042 2676; x_wconf 77' lang='lat'>13</span> <span class='ocrx_word' id='word_1_583' title='bbox 1056 2646 1123 2670; x_wconf 78' lang='lat' dir='ltr'>Petr.</span> <span class='ocrx_word' id='word_1_584' title='bbox 1137 2646 1167 2670; x_wconf 84' lang='lat' dir='ltr'>de</span> <span class='ocrx_word' id='word_1_585' title='bbox 1183 2647 1294 2677; x_wconf 83' lang='lat' dir='ltr'>Tarant.,</span> <span class='ocrx_word' id='word_1_586' title='bbox 1309 2647 1339 2671; x_wconf 85' lang='lat' dir='ltr'>lv</span> <span class='ocrx_word' id='word_1_587' title='bbox 1352 2647 1430 2677; x_wconf 81' lang='lat' dir='ltr'>Sent.,</span> <span class='ocrx_word' id='word_1_588' title='bbox 1443 2647 1501 2670; x_wconf 82' lang='lat' dir='ltr'>dist.</span> <span class='ocrx_word' id='word_1_589' title='bbox 1516 2652 1588 2677; x_wconf 65' lang='lat' dir='ltr'>xciv,</span> <span class='ocrx_word' id='word_1_590' title='bbox 1600 2653 1625 2677; x_wconf 84' lang='lat' dir='ltr'>q.</span> <span class='ocrx_word' id='word_1_591' title='bbox 1638 2652 1666 2671; x_wconf 85' lang='lat'>11.</span> 
     </span>
    </p>
   </div>
   <div class='ocr_carea' id='block_1_14' title="bbox 1776 2116 1878 2142">
    <p class='ocr_par' dir='ltr' id='par_1_15' title="bbox 1776 2116 1878 2142">
     <span class='ocr_line' id='line_1_90' title="bbox 1776 2116 1878 2142; baseline -0.01 -5"><span class='ocrx_word' id='word_1_592' title='bbox 1776 2116 1807 2137; x_wconf 72' lang='lat' dir='ltr'>Ad</span> <span class='ocrx_word' id='word_1_593' title='bbox 1827 2122 1878 2142; x_wconf 81' lang='lat' dir='ltr'>opp.</span> 
     </span>
    </p>
   </div>
  </div>
 </body>
</html>
