1991 3006
129 1766 206 1793 Opinio

115 1798 201 1817 alioruin
208 1812 212 1817 .

127 2032 209 2052 Primus

131 2065 212 2085 modus.

120 2295 217 2322 Improb,

227 205 284 234 528

226 270 259 300 in
275 269 462 309 purgatorio
475 293 482 305 ,
501 270 531 298 et
546 268 600 307 qui
617 269 691 297 sunt
708 267 740 297 in
755 266 899 306 paradiso
919 276 924 295 :
943 264 995 294 sed

228 324 362 359 faceret,
381 322 406 351 si
422 321 579 352 damnatis
595 321 753 360 prodesset
771 331 777 350 :
795 329 889 357 erge,
908 320 966 348 ute.

267 376 343 405 Item
367 375 488 405 rationo
511 374 650 411 videtur,
677 374 750 413 quia
773 372 913 403 damnati
934 381 996 401 non

227 430 301 457 sunt
314 437 353 457 ex
368 427 519 457 charitate
532 427 700 466 diligendi3
717 426 800 465 quod
816 426 909 464 patet,
924 424 998 463 qnia

226 490 290 510 non
307 484 381 511 sunt
396 480 530 511 ordinati
547 480 587 511 acl
604 480 699 511 vitam
718 491 723 510 :
743 488 822 517 ergo
836 488 907 508 ‹zum
925 478 998 507 clia-

226 533 303 563 ritas
319 534 408 563 faeiat
424 533 618 571 suffragium
643 531 851 571 acceptabile,
872 530 998 560 nullum

229 587 420 626 suffragium
433 596 490 626 pro
501 587 545 617 eis
555 587 671 617 sactum
683 586 743 616 ileo
758 587 804 615 est
814 586 996 623 acceptum:

228 650 306 679 ergo
320 650 376 671 nee
392 640 481 670 debet
497 649 553 679 pro
567 639 612 669 eis
631 639 710 669 fieri.

268 693 344 724 Item
360 693 517 732 suffragia
533 693 612 723 taeta
629 701 685 731 pro
703 692 818 729 beatis,
837 691 913 731 quia
926 692 1000 720 sunt

229 748 262 778 in
277 748 429 785 termino,
448 757 510 777 non
524 749 645 786 augent
660 746 795 785 gloriam
811 754 818 775 ε
834 754 911 783 ergo
926 753 998 774 eum

228 801 367 831 damnati
383 801 527 831 similiter
541 801 604 829 sint
627 800 657 828 in
673 799 829 835 termino,
853 807 916 828 non
940 798 998 828 mi-

230 856 336 885 nuunt
350 854 394 885 eis
409 863 545 893 prunam.

270 908 346 938 Item
359 931 367 945 ,
386 908 469 947 quod
487 917 551 937 non
572 907 687 937 minuit
702 907 739 937 de
755 906 865 945 culpa,
887 913 944 935 nee
961 904 999 934 de

230 970 324 1000 poena
339 985 346 997 ,
363 961 438 1000 quia
455 962 549 990 tantae
565 960 665 999 culpae
680 959 812 989 debetur
827 961 912 988 tanta
933 966 1001 997 poe-

230 1024 271 1045 na
293 1026 300 1045 :
318 1015 370 1045 sed
387 1014 608 1044 damnatorum
628 1013 719 1053 culpa
736 1023 799 1044 non
815 1015 917 1053 potest
940 1012 999 1042 mi-

231 1068 287 1098 nui
306 1079 311 1097 2
330 1076 425 1106 ergo,
444 1070 501 1098 etc.

273 1121 360 1159 Item,
379 1122 404 1151 si
423 1121 549 1158 minuit,
566 1122 620 1151 aut
638 1120 815 1157 extensive,
832 1122 888 1149 aut
903 1119 1002 1149 inten—

233 1175 299 1205 sive
317 1184 324 1204 :
341 1175 365 1203 si
382 1174 537 1204 intensive
551 1198 557 1210 ‚
578 1183 658 1211 ergo
673 1181 746 1202 cum
765 1181 827 1202 non
843 1172 881 1201 sit
896 1172 1000 1201 inten-

232 1227 300 1258 sive
316 1227 440 1257 infinita
451 1250 458 1262 ,
480 1226 594 1265 poterit
609 1225 725 1255 auferri
747 1234 802 1263 per
819 1225 973 1263 suffragia
993 1236 1000 1261 ;

232 1280 258 1309 si
273 1289 349 1309 vero
365 1280 404 1319 (a)
423 1280 584 1310 extensive
596 1303 604 1316 ‚
622 1279 675 1308 sed
692 1278 813 1308 infinita
829 1280 875 1307 est
891 1281 1003 1308 exten-

232 1333 332 1369 sione,
351 1335 382 1363 et
396 1333 434 1362 ab
451 1332 574 1363 infinito
589 1332 667 1362 nihil
683 1331 844 1362 adimitur.
863 1330 895 1361 si
919 1331 1003 1361 dicas

233 1386 318 1426 quod
331 1387 378 1416 est
392 1386 482 1415 finita
493 1385 530 1423 (b)
544 1394 584 1415 ex
600 1387 688 1424 parte
698 1386 780 1422 ante,
795 1387 825 1414 et
838 1393 878 1414 ex
894 1384 944 1414 illa
958 1387 1004 1414 est

232 1439 400 1469 diminutio
413 1462 420 1475 ,
436 1438 511 1477 quia
525 1438 577 1468 illa
593 1441 639 1468 est
655 1446 756 1477 poenae
771 1438 878 1468 dilatio
897 1448 902 1468 :
925 1446 1004 1476 ergo

234 1494 310 1522 tunc
320 1491 453 1522 dedecus
468 1491 585 1530 peceati
601 1491 725 1521 estsine
735 1491 847 1521 decore
859 1490 1001 1529 justitiae.

506 1575 729 1607 CONCLUSIO.

275 1646 400 1672 Ecclesioe
411 1645 544 1678 suffraqia
559 1644 695 1670 <lamuelis
711 1651 763 1670 non
773 1646 902 1677 prosunt,
919 1651 963 1669 nec

382 1690 499 1716 Ecclesia
512 1697 562 1723 pro
580 1691 615 1715 eis
629 1697 723 1722 rossare
738 1689 862 1715 intendit.

276 1758 367 1797 Resp.
384 1758 423 1787 ad
438 1766 509 1795 arg.
529 1757 698 1787 Dicendum
715 1757 799 1796 quod
825 1756 1006 1794 aliquorum

236 1811 294 1841 fuit
309 1811 436 1850 positio,
464 1814 499 1840 ut
515 1810 660 1848 magistri
680 1809 894 1848 Praepositivi,
922 1807 1007 1847 quod

236 1864 389 1903 suffragia
404 1863 560 1893 damnatis
578 1865 722 1901 prosunt,
741 1871 804 1892 non
820 1864 925 1891 tamen
943 1870 1008 1891 om-

236 1918 348 1955 nihus,
365 1917 439 1956 quia
456 1926 519 1946 non
534 1916 626 1947 valde
644 1916 734 1946 malis
746 1940 753 1953 ,
770 1915 823 1945 sed
840 1914 1006 1945 mediocri-

237 1973 294 2008 ter,
312 1972 425 2009 utputa
440 1970 500 2000 illis
515 1969 568 2008 qui
588 1969 768 1999 habuerunt
787 1977 883 2007 opera
906 1968 1007 2004 bona,

236 2032 293 2063 per
308 2032 380 2063 quae
395 2024 559 2053 merentur
578 2022 618 2052 ab
639 2021 709 2051 aliis
724 2020 881 2060 adiuvari.
900 2020 960 2050 Sed
975 2021 1008 2050 in

238 2077 331 2107 modo
346 2076 509 2116 positionis
523 2075 722 2107 diversificati
737 2076 822 2104 sunt.
841 2073 920 2104 Nam
936 2073 1006 2112 qui-

238 2130 311 2160 dam
326 2130 451 2167 dieunt,
468 2128 553 2168 quod
574 2129 707 2167 prosunt
728 2127 767 2157 ad
791 2126 1007 2156 dimissionem

238 2192 339 2222 poenae
352 2184 509 2222 quantum
520 2181 558 2211 ad
572 2179 855 2219 interpellationem
872 2190 878 2208 2
894 2181 924 2209 et
939 2179 1009 2209 ideo

239 2245 304 2267 non
322 2236 459 2266 totaliter
479 2235 632 2271 aufertur,
651 2233 704 2263 sed
719 2233 823 2263 solum
847 2233 885 2263 ad
907 2233 1006 2263 modi-

240 2299 313 2319 eum
329 2287 493 2328 temporis.
510 2287 570 2317 Sed
593 2287 652 2317 ista
673 2287 784 2326 positio
807 2295 870 2317 non
885 2286 1010 2316 videtur

240 2342 442 2373 convenit-ns.
471 2341 549 2371 Cum
576 2340 662 2370 enim
689 2339 883 2370 deordinatio
909 2340 1009 2379 eulpae

242 2405 306 2426 non
332 2395 461 2433 recipiat
486 2393 769 2430 imvrmissionem,
787 2393 946 2431 quomodo
961 2402 1011 2422 re-

120 2460 230 2484 Secundus
244 2448 399 2480 ordinatio
415 2456 517 2486 poenoe
534 2446 659 2485 roi-ipivt
675 2448 688 2474 ἱ)
712 2445 784 2475 ideo
808 2445 917 2476 dieunt
937 2446 1009 2486 alii,

133 2493 215 2513 modus.

246 2502 330 2542 quod
341 2500 526 2531 titrcmissio
540 2500 732 2537 simpliciter,
745 2509 807 2529 non
817 2500 855 2529 ad
870 2502 1009 2539 tempus;

245 2557 297 2585 sed
308 2558 586 2591 tamennunquam
599 2555 759 2590 totaptena
774 2554 925 2589 aufertur,
937 2554 1012 2591 quia

245 2610 280 2639 sit
289 2608 403 2639 ablatio
413 2616 477 2637 non
487 2606 661 2636 seeundum
675 2605 908 2644 proportionem
917 2607 1013 2636 arith-

278 2672 308 2701 (α)
326 2670 386 2695 Coet.
401 2669 461 2693 edit.
476 2675 547 2699 ergo.
565 2680 592 2685 -
608 2667 640 2697 (b)
655 2667 713 2691 Item
730 2666 837 2698 infinita,
854 2668 974 2692 mendose.

793 197 1098 230 SENTENTtAaUM
1123 197 1194 228 ΜΒ,
1226 197 1271 227 [V.

1055 265 1215 302 meticam,
1234 264 1285 294 sed
1300 264 1475 294 secundum
1491 263 1728 303 proportionem
1744 273 1821 303 geo-

1055 318 1232 353 nwtriram,
1255 318 1282 347 id
1308 319 1353 347 est
1376 317 1502 356 quando
1521 317 1565 346 sie
1584 318 1638 354 fit,
1667 317 1751 356 quod
1772 317 1823 348 hic

1055 370 1227 400 remittitur
1243 370 1344 409 primo
1360 369 1499 409 aliquota
1514 379 1586 409 pars
1598 378 1714 409 poenae,
1731 370 1765 400 in
1779 379 1824 400 se-

1055 424 1158 453 cunda
1173 423 1238 453 viee
1254 423 1405 453 adimitur
1421 425 1546 452 tantum
1561 431 1624 452 non
1651 422 1825 453 secundum

1055 477 1284 516 quantitatem,
1303 476 1355 506 sed
1373 475 1549 506 secundum
1564 475 1800 515 proportionem
1816 484 1824 505 t

1057 532 1090 559 ut
1105 530 1128 559 si
1147 529 1249 568 primo
1265 529 1426 558 auferatur
1440 528 1610 558 centesima
1632 537 1720 567 parS,
1737 527 1826 558 simi-

1056 582 1126 612 liter
1149 584 1177 612 et
1204 582 1361 618 seeundo,
1390 583 1420 611 et
1444 581 1536 612 tertio
1559 581 1730 611 centesima
1755 589 1827 620 pars

1056 635 1197 674 ejusdem
1215 635 1311 674 partis
1326 637 1467 665 remanet
1481 645 1487 665 ε
1505 637 1535 664 et
1551 634 1619 665 ideo
1636 642 1762 673 semper
1777 642 1827 664 re-

1057 691 1171 718 manet.
1190 688 1249 718 Sed
1265 690 1347 718 certe
1362 688 1446 718 istud
1458 697 1521 718 non
1535 687 1630 718 solvit
1644 697 1652 717 :
1669 687 1744 727 quia
1758 687 1828 717 sut*-

1055 742 1157 780 fragia
1171 741 1335 780 sequentia
1360 750 1425 771 non
1450 741 1556 772 minus
1580 741 1705 778 valent,
1727 749 1827 780 quam

1057 795 1267 834 praecedentia
1284 806 1289 824 :
1309 803 1387 832 ergo
1403 794 1600 824 tantumdem
1615 793 1653 824 de
1668 802 1761 834 poena
1781 794 1826 824 fa-

1058 849 1146 878 ciunt
1161 848 1278 879 remitti
1302 847 1478 878 secundum
1494 847 1705 887 quantitatem
1725 855 1828 886 poenae

1059 902 1208 932 remissae.
1236 902 1307 932 Ideo
1330 902 1438 931 dieunt
1462 901 1563 939 tertii,
1585 901 1670 940 quod
1695 901 1828 940 prosunt

1058 964 1122 985 non
1138 955 1169 984 in
1185 955 1374 985 ablationem
1391 954 1494 985 totalis
1509 962 1631 994 poenae,
1648 962 1705 983 nec
1719 952 1757 983 ad
1772 952 1827 983 ab·

1059 1008 1207 1038 lationem
1232 1008 1270 1038 de
1295 1010 1382 1048 parte
1408 1016 1510 1047 poenae
1539 1005 1745 1038 diminuendo
1766 1015 1829 1045 pu-

1059 1061 1166 1099 niens,
1188 1061 1240 1091 sed
1257 1061 1430 1092 forticando
1445 1061 1623 1100 subjectum
1632 1083 1642 1098 ,
1659 1062 1696 1090 ut
1717 1058 1830 1090 melius

1059 1116 1088 1143 et
1103 1114 1297 1144 tolerabilius
1313 1116 1427 1154 portet.
1445 1113 1505 1144 Sed
1518 1114 1579 1144 ista
1590 1112 1697 1152 opinio
1708 1121 1771 1143 non
1785 1111 1829 1142 vi-

1059 1167 1150 1198 detur
1159 1177 1248 1207 posse
1263 1170 1355 1205 stare,
1374 1168 1449 1207 quia
1458 1168 1484 1197 si
1495 1167 1692 1204 fortiticatur‚
1704 1168 1759 1196 aut
1768 1165 1830 1196 for-

1060 1221 1193 1251 titudine
1217 1221 1330 1259 gratiae
1342 1245 1350 1258 ,
1374 1223 1430 1250 aut
1448 1222 1573 1250 naturae
1591 1230 1597 1250 z
1615 1228 1679 1250 non
1695 1218 1825 1258 gratiae,

1059 1273 1118 1304 hoc
1135 1276 1266 1309 eonstat3
1280 1283 1344 1304 non
1355 1276 1488 1311 naturae,
1507 1273 1582 1312 quia
1596 1272 1665 1303 haee
1683 1271 1831 1302 fortitudo

1059 1337 1124 1358 non
1139 1330 1185 1358 est
1197 1338 1215 1358 a
1229 1330 1358 1358 natura:
1377 1335 1456 1366 ergo
1470 1326 1557 1356 nullo
1571 1325 1675 1356 modo.
1695 1325 1765 1355 Ideo
1784 1326 1832 1355 est

1062 1381 1262 1415 communior
1275 1380 1381 1419 opinio
1396 1381 1426 1409 et
1442 1378 1558 1416 verior,
1575 1378 1660 1418 quod
1675 1377 1832 1417 suffragia

1061 1434 1218 1464 damnatis
1233 1442 1295 1463 non
1311 1435 1460 1473 prosunt,
1475 1442 1532 1463 nee
1549 1432 1684 1463 Ecclesia
1698 1431 1832 1463 intendit

1062 1496 1153 1518 orare
1168 1496 1225 1526 pro
1242 1487 1297 1517 eis.

1103 1543 1130 1570 1.
1152 1540 1198 1570 Ad
1214 1540 1290 1570 illud
1313 1548 1393 1578 ergo
1409 1538 1494 1578 quod
1513 1538 1617 1577 primo
1637 1537 1785 1576 objicitur
1800 1537 1833 1567 in

1063 1593 1271 1628 contrarium,
1288 1592 1374 1632 quod
1390 1595 1523 1631 prosunt
1533 1591 1570 1621 ad
1587 1590 1832 1621 tolerabiliorem

1063 1647 1308 1683 damnationem,
1322 1645 1492 1676 dicendum
1503 1644 1588 1684 quod
1604 1653 1667 1674 non
1682 1643 1833 1682 intelligit

1063 1700 1101 1730 de
1116 1700 1317 1730 damnatione
1329 1699 1409 1728 faeta
1422 1698 1455 1727 in
1470 1698 1604 1735 inferno,
1618 1697 1674 1727 ubi
1683 1697 1775 1728 nulla
1789 1700 1835 1728 est

1063 1753 1234 1792 redemptio
1248 1776 1255 1789 ,
1280 1752 1333 1782 sed
1354 1752 1386 1781 in
1406 1751 1605 1790 purgatorio.
1630 1750 1669 1780 Et
1692 1749 1762 1781 vult
1783 1749 1835 1780 di-

1064 1816 1134 1837 cere
1148 1831 1155 1844 ,
1172 1806 1254 1846 quod
1279 1805 1340 1836 illis
1364 1804 1529 1844 dupliciter
1550 1805 1681 1843 prosunt
1698 1813 1704 1832 :
1725 1803 1776 1833 vel
1795 1802 1834 1832 li-

1066 1859 1204 1890 berando
1217 1884 1224 1897 ,
1244 1861 1279 1889 ut
1296 1858 1364 1889 illos
1378 1858 1433 1898 qui
1449 1866 1562 1897 parum
1580 1857 1699 1887 habent
1714 1856 1752 1886 de
1766 1864 1833 1886 cre-

1065 1913 1173 1943 mabili
1184 1924 1191 1950 ;
1204 1912 1255 1942 vel
1271 1911 1460 1950 mitigando,
1476 1913 1633 1950 quantum
1646 1909 1684 1940 ad
1694 1909 1765 1940 illos
1779 1908 1836 1948 qui

1066 1966 1215 1996 mmmm.

1106 2022 1134 2050 ΕΞ.
1161 2018 1209 2049 Ad
1231 2018 1317 2049 aliud
1335 2017 1504 2048 dicendum
1519 2041 1526 2053 ,
1547 2016 1633 2056 quod
1646 2024 1712 2046 non
1727 2016 1774 2046 est
1791 2014 1836 2044 si-

1066 2073 1140 2102 mile
1161 2097 1168 2110 ,
1204 2072 1279 2111 quia
1297 2072 1444 2102 remissio
1474 2070 1566 2101 debet
1591 2069 1716 2100 fundari
1741 2076 1837 2108 super

1066 2126 1310 2156 fundamentum
1325 2125 1486 2155 charitatis
1504 2133 1512 2154 ε
1528 2126 1557 2154 et
1576 2123 1727 2163 quoniam
1742 2122 1836 2152 Arius

1066 2179 1161 2209 habet
1175 2178 1291 2209 malam
1301 2178 1498 2209 voluntatem
1509 2201 1518 2215 ‚
1531 2177 1600 2208 ideo
1611 2177 1712 2216 potest
1722 2175 1835 2214 augeri

1066 2241 1161 2272 poena
1175 2233 1260 2271 ejuS,
1276 2234 1307 2262 et
1321 2240 1385 2261 non
1401 2230 1529 2261 remitti.

1109 2288 1136 2316 3.
1156 2285 1202 2315 Ad
1218 2285 1294 2315 illud
1315 2285 1400 2324 quod
1423 2284 1591 2323 objicitur,
1608 2282 1694 2322 quod
1718 2281 1835 2312 multo-

1067 2348 1140 2370 rum
1165 2348 1271 2378 prestes
1297 2338 1532 2374 exaudiuntur,
1556 2335 1723 2366 dicendum
1751 2334 1835 2374 quod

1068 2393 1122 2423 ubi
1137 2394 1293 2422 constaret
1308 2390 1453 2421 Ecclesiae
1466 2414 1473 2427 ,
1500 2389 1582 2428 quod
1604 2389 1685 2419 esset
1704 2388 1838 2418 damna-

1069 2448 1134 2483 tus,
1148 2454 1211 2475 non
1226 2446 1327 2474 oraret
1341 2455 1347 2474 z
1364 2443 1417 2473 sed
1428 2451 1491 2473 non
1506 2443 1626 2472 constat
1639 2449 1646 2470 τ
1661 2449 1741 2479 ergo
1755 2443 1834 2478 orat,

1068 2498 1143 2538 quia
1161 2497 1261 2533 valet,
1278 2497 1304 2527 si
1319 2506 1382 2527 non
1397 2498 1443 2527 est
1466 2496 1653 2531 damnatus;
1671 2494 1726 2524 aut
1745 2493 1771 2523 si
1790 2494 1837 2523 est

1069 2552 1237 2582 damnatus
1247 2574 1254 2587 ,
1273 2550 1444 2580 revertitur
1458 2549 1491 2578 in
1506 2548 1613 2578 sinum
1628 2555 1735 2577 suum.

1109 2607 1127 2634 4
1142 2606 1170 2634 et
1186 2606 1215 2634 5.
1233 2604 1281 2634 Ad
1296 2603 1372 2633 illud
1387 2602 1471 2642 quod
1485 2601 1649 2640 objicitur,
1664 2599 1748 2639 quod
1764 2598 1836 2638 plus

1070 2659 1169 2698 placet
1185 2657 1246 2687 Deo
1260 2666 1354 2696 poena
1368 2654 1562 2692 voluntaria,
1579 2662 1675 2693 quam
1690 2651 1836 2684 involun-

1844 696 1942 723 Improb.

1852 907 1938 929 Tertius

1853 939 1936 959 modus.

1845 1118 1940 1145 lmpmb.

1860 1334 1938 1361 Opinio

1854 1371 1946 1396 commu-

1879 1399 1920 1413 ms.
