1991 3006
63 267 146 296 Explic.

185 189 244 219 436
753 187 1061 220 SENTENTlARUM
1083 190 1156 220 LlB.
1184 190 1231 220 tv.

184 255 359 286 vinculum.
381 255 442 286 Sed
463 258 569 286 tamen
585 258 739 296 quantum
765 256 802 287 ad
822 257 876 295 jus
892 255 955 286 sol-

184 308 439 346 vendidebitum,
453 309 726 348 distinguendum,
739 310 884 350 quiahoc
899 312 955 340 aut

184 362 300 391 sactum
316 364 362 392 est
377 363 573 400 necessitate,
591 366 626 393 ut
644 366 722 403 puta
737 363 864 403 cpiando
881 372 953 402 par-

184 414 280 445 vulus
294 417 340 445 est
355 415 385 445 in
398 415 538 455 periculo
558 417 670 446 mortis
683 441 690 453 ,
711 420 741 446 et
758 426 821 447 non
836 419 882 447 est
897 417 954 456 qni

183 467 319 507 baptizat
334 478 420 505 eum,
437 471 491 499 aut
505 478 544 499 cx
560 469 758 509 ignorantia,
775 472 829 500 ant
849 479 888 500 ex
902 470 950 500 in-

182 520 314 552 dustria.
333 521 367 552 ln
383 522 485 561 primo
497 532 583 561 casu,
597 524 853 563 simpliciternon
864 524 953 554 amit-

181 574 218 604 tit
237 575 293 614 ,ius
321 575 445 615 petendi
456 600 464 614 ‚
489 585 546 606 nec
573 576 730 614 solvendi;
757 577 789 606 iu
814 576 952 607 seeundo

181 635 266 665 casu,
279 628 435 666 similiter,
446 629 472 658 si
483 629 726 669 fuitditigentia,
741 639 806 659 non
822 630 948 668 amittit;

180 680 214 711 in
231 682 320 712 tertio
339 691 431 721 casu,
447 683 564 713 amittit
585 685 638 722 jus
659 683 803 723 petendi,
821 684 875 723 qni
891 684 951 714 hoc

180 735 269 773 sacit;
280 738 398 774 tamen,
409 738 484 776 quia
498 746 560 767 non
572 738 663 768 debet
675 740 836 777 peccatum
853 746 948 768 suum

179 788 268 820 alteri
284 789 445 829 imputari,
462 793 586 821 tenetur
606 791 736 821 reddere
753 802 760 822 ε
777 793 807 821 et
823 792 882 821 hoc
897 794 949 822 to-

178 843 247 872 tum
262 843 469 873 confirmatur
484 852 539 882 per
553 844 769 882 auctoritates,
786 854 858 884 quae
874 846 949 875 sunt

178 895 211 926 in
226 895 340 934 littera,
353 905 488 936 quarum
499 897 650 936 quasdam
662 900 783 936 oportet
799 898 947 929 reducere

177 949 216 980 ad
226 949 426 980 concordiam
438 959 494 989 per
503 950 686 989 praedictam
699 950 944 982 distinctionem.

176 1001 207 1033 Si
224 1005 329 1033 autem
348 1002 496 1041 cognatio
512 1003 684 1042 spiritualis
706 1005 861 1043 praecedat
876 1014 944 1036 ma-

176 1056 375 1093 trimonium,
397 1055 460 1093 illa,
483 1056 625 1095 inquam,
652 1066 723 1096 quae
747 1058 946 1089 contrahitur

176 1119 230 1149 per
244 1109 439 1149 baptismum
450 1112 479 1140 et
494 1110 779 1148 confirmationem]
798 1112 877 1142 sicut
888 1112 945 1142 im—

175 1163 259 1203 pedit
273 1163 525 1194 contrahendum
536 1188 543 1202 ‚
562 1164 606 1194 ita
621 1166 651 1195 ct
666 1165 786 1195 dirimit
801 1168 942 1196 contrac-

173 1219 253 1253 tum,
270 1225 327 1256 pro
349 1226 386 1247 eo
407 1217 492 1256 quod
513 1218 585 1248 facit
606 1218 790 1257 simpliciter
816 1219 943 1258 illegiti-

173 1278 261 1300 mum
276 1270 313 1309 (a)
328 1281 333 1300 :
348 1273 378 1300 et
396 1270 476 1307 ideo,
489 1271 545 1301 etsi
564 1271 600 1310 (b)
617 1272 765 1302 videatur
777 1272 943 1303 vinculum

172 1323 334 1360 contrahi,
359 1332 422 1353 non
446 1326 551 1354 tamen
573 1325 783 1356 contrahitur.
810 1325 944 1366 Impedit

171 1378 278 1407 autem
309 1377 458 1416 cognatio
492 1378 732 1408 matrimonium
767 1379 941 1410 secundum

170 1431 234 1459 tres
249 1429 450 1468 differentias,
463 1431 579 1461 scilicet
594 1432 801 1471 paternitatis,
811 1442 940 1473 compa-

170 1483 345 1521 ternitatiS‚
378 1486 407 1514 et
433 1484 657 1523 fraternitatis,
675 1485 754 1515 sicut
777 1487 939 1525 probatur,

169 1545 255 1566 caus.
274 1545 353 1573 xxx,
370 1546 401 1576 q.
419 1540 447 1574 1,
464 1547 491 1567 c.
515 1539 558 1568 De
572 1545 605 1569 eo
622 1538 705 1577 quod
722 1540 939 1579 interrogyastz‘,

168 1592 199 1620 et
216 1589 327 1620 'maliis
342 1591 546 1629 sequentibus
567 1591 722 1630 capitulis,
745 1595 775 1622 et
790 1602 820 1632 q.
839 1595 868 1630 3,
885 1603 941 1633 per

166 1645 281 1674 totum.

208 1699 236 1727 1.
256 1695 316 1727 Per
330 1696 413 1727 hanc
427 1697 662 1728 distinctionem
675 1700 759 1737 patet
775 1700 938 1738 responsio

167 1749 206 1779 ad
226 1750 365 1788 primum
385 1751 543 1789 objectum
566 1760 573 1780 z
591 1752 667 1790 quia
692 1751 745 1781 illa
770 1753 940 1783 auctoritas

166 1802 357 1842 intelligitur
372 1803 409 1834 de
426 1805 617 1843 cognatione
638 1814 709 1844 quae
733 1807 938 1845 consequitur

167 1856 418 1894 matrimonium,
434 1866 506 1896 quze
519 1867 583 1887 uon
599 1858 703 1897 potuit
717 1859 838 1889 solvere
851 1860 939 1899 prius

166 1908 350 1947 vinculum,
376 1910 461 1949 quod
489 1911 570 1941 inter
600 1920 749 1951 personas
776 1911 938 1951 legitimas

165 1965 231 1992 erat
245 1965 453 1994 contractum.

205 2017 233 2046 2.
248 2016 295 2046 Ad
310 2016 387 2047 illud
402 2018 486 2056 quod
502 2018 670 2057 objicitur,
689 2019 772 2058 quod
797 2028 861 2049 una
883 2028 934 2050 co-

165 2070 274 2108 gnatio
295 2072 342 2099 est
364 2070 509 2101 ordinata
534 2071 572 2101 ad
599 2072 740 2110 alteram,
767 2073 934 2103 dicendum

163 2122 247 2161 quod
270 2132 382 2153 verum
403 2126 460 2161 est,
476 2132 540 2154 uon
556 2126 662 2154 tamon
682 2125 715 2154 in
739 2125 865 2163 eodem,
882 2126 934 2155 sed

162 2173 196 2204 in
220 2175 362 2206 diversis.
394 2176 481 2207 Siout
508 2178 592 2207 enim
620 2178 725 2208 carnis
752 2179 935 2210 commixtio

162 2227 327 2258 ordinatur
341 2229 380 2259 ad
397 2231 634 2268 generationem
647 2256 654 2269 ,
672 2240 736 2261 non
752 2234 859 2262 tamen
875 2241 932 2270 ge—

162 2289 278 2311 nerans
289 2282 379 2313 dehet
393 2293 465 2313 cum
479 2284 543 2314 filia
555 2285 720 2314 carnaliter
736 2285 933 2315 commisceri

161 2337 288 2373 propter
298 2336 468 2366 novitatem
478 2337 594 2367 vinculi
606 2349 613 2374 ;
625 2338 668 2367 sie
677 2338 931 2377 intelligendum,

162 2387 244 2426 quod
260 2397 322 2417 non
336 2389 426 2419 debet
438 2389 599 2428 baptizans
611 2401 684 2420 cum
701 2391 855 2430 baptizato
868 2401 934 2422 car-

161 2439 274 2470 naliter
292 2442 488 2471 commisceri
503 2466 510 2478 ,
528 2452 583 2473 nee
604 2453 659 2482 per
689 2445 930 2475 matrimonium

159 2493 313 2533 copulari.
327 2495 488 2535 Amplius,
506 2497 654 2536 quamvis
682 2507 785 2528 unum
814 2499 931 2529 horum

194 2592 201 2608 ¹
218 2591 256 2622 Cf.
273 2594 298 2618 S.
315 2593 416 2624 Thom,
435 2595 461 2618 in
476 2594 565 2626 Suppl.
581 2602 606 2626 p,
625 2596 670 2625 111,
686 2602 711 2626 q.
729 2602 778 2626 ιη,
795 2599 841 2620 art.
863 2598 891 2627 «t;
907 2600 931 2621 et

161 2626 192 2650 tV
208 2628 288 2655 szt..
303 2629 360 2654 dist.
378 2636 443 2659 xur,
459 2638 483 2661 q.
504 2636 520 2659 i,
538 2633 584 2654 art.
606 2632 632 2661 43
653 2631 781 2661 nich-ard„
802 2633 831 2655 ΙΥ
850 2632 929 2658 ant..

159 2660 216 2687 dist.
231 2669 294 2695 xm,
310 2672 335 2696 q.
353 2671 394 2696 ηις
411 2667 498 2697 steph.
517 2666 620 2697 Brules.,
639 2667 670 2690 tv
689 2666 768 2695 Sene..
787 2667 843 2692 dist.
864 2674 928 2698 xcii,

1010 256 1214 287 vinculorum
1229 257 1269 287 sit
1282 257 1465 288 ordinatum
1485 258 1523 288 ad
1545 259 1701 299 alterum,
1717 270 1781 293 non

1010 312 1117 340 tamen
1134 310 1298 349 spirituale
1309 311 1346 340 ad
1363 311 1497 349 carnale,
1511 312 1563 342 sed
1575 322 1592 343 e
1607 322 1778 346 converso:

1009 365 1039 393 et
1055 363 1134 399 ideo,
1152 366 1317 403 postquam
1335 365 1505 395 intervenit
1520 366 1669 404 cognatio
1687 367 1781 406 spiri-

1008 416 1113 452 taulis,
1130 426 1296 456 nunquam
1313 417 1404 448 debet
1417 418 1609 449 intervenire
1623 420 1778 452 commix-

1008 469 1051 499 tio
1067 469 1214 500 carnalis.

1048 527 1076 554 3.
1095 525 1141 554 Aa
1161 525 1239 555 illud
1255 525 1339 564 quod
1355 526 1502 565 objicitur
1517 527 1555 557 de
1577 527 1630 558 illo
1656 529 1711 568 qui
1727 538 1779 560 re-

1007 580 1096 608 vocat
1115 578 1154 608 ab
1175 588 1281 609 errore
1293 603 1302 616 ,
1319 579 1485 610 dicendum
1508 580 1594 620 quod
1615 581 1691 612 illud
1708 582 1778 613 vin—

1006 631 1113 661 culum
1134 640 1198 661 non
1221 631 1324 662 solum
1348 633 1419 662 facit
1439 633 1594 672 impensio
1615 634 1778 672 beneficii,

1005 683 1058 713 scd
1090 684 1186 713 etiam
1215 687 1369 715 statutum
1407 685 1552 717 Ecclesia:
1587 686 1711 718 Christi.
1745 688 1779 720 Si

1004 739 1110 767 autem
1126 747 1261 776 quiem&
1280 748 1377 778 quaro
1400 740 1504 779 magis
1520 741 1655 772 instituit
1673 741 1776 772 Eccle-

1003 790 1061 828 sia,
1071 791 1238 821 dicendum
1247 792 1331 831 quod
1344 802 1399 832 per
1411 793 1531 823 nullam
1547 794 1778 826 institutionem

1003 844 1117 874 dicitur
1132 845 1228 875 homo
1243 846 1401 884 generari,
1418 847 1471 877 sed
1487 846 1590 878 solum
1605 848 1643 878 ad
1663 848 1703 888 (d)
1719 857 1775 887 ge-

1003 898 1200 928 nerationem
1215 898 1350 938 disponi.
1376 899 1410 929 In
1436 899 1594 939 baptismo
1608 903 1716 932 autem
1732 903 1778 932 est

1003 960 1078 982 vera
1096 952 1245 990 cognatio
1263 963 1270 982 :
1292 954 1322 982 et
1339 952 1408 982 ideo
1433 962 1495 983 non
1516 954 1559 983 sic
1580 954 1778 986 contrahitur

1003 1004 1178 1043 vinculum,
1199 1005 1284 1045 quod
1305 1008 1434 1045 praestet
1454 1007 1656 1038 matrimonio
1679 1008 1778 1048 impe-

1001 1057 1191 1095 dimentum,
1206 1067 1260 1097 per
1275 1058 1504 1090 documentum
1524 1060 1607 1098 fidei,
1625 1060 1707 1091 sicut
1720 1070 1776 1100 per

1001 1114 1236 1141 sacramentum
1250 1111 1407 1150 baptismi.

1040 1165 1069 1194 4.
1089 1163 1136 1193 Aa
1152 1164 1229 1194 illud
1254 1165 1337 1204 quod
1367 1165 1516 1205 objicitur
1531 1166 1569 1196 de
1595 1166 1775 1198 diversitate

1000 1215 1116 1254 cultus,
1134 1217 1218 1256 quod
1244 1217 1384 1256 impedit,
1402 1218 1570 1248 dicendum
1592 1219 1676 1259 quod
1691 1220 1774 1251 circa

999 1271 1105 1300 actum
1121 1271 1249 1300 virtutis
1264 1271 1421 1309 contingit
1438 1271 1589 1302 virtutem
1612 1274 1772 1313 corrumpi

999 1324 1038 1353 ab
1056 1324 1206 1354 extremis
1217 1349 1225 1360 ‚
1241 1324 1393 1364 quoniam
1408 1325 1511 1356 virtus
1533 1325 1690 1357 desiderat
1703 1336 1771 1358 me-

999 1376 1087 1407 dium
1103 1387 1112 1406 :
1126 1377 1171 1407 sic
1188 1377 1294 1417 aliquo
1310 1378 1404 1409 modo
1420 1381 1522 1418 potest
1537 1379 1666 1410 evenire
1678 1380 1711 1410 in
1726 1389 1773 1411 sa-

999 1431 1214 1467 sacramentis,
1240 1431 1379 1462 maxime
1409 1432 1490 1462 circa
1519 1432 1769 1464 matrimonium.

1000 1482 1086 1513 Unde
1100 1484 1179 1514 sicut
1201 1485 1374 1524 impeditur
1397 1485 1495 1515 nimia
1517 1485 1709 1525 disparitate,
1728 1486 1772 1517 ita

997 1537 1093 1566 etiam
1106 1537 1279 1577 impeditur
1294 1538 1395 1569 nimia
1410 1539 1623 1578 proximitate.

1255 1653 1432 1690 QUAEsTlo
1453 1653 1506 1684 ΙΙΙ.

1049 1733 1090 1759 An
1110 1733 1266 1767 spiritualis
1286 1735 1407 1766 coqnatio
1427 1736 1549 1761 transeat
1569 1735 1602 1761 ab
1620 1743 1673 1762 uno
1688 1736 1718 1762 in

1306 1778 1418 1805 alterum
1430 1781 1448 1804 ¹.

1036 1858 1147 1889 Utrum
1159 1859 1330 1898 spiritualis
1342 1859 1490 1899 cognatio
1503 1861 1642 1890 transeat
1654 1860 1693 1891 ab
1703 1870 1768 1892 uno
1784 1877 1818 1899 Ad
1837 1884 1891 1906 opp,

994 1912 1028 1942 in
1049 1912 1203 1950 alterum,
1226 1916 1334 1953 utpote
1356 1914 1395 1943 at)
1417 1923 1517 1944 uxore
1538 1914 1572 1944 in
1591 1915 1714 1953 virum3
1738 1917 1769 1946 et

994 1966 1079 2005 quod
1092 1966 1146 2003 sie,
1158 1966 1293 1996 videtur.
1304 1970 1333 1997 ¹1.
1347 1966 1438 1997 Cans.
1453 1976 1532 2005 xxx,
1543 1971 1654 2007 quaest.
1665 1970 1694 2006 4,
1711 1978 1738 1999 c.
1751 1972 1765 1999 1

995 2019 1044 2049 vcl
1059 2019 1274 2051 Sciscitatur:
1297 2032 1310 2047 α
1326 2019 1430 2050 Restat
1445 2021 1553 2050 virum
1575 2023 1767 2061 compatrem

993 2072 1139 2102 constitui
1160 2072 1205 2102 illi
1228 2073 1369 2110 mulieri,
1390 2074 1482 2112 cujus
1501 2074 1704 2104 matrimonio
1719 2084 1767 2105 as-

992 2127 1118 2165 sumpta
1132 2134 1214 2155 uxor
1231 2128 1404 2155 commater
1418 2134 1486 2155 esse
1500 2126 1677 2157 videbatur.
1694 2138 1708 2154 ι)

1031 2181 1061 2208 2.
1079 2178 1156 2208 Item
1176 2178 1294 2208 ibidem
1310 2187 1349 2208 ex
1367 2178 1498 2208 concilio
1517 2178 1737 2210 Caleedonensi
1755 2189 1762 2211 :

996 2231 1057 2261 «Si
1080 2231 1151 2271 quis
1172 2240 1245 2261 cum
1269 2231 1394 2261 duabus
1418 2231 1595 2268 sororibus,
1618 2234 1673 2262 aut
1691 2242 1764 2263 eum

991 2286 1114 2315 duabus
1137 2285 1366 2315 commatribus
1387 2285 1564 2322 dormierit,
1588 2285 1763 2316 seeundum

990 2338 1154 2378 antiquam
1174 2338 1436 2368 consuetudinem
1457 2340 1528 2368 octo
1547 2338 1640 2368 annis
1660 2339 1761 2378 pceui-

989 2394 1062 2422 teat.
1084 2402 1098 2419 ³>
1121 2391 1206 2430 Ergo
1230 2394 1392 2430 peccatum
1414 2394 1461 2421 est
1482 2392 1667 2422 contrahere
1689 2401 1763 2423 cum

989 2445 1113 2475 duabus
1127 2445 1368 2483 commatribus,
1386 2445 1466 2475 sicut
1480 2453 1554 2475 eum
1569 2444 1694 2476 duabus
1711 2454 1763 2476 so-

988 2498 1126 2528 roribus.

988 2589 1012 2613 q.
1034 2588 1078 2612 u1;
1096 2583 1184 2606 Petrus
1201 2582 1231 2606 de
1248 2582 1361 2612 Tarant„
1379 2581 1410 2605 tV
1429 2582 1506 2612 sent„
1522 2582 1580 2607 dist.
1596 2587 1660 2612 xLu,
1679 2589 1704 2613 q.
1719 2587 1759 2608 111.

1020 2633 1052 2663 (a)
1071 2631 1129 2655 Caei.
1145 2631 1204 2655 edil.
1219 2631 1372 2662 illegitimus.
1391 2644 1404 2646 »ν
1432 2630 1462 2660 th]
1479 2630 1538 2654 Item
1553 2631 1583 2655 si.
1597 2643 1626 2648 -
1642 2631 1673 2662 (c)
1689 2630 1757 2655 Edit.

993 2668 1048 2691 Veu.
1065 2667 1201 2691 carnalem.
1214 2680 1244 2685 —
1259 2668 1295 2697 td)
1310 2667 1371 2691 Coee.
1385 2665 1448 2691 edit.
1464 2669 1510 2691 est.
