<?xml version="1.0" encoding="UTF-8"?>
<!DOCTYPE html PUBLIC "-//W3C//DTD XHTML 1.0 Transitional//EN"
    "http://www.w3.org/TR/xhtml1/DTD/xhtml1-transitional.dtd">
<html xmlns="http://www.w3.org/1999/xhtml" xml:lang="en" lang="en">
 <head>
  <title>
</title>
<meta http-equiv="Content-Type" content="text/html;charset=utf-8" />
  <meta name='ocr-system' content='tesseract 3.04.00' />
  <meta name='ocr-capabilities' content='ocr_page ocr_carea ocr_par ocr_line ocrx_word'/>
</head>
<body>
  <div class='ocr_page' id='page_1' title='image "./operaomniasixtiv06bonauoft/operaomniasixtiv06bonauoft_0627.png"; bbox 0 0 1991 3006; ppageno 0'>
   <div class='ocr_carea' id='block_1_1' title="bbox 614 249 1757 287">
    <p class='ocr_par' dir='ltr' id='par_1_1' title="bbox 614 249 1757 287">
     <span class='ocr_line' id='line_1_1' title="bbox 614 249 1757 287; baseline -0.003 -6"><span class='ocrx_word' id='word_1_1' title='bbox 614 250 708 282; x_wconf 87' lang='lat' dir='ltr'>DIST.</span> <span class='ocrx_word' id='word_1_2' title='bbox 730 250 765 281; x_wconf 91' lang='lat' dir='ltr'>L.</span> <span class='ocrx_word' id='word_1_3' title='bbox 788 249 902 281; x_wconf 86' lang='lat' dir='ltr'><strong>PART.</strong></span> <span class='ocrx_word' id='word_1_4' title='bbox 928 250 953 280; x_wconf 87' lang='lat'>1.</span> <span class='ocrx_word' id='word_1_5' title='bbox 971 249 1060 280; x_wconf 81' lang='lat' dir='ltr'><strong>ART.</strong></span> <span class='ocrx_word' id='word_1_6' title='bbox 1085 250 1107 280; x_wconf 92' lang='lat' dir='ltr'>l.</span> <span class='ocrx_word' id='word_1_7' title='bbox 1129 249 1277 287; x_wconf 80' lang='lat' dir='ltr'><strong>QUAEST.</strong></span> <span class='ocrx_word' id='word_1_8' title='bbox 1301 249 1324 279; x_wconf 93' lang='lat'>1.</span> <span class='ocrx_word' id='word_1_9' title='bbox 1703 250 1757 279; x_wconf 88' lang='grc'>601</span> 
     </span>
    </p>
   </div>
   <div class='ocr_carea' id='block_1_2' title="bbox 170 316 1761 1739">
    <p class='ocr_par' dir='ltr' id='par_1_2' title="bbox 170 316 1761 1739">
     <span class='ocr_line' id='line_1_2' title="bbox 190 316 1759 363; baseline -0.001 -13"><span class='ocrx_word' id='word_1_10' title='bbox 190 332 206 350; x_wconf 87' lang='lat'>«</span> <span class='ocrx_word' id='word_1_11' title='bbox 220 320 272 353; x_wconf 90' lang='lat' dir='ltr'>Ira</span> <span class='ocrx_word' id='word_1_12' title='bbox 286 320 344 353; x_wconf 87' lang='lat' dir='ltr'>Dei</span> <span class='ocrx_word' id='word_1_13' title='bbox 359 324 390 352; x_wconf 89' lang='lat' dir='ltr'>et</span> <span class='ocrx_word' id='word_1_14' title='bbox 403 320 437 352; x_wconf 91' lang='lat' dir='ltr'>in</span> <span class='ocrx_word' id='word_1_15' title='bbox 446 318 570 363; x_wconf 87' lang='lat' dir='ltr'>judicio</span> <span class='ocrx_word' id='word_1_16' title='bbox 584 318 663 359; x_wconf 89' lang='lat' dir='ltr'>erit,</span> <span class='ocrx_word' id='word_1_17' title='bbox 680 322 711 350; x_wconf 89' lang='lat' dir='ltr'>et</span> <span class='ocrx_word' id='word_1_18' title='bbox 724 318 776 350; x_wconf 89' lang='lat' dir='ltr'>hic</span> <span class='ocrx_word' id='word_1_19' title='bbox 790 322 837 350; x_wconf 89' lang='lat' dir='ltr'>est</span> <span class='ocrx_word' id='word_1_20' title='bbox 851 318 884 350; x_wconf 91' lang='lat' dir='ltr'>in</span> <span class='ocrx_word' id='word_1_21' title='bbox 899 317 1038 350; x_wconf 83' lang='lat' dir='ltr'>caecitate</span> <span class='ocrx_word' id='word_1_22' title='bbox 1054 317 1172 350; x_wconf 88' lang='lat' dir='ltr'>mentis</span> <span class='ocrx_word' id='word_1_23' title='bbox 1187 343 1194 358; x_wconf 95' lang='lat'>,</span> <span class='ocrx_word' id='word_1_24' title='bbox 1210 328 1285 350; x_wconf 84' lang='lat' dir='ltr'>cum</span> <span class='ocrx_word' id='word_1_25' title='bbox 1307 317 1428 350; x_wconf 85' lang='lat' dir='ltr'>dantur</span> <span class='ocrx_word' id='word_1_26' title='bbox 1444 316 1521 350; x_wconf 86' lang='lat' dir='ltr'>mali</span> <span class='ocrx_word' id='word_1_27' title='bbox 1534 316 1569 349; x_wconf 90' lang='lat' dir='ltr'>in</span> <span class='ocrx_word' id='word_1_28' title='bbox 1584 316 1759 360; x_wconf 87' lang='lat' dir='ltr'>reprobum</span> 
     </span>
     <span class='ocr_line' id='line_1_3' title="bbox 179 373 1755 419; baseline -0.003 -9"><span class='ocrx_word' id='word_1_29' title='bbox 179 388 322 410; x_wconf 88' lang='lat' dir='ltr'>sensum.</span> <span class='ocrx_word' id='word_1_30' title='bbox 339 377 388 409; x_wconf 91' lang='lat' dir='ltr'>Ibi</span> <span class='ocrx_word' id='word_1_31' title='bbox 403 375 578 409; x_wconf 77' lang='lat' dir='ltr'><strong>exteriores</strong></span> <span class='ocrx_word' id='word_1_32' title='bbox 593 376 733 408; x_wconf 64' lang='lat' dir='ltr'>tenebrae</span> <span class='ocrx_word' id='word_1_33' title='bbox 749 379 865 415; x_wconf 87' lang='lat' dir='ltr'>erunt,</span> <span class='ocrx_word' id='word_1_34' title='bbox 883 375 961 418; x_wconf 87' lang='lat' dir='ltr'>quia</span> <span class='ocrx_word' id='word_1_35' title='bbox 977 379 1054 407; x_wconf 87' lang='lat' dir='ltr'>tunc</span> <span class='ocrx_word' id='word_1_36' title='bbox 1069 378 1248 419; x_wconf 79' lang='lat' dir='ltr'>peccatores</span> <span class='ocrx_word' id='word_1_37' title='bbox 1263 374 1392 418; x_wconf 87' lang='lat' dir='ltr'>penitus</span> <span class='ocrx_word' id='word_1_38' title='bbox 1416 378 1517 407; x_wconf 89' lang='lat' dir='ltr'>erunt</span> <span class='ocrx_word' id='word_1_39' title='bbox 1533 378 1625 406; x_wconf 79' lang='lat' dir='ltr'>extra</span> <span class='ocrx_word' id='word_1_40' title='bbox 1640 373 1755 406; x_wconf 88' lang='lat' dir='ltr'>Deum.</span> 
     </span>
     <span class='ocr_line' id='line_1_4' title="bbox 175 431 1759 477; baseline -0.002 -11"><span class='ocrx_word' id='word_1_41' title='bbox 175 434 261 473; x_wconf 86' lang='lat' dir='ltr'>Quid</span> <span class='ocrx_word' id='word_1_42' title='bbox 276 438 323 466; x_wconf 89' lang='lat' dir='ltr'>est</span> <span class='ocrx_word' id='word_1_43' title='bbox 337 434 423 466; x_wconf 77' lang='lat' dir='ltr'>enin]</span> <span class='ocrx_word' id='word_1_44' title='bbox 439 433 568 477; x_wconf 87' lang='lat' dir='ltr'>penitus</span> <span class='ocrx_word' id='word_1_45' title='bbox 583 444 649 465; x_wconf 85' lang='lat' dir='ltr'>esse</span> <span class='ocrx_word' id='word_1_46' title='bbox 665 437 754 465; x_wconf 75' lang='lat' dir='ltr'>extra</span> <span class='ocrx_word' id='word_1_47' title='bbox 770 432 892 473; x_wconf 88' lang='lat' dir='ltr'>Deum,</span> <span class='ocrx_word' id='word_1_48' title='bbox 910 432 973 464; x_wconf 89' lang='lat' dir='ltr'>nisi</span> <span class='ocrx_word' id='word_1_49' title='bbox 993 444 1059 465; x_wconf 87' lang='lat' dir='ltr'>esse</span> <span class='ocrx_word' id='word_1_50' title='bbox 1074 433 1106 464; x_wconf 92' lang='lat' dir='ltr'>in</span> <span class='ocrx_word' id='word_1_51' title='bbox 1123 443 1252 464; x_wconf 86' lang='lat' dir='ltr'>summa</span> <span class='ocrx_word' id='word_1_52' title='bbox 1267 433 1406 465; x_wconf 78' lang='lat' dir='ltr'>caecitate</span> <span class='ocrx_word' id='word_1_53' title='bbox 1419 435 1433 464; x_wconf 70' lang='lat'>‘2</span> <span class='ocrx_word' id='word_1_54' title='bbox 1456 432 1627 476; x_wconf 76' lang='lat' dir='ltr'>Siquidem</span> <span class='ocrx_word' id='word_1_55' title='bbox 1641 434 1649 450; x_wconf 85' lang='lat'>¹</span> <span class='ocrx_word' id='word_1_56' title='bbox 1666 431 1759 463; x_wconf 76' lang='lat' dir='ltr'>habi-</span> 
     </span>
     <span class='ocr_line' id='line_1_5' title="bbox 179 489 1757 533; baseline -0.001 -10"><span class='ocrx_word' id='word_1_57' title='bbox 179 497 230 523; x_wconf 84' lang='lat' dir='ltr'>tat</span> <span class='ocrx_word' id='word_1_58' title='bbox 244 492 330 523; x_wconf 78' lang='lat' dir='ltr'>Deus</span> <span class='ocrx_word' id='word_1_59' title='bbox 346 491 449 523; x_wconf 75' lang='lat' dir='ltr'>lacem</span> <span class='ocrx_word' id='word_1_60' title='bbox 466 491 734 523; x_wconf 74' lang='lat' dir='ltr'><em>inaccessibilem.</em></span> <span class='ocrx_word' id='word_1_61' title='bbox 758 490 817 522; x_wconf 87' lang='lat' dir='ltr'>Hae</span> <span class='ocrx_word' id='word_1_62' title='bbox 842 494 951 522; x_wconf 86' lang='lat' dir='ltr'>autem</span> <span class='ocrx_word' id='word_1_63' title='bbox 968 490 1109 522; x_wconf 64' lang='lat' dir='ltr'>tenebrae</span> <span class='ocrx_word' id='word_1_64' title='bbox 1126 489 1178 522; x_wconf 87' lang='lat' dir='ltr'>hic</span> <span class='ocrx_word' id='word_1_65' title='bbox 1188 490 1256 533; x_wconf 87' lang='lat' dir='ltr'>jam</span> <span class='ocrx_word' id='word_1_66' title='bbox 1272 490 1435 533; x_wconf 85' lang='lat' dir='ltr'>incipiunt</span> <span class='ocrx_word' id='word_1_67' title='bbox 1450 490 1483 521; x_wconf 89' lang='lat' dir='ltr'>in</span> <span class='ocrx_word' id='word_1_68' title='bbox 1501 494 1666 533; x_wconf 76' lang='lat' dir='ltr'>peccante,</span> <span class='ocrx_word' id='word_1_69' title='bbox 1683 501 1757 522; x_wconf 85' lang='lat' dir='ltr'>curn</span> 
     </span>
     <span class='ocr_line' id='line_1_6' title="bbox 175 546 1760 591; baseline -0.001 -11"><span class='ocrx_word' id='word_1_70' title='bbox 175 548 215 580; x_wconf 85' lang='lat' dir='ltr'>ab</span> <span class='ocrx_word' id='word_1_71' title='bbox 229 548 376 581; x_wconf 89' lang='lat' dir='ltr'>interiori</span> <span class='ocrx_word' id='word_1_72' title='bbox 393 548 451 580; x_wconf 89' lang='lat' dir='ltr'>Dei</span> <span class='ocrx_word' id='word_1_73' title='bbox 466 548 537 580; x_wconf 85' lang='lat' dir='ltr'>luce</span> <span class='ocrx_word' id='word_1_74' title='bbox 553 548 743 587; x_wconf 77' lang='lat' dir='ltr'>secluditm·;</span> <span class='ocrx_word' id='word_1_75' title='bbox 761 547 815 580; x_wconf 88' lang='lat' dir='ltr'>sed</span> <span class='ocrx_word' id='word_1_76' title='bbox 830 558 896 580; x_wconf 90' lang='lat' dir='ltr'>non</span> <span class='ocrx_word' id='word_1_77' title='bbox 912 547 1054 591; x_wconf 85' lang='lat' dir='ltr'>penitus,</span> <span class='ocrx_word' id='word_1_78' title='bbox 1071 547 1150 579; x_wconf 85' lang='lat' dir='ltr'>dum</span> <span class='ocrx_word' id='word_1_79' title='bbox 1174 547 1208 579; x_wconf 91' lang='lat' dir='ltr'>in</span> <span class='ocrx_word' id='word_1_80' title='bbox 1226 547 1285 579; x_wconf 87' lang='lat' dir='ltr'>hac</span> <span class='ocrx_word' id='word_1_81' title='bbox 1301 547 1367 579; x_wconf 87' lang='lat' dir='ltr'>vita</span> <span class='ocrx_word' id='word_1_82' title='bbox 1388 551 1445 579; x_wconf 80' lang='lat' dir='ltr'>est.</span> <span class='ocrx_word' id='word_1_83' title='bbox 1465 560 1481 577; x_wconf 82' lang='grc'>»</span> <span class='ocrx_word' id='word_1_84' title='bbox 1500 548 1577 580; x_wconf 87' lang='lat' dir='ltr'>Ecce</span> <span class='ocrx_word' id='word_1_85' title='bbox 1593 558 1694 591; x_wconf 88' lang='lat' dir='ltr'>quare</span> <span class='ocrx_word' id='word_1_86' title='bbox 1715 546 1760 579; x_wconf 90' lang='lat' dir='ltr'>ibi</span> 
     </span>
     <span class='ocr_line' id='line_1_7' title="bbox 174 604 1759 650; baseline -0.001 -12"><span class='ocrx_word' id='word_1_87' title='bbox 174 609 320 650; x_wconf 89' lang='lat' dir='ltr'>peccator</span> <span class='ocrx_word' id='word_1_88' title='bbox 335 605 456 637; x_wconf 87' lang='lat' dir='ltr'>dicitur</span> <span class='ocrx_word' id='word_1_89' title='bbox 471 605 536 649; x_wconf 88' lang='lat' dir='ltr'>pati</span> <span class='ocrx_word' id='word_1_90' title='bbox 553 605 728 637; x_wconf 80' lang='lat' dir='ltr'>exteriores</span> <span class='ocrx_word' id='word_1_91' title='bbox 741 605 888 637; x_wconf 80' lang='lat' dir='ltr'>tenebras</span> <span class='ocrx_word' id='word_1_92' title='bbox 900 631 907 645; x_wconf 93' lang='lat'>,</span> <span class='ocrx_word' id='word_1_93' title='bbox 926 609 957 637; x_wconf 91' lang='lat' dir='ltr'>et</span> <span class='ocrx_word' id='word_1_94' title='bbox 972 616 1037 637; x_wconf 89' lang='lat' dir='ltr'>non</span> <span class='ocrx_word' id='word_1_95' title='bbox 1059 605 1110 637; x_wconf 90' lang='lat' dir='ltr'>hic</span> <span class='ocrx_word' id='word_1_96' title='bbox 1130 617 1136 636; x_wconf 91' lang='lat'>:</span> <span class='ocrx_word' id='word_1_97' title='bbox 1153 604 1231 648; x_wconf 78' lang='lat' dir='ltr'>quia</span> <span class='ocrx_word' id='word_1_98' title='bbox 1246 604 1290 636; x_wconf 88' lang='lat' dir='ltr'>ibi</span> <span class='ocrx_word' id='word_1_99' title='bbox 1311 604 1496 637; x_wconf 75' lang='lat' dir='ltr'>secludetur</span> <span class='ocrx_word' id='word_1_100' title='bbox 1512 605 1641 649; x_wconf 88' lang='lat' dir='ltr'>penitus</span> <span class='ocrx_word' id='word_1_101' title='bbox 1654 616 1673 637; x_wconf 91' lang='lat' dir='ltr'>a</span> <span class='ocrx_word' id='word_1_102' title='bbox 1688 605 1759 637; x_wconf 79' lang='lat' dir='ltr'>luce</span> 
     </span>
     <span class='ocr_line' id='line_1_8' title="bbox 173 661 1759 706; baseline 0 -11"><span class='ocrx_word' id='word_1_103' title='bbox 173 663 230 695; x_wconf 90' lang='lat' dir='ltr'>Dei</span> <span class='ocrx_word' id='word_1_104' title='bbox 246 689 252 704; x_wconf 94' lang='lat'>,</span> <span class='ocrx_word' id='word_1_105' title='bbox 270 662 358 706; x_wconf 80' lang='lat' dir='ltr'>quod</span> <span class='ocrx_word' id='word_1_106' title='bbox 376 673 442 695; x_wconf 89' lang='lat' dir='ltr'>non</span> <span class='ocrx_word' id='word_1_107' title='bbox 458 662 521 694; x_wconf 83' lang='lat' dir='ltr'>hic.</span> <span class='ocrx_word' id='word_1_108' title='bbox 540 661 602 694; x_wconf 82' lang='lat' dir='ltr'>Sed</span> <span class='ocrx_word' id='word_1_109' title='bbox 619 674 684 704; x_wconf 73' lang='lat' dir='ltr'>quo</span> <span class='ocrx_word' id='word_1_110' title='bbox 699 662 793 695; x_wconf 77' lang='lat' dir='ltr'>inodo</span> <span class='ocrx_word' id='word_1_111' title='bbox 808 662 1021 705; x_wconf 78' lang='lat' dir='ltr'>intelligenda</span> <span class='ocrx_word' id='word_1_112' title='bbox 1037 667 1081 694; x_wconf 79' lang='lat' dir='ltr'>est</span> <span class='ocrx_word' id='word_1_113' title='bbox 1098 662 1155 694; x_wconf 85' lang='lat' dir='ltr'>illa</span> <span class='ocrx_word' id='word_1_114' title='bbox 1173 661 1311 694; x_wconf 79' lang='lat' dir='ltr'>seclusio</span> <span class='ocrx_word' id='word_1_115' title='bbox 1324 664 1338 693; x_wconf 55' lang='grc' dir='ltr'>ἰ)</span> <span class='ocrx_word' id='word_1_116' title='bbox 1357 662 1407 694; x_wconf 91' lang='lat' dir='ltr'>An</span> <span class='ocrx_word' id='word_1_117' title='bbox 1425 662 1503 706; x_wconf 77' lang='lat' dir='ltr'>quia</span> <span class='ocrx_word' id='word_1_118' title='bbox 1518 673 1583 694; x_wconf 89' lang='lat' dir='ltr'>non</span> <span class='ocrx_word' id='word_1_119' title='bbox 1601 662 1759 695; x_wconf 84' lang='lat' dir='ltr'>videbunt</span> 
     </span>
     <span class='ocr_line' id='line_1_9' title="bbox 173 719 1760 763; baseline -0.001 -11"><span class='ocrx_word' id='word_1_120' title='bbox 173 720 278 753; x_wconf 90' lang='lat' dir='ltr'>Deum</span> <span class='ocrx_word' id='word_1_121' title='bbox 294 731 351 763; x_wconf 91' lang='lat' dir='ltr'>per</span> <span class='ocrx_word' id='word_1_122' title='bbox 368 719 530 763; x_wconf 63' lang='lat' dir='ltr'>speciem?</span> <span class='ocrx_word' id='word_1_123' title='bbox 548 719 609 752; x_wconf 82' lang='lat' dir='ltr'>Sed</span> <span class='ocrx_word' id='word_1_124' title='bbox 631 731 687 751; x_wconf 87' lang='lat' dir='ltr'>nec</span> <span class='ocrx_word' id='word_1_125' title='bbox 701 719 821 763; x_wconf 86' lang='lat' dir='ltr'>aliquis</span> <span class='ocrx_word' id='word_1_126' title='bbox 837 719 924 751; x_wconf 81' lang='lat' dir='ltr'>videt</span> <span class='ocrx_word' id='word_1_127' title='bbox 939 719 989 752; x_wconf 87' lang='lat' dir='ltr'>hic</span> <span class='ocrx_word' id='word_1_128' title='bbox 1014 719 1117 752; x_wconf 83' lang='lat' dir='ltr'>Deum</span> <span class='ocrx_word' id='word_1_129' title='bbox 1133 731 1189 763; x_wconf 88' lang='lat' dir='ltr'>per</span> <span class='ocrx_word' id='word_1_130' title='bbox 1205 719 1354 762; x_wconf 86' lang='lat' dir='ltr'>speciem.</span> <span class='ocrx_word' id='word_1_131' title='bbox 1380 721 1429 751; x_wconf 83' lang='lat' dir='ltr'>An</span> <span class='ocrx_word' id='word_1_132' title='bbox 1447 730 1503 762; x_wconf 89' lang='lat' dir='ltr'>per</span> <span class='ocrx_word' id='word_1_133' title='bbox 1518 719 1760 752; x_wconf 88' lang='lat' dir='ltr'>dissimilitudi-</span> 
     </span>
     <span class='ocr_line' id='line_1_10' title="bbox 172 776 1760 821; baseline -0.001 -11"><span class='ocrx_word' id='word_1_134' title='bbox 172 788 260 818; x_wconf 85' lang='lat' dir='ltr'>nem,</span> <span class='ocrx_word' id='word_1_135' title='bbox 277 788 376 821; x_wconf 84' lang='lat' dir='ltr'>quam</span> <span class='ocrx_word' id='word_1_136' title='bbox 392 777 467 809; x_wconf 83' lang='lat' dir='ltr'>facit</span> <span class='ocrx_word' id='word_1_137' title='bbox 482 781 647 821; x_wconf 74' lang='lat' dir='ltr'>peccatum</span> <span class='ocrx_word' id='word_1_138' title='bbox 664 777 748 809; x_wconf 89' lang='lat' dir='ltr'>inter</span> <span class='ocrx_word' id='word_1_139' title='bbox 764 777 867 809; x_wconf 87' lang='lat' dir='ltr'>Deum</span> <span class='ocrx_word' id='word_1_140' title='bbox 883 782 912 809; x_wconf 93' lang='lat' dir='ltr'>et</span> <span class='ocrx_word' id='word_1_141' title='bbox 930 777 1117 810; x_wconf 72' lang='lat' dir='ltr'>hominem?</span> <span class='ocrx_word' id='word_1_142' title='bbox 1135 777 1197 810; x_wconf 87' lang='lat' dir='ltr'>Sed</span> <span class='ocrx_word' id='word_1_143' title='bbox 1209 781 1237 808; x_wconf 85' lang='lat' dir='ltr'>et</span> <span class='ocrx_word' id='word_1_144' title='bbox 1250 776 1301 809; x_wconf 88' lang='lat' dir='ltr'>hic</span> <span class='ocrx_word' id='word_1_145' title='bbox 1323 777 1417 809; x_wconf 87' lang='lat' dir='ltr'>multi</span> <span class='ocrx_word' id='word_1_146' title='bbox 1435 788 1491 820; x_wconf 82' lang='lat' dir='ltr'>per</span> <span class='ocrx_word' id='word_1_147' title='bbox 1505 778 1618 820; x_wconf 79' lang='lat' dir='ltr'>gravia</span> <span class='ocrx_word' id='word_1_148' title='bbox 1632 781 1760 821; x_wconf 82' lang='lat' dir='ltr'>peccata</span> 
     </span>
     <span class='ocr_line' id='line_1_11' title="bbox 172 834 1759 878; baseline 0 -12"><span class='ocrx_word' id='word_1_149' title='bbox 172 835 368 878; x_wconf 84' lang='lat' dir='ltr'>elongantur</span> <span class='ocrx_word' id='word_1_150' title='bbox 382 846 401 867; x_wconf 86' lang='lat' dir='ltr'>a</span> <span class='ocrx_word' id='word_1_151' title='bbox 417 834 494 867; x_wconf 91' lang='lat' dir='ltr'>Deo.</span> <span class='ocrx_word' id='word_1_152' title='bbox 513 835 564 866; x_wconf 90' lang='lat' dir='ltr'>An</span> <span class='ocrx_word' id='word_1_153' title='bbox 581 835 658 878; x_wconf 82' lang='lat' dir='ltr'>quia</span> <span class='ocrx_word' id='word_1_154' title='bbox 674 834 776 867; x_wconf 87' lang='lat' dir='ltr'>Deum</span> <span class='ocrx_word' id='word_1_155' title='bbox 793 834 920 877; x_wconf 89' lang='lat' dir='ltr'>odiunt,</span> <span class='ocrx_word' id='word_1_156' title='bbox 938 835 983 867; x_wconf 88' lang='lat' dir='ltr'>ita</span> <span class='ocrx_word' id='word_1_157' title='bbox 1000 839 1035 867; x_wconf 85' lang='lat' dir='ltr'>ut</span> <span class='ocrx_word' id='word_1_158' title='bbox 1050 835 1152 867; x_wconf 85' lang='lat' dir='ltr'>velint</span> <span class='ocrx_word' id='word_1_159' title='bbox 1163 835 1269 867; x_wconf 85' lang='lat' dir='ltr'>Deum</span> <span class='ocrx_word' id='word_1_160' title='bbox 1285 846 1350 867; x_wconf 92' lang='lat' dir='ltr'>non</span> <span class='ocrx_word' id='word_1_161' title='bbox 1367 837 1458 867; x_wconf 69' lang='lat' dir='ltr'>esse?</span> <span class='ocrx_word' id='word_1_162' title='bbox 1478 834 1541 867; x_wconf 83' lang='lat' dir='ltr'>Sed</span> <span class='ocrx_word' id='word_1_163' title='bbox 1556 839 1586 867; x_wconf 89' lang='lat' dir='ltr'>et</span> <span class='ocrx_word' id='word_1_164' title='bbox 1601 834 1653 866; x_wconf 87' lang='lat' dir='ltr'>hic</span> <span class='ocrx_word' id='word_1_165' title='bbox 1664 835 1759 867; x_wconf 90' lang='lat' dir='ltr'>multi</span> 
     </span>
     <span class='ocr_line' id='line_1_12' title="bbox 172 892 1759 936; baseline 0.001 -12"><span class='ocrx_word' id='word_1_166' title='bbox 172 892 277 925; x_wconf 90' lang='lat' dir='ltr'>Deum</span> <span class='ocrx_word' id='word_1_167' title='bbox 294 892 452 933; x_wconf 81' lang='lat' dir='ltr'>oderunt3</span> <span class='ocrx_word' id='word_1_168' title='bbox 470 892 508 924; x_wconf 86' lang='lat' dir='ltr'>de</span> <span class='ocrx_word' id='word_1_169' title='bbox 524 892 644 936; x_wconf 75' lang='lat' dir='ltr'>quilius</span> <span class='ocrx_word' id='word_1_170' title='bbox 667 892 825 936; x_wconf 84' lang='lat' dir='ltr'>scriptum</span> <span class='ocrx_word' id='word_1_171' title='bbox 849 897 895 924; x_wconf 91' lang='lat' dir='ltr'>est</span> <span class='ocrx_word' id='word_1_172' title='bbox 910 895 920 910; x_wconf 74' lang='lat'>&#39;²</span> <span class='ocrx_word' id='word_1_173' title='bbox 943 905 949 924; x_wconf 80' lang='lat'>2</span> <span class='ocrx_word' id='word_1_174' title='bbox 971 893 1129 936; x_wconf 71' lang='lat' dir='ltr'>Superbia</span> <span class='ocrx_word' id='word_1_175' title='bbox 1151 904 1279 931; x_wconf 74' lang='lat' dir='ltr'>eorum,</span> <span class='ocrx_word' id='word_1_176' title='bbox 1297 893 1352 936; x_wconf 79' lang='lat' dir='ltr'>qm&#39;</span> <span class='ocrx_word' id='word_1_177' title='bbox 1377 898 1406 924; x_wconf 83' lang='lat' dir='ltr'>te</span> <span class='ocrx_word' id='word_1_178' title='bbox 1431 892 1587 931; x_wconf 72' lang='lat' dir='ltr'>oderunt,</span> <span class='ocrx_word' id='word_1_179' title='bbox 1612 892 1759 925; x_wconf 75' lang='lat' dir='ltr'>ascendit</span> 
     </span>
     <span class='ocr_line' id='line_1_13' title="bbox 171 949 1761 994; baseline 0.001 -12"><span class='ocrx_word' id='word_1_180' title='bbox 171 961 308 993; x_wconf 76' lang='lat' dir='ltr'>semper.</span> <span class='ocrx_word' id='word_1_181' title='bbox 327 949 407 988; x_wconf 87' lang='lat' dir='ltr'>Quae</span> <span class='ocrx_word' id='word_1_182' title='bbox 425 954 472 982; x_wconf 87' lang='lat' dir='ltr'>est</span> <span class='ocrx_word' id='word_1_183' title='bbox 486 961 563 992; x_wconf 80' lang='lat' dir='ltr'>ergo</span> <span class='ocrx_word' id='word_1_184' title='bbox 588 950 644 982; x_wconf 85' lang='lat' dir='ltr'>illa</span> <span class='ocrx_word' id='word_1_185' title='bbox 661 950 849 991; x_wconf 75' lang='lat' dir='ltr'>elongatio?</span> <span class='ocrx_word' id='word_1_186' title='bbox 879 950 965 983; x_wconf 88' lang='lat' dir='ltr'>Sane</span> <span class='ocrx_word' id='word_1_187' title='bbox 985 951 1160 983; x_wconf 73' lang='lat' dir='ltr'>exteriores</span> <span class='ocrx_word' id='word_1_188' title='bbox 1185 951 1326 984; x_wconf 67' lang='lat' dir='ltr'>tenebrae</span> <span class='ocrx_word' id='word_1_189' title='bbox 1351 951 1491 993; x_wconf 81' lang='lat' dir='ltr'>intelligi</span> <span class='ocrx_word' id='word_1_190' title='bbox 1512 954 1646 994; x_wconf 86' lang='lat' dir='ltr'>possunt</span> <span class='ocrx_word' id='word_1_191' title='bbox 1673 962 1761 994; x_wconf 62' lang='lat' dir='ltr'>qua:-</span> 
     </span>
     <span class='ocr_line' id='line_1_14' title="bbox 171 1007 1760 1052; baseline 0.001 -13"><span class='ocrx_word' id='word_1_192' title='bbox 171 1007 246 1039; x_wconf 87' lang='lat' dir='ltr'>dam</span> <span class='ocrx_word' id='word_1_193' title='bbox 271 1007 458 1049; x_wconf 80' lang='lat' dir='ltr'>malignitas</span> <span class='ocrx_word' id='word_1_194' title='bbox 481 1007 546 1039; x_wconf 88' lang='lat' dir='ltr'>odii</span> <span class='ocrx_word' id='word_1_195' title='bbox 569 1012 599 1040; x_wconf 90' lang='lat' dir='ltr'>et</span> <span class='ocrx_word' id='word_1_196' title='bbox 624 1008 820 1048; x_wconf 88' lang='lat' dir='ltr'>voluntatis,</span> <span class='ocrx_word' id='word_1_197' title='bbox 843 1019 915 1052; x_wconf 85' lang='lat' dir='ltr'>quae</span> <span class='ocrx_word' id='word_1_198' title='bbox 941 1013 1018 1041; x_wconf 90' lang='lat' dir='ltr'>tunc</span> <span class='ocrx_word' id='word_1_199' title='bbox 1039 1013 1198 1041; x_wconf 82' lang='lat' dir='ltr'>excrescet</span> <span class='ocrx_word' id='word_1_200' title='bbox 1224 1010 1258 1041; x_wconf 89' lang='lat' dir='ltr'>in</span> <span class='ocrx_word' id='word_1_201' title='bbox 1284 1009 1447 1041; x_wconf 89' lang='lat' dir='ltr'>mentibus</span> <span class='ocrx_word' id='word_1_202' title='bbox 1467 1008 1704 1052; x_wconf 86' lang='lat' dir='ltr'>reproborum,</span> <span class='ocrx_word' id='word_1_203' title='bbox 1729 1013 1760 1041; x_wconf 89' lang='lat' dir='ltr'>et</span> 
     </span>
     <span class='ocr_line' id='line_1_15' title="bbox 170 1064 1759 1108; baseline 0.001 -12"><span class='ocrx_word' id='word_1_204' title='bbox 170 1064 321 1108; x_wconf 69' lang='lat' dir='ltr'>quaedam</span> <span class='ocrx_word' id='word_1_205' title='bbox 341 1064 463 1097; x_wconf 89' lang='lat' dir='ltr'>oblivio</span> <span class='ocrx_word' id='word_1_206' title='bbox 478 1064 555 1104; x_wconf 90' lang='lat' dir='ltr'>Dei,</span> <span class='ocrx_word' id='word_1_207' title='bbox 573 1065 650 1108; x_wconf 84' lang='lat' dir='ltr'>quia</span> <span class='ocrx_word' id='word_1_208' title='bbox 666 1068 904 1097; x_wconf 86' lang='lat' dir='ltr'>tormentorum</span> <span class='ocrx_word' id='word_1_209' title='bbox 924 1066 1117 1098; x_wconf 87' lang='lat' dir='ltr'>interiorum</span> <span class='ocrx_word' id='word_1_210' title='bbox 1134 1071 1165 1098; x_wconf 83' lang='lat' dir='ltr'>et</span> <span class='ocrx_word' id='word_1_211' title='bbox 1186 1067 1385 1098; x_wconf 77' lang='lat' dir='ltr'>exteriorum</span> <span class='ocrx_word' id='word_1_212' title='bbox 1408 1066 1577 1099; x_wconf 88' lang='lat' dir='ltr'>doloribus</span> <span class='ocrx_word' id='word_1_213' title='bbox 1593 1066 1672 1099; x_wconf 89' lang='lat' dir='ltr'>adeo</span> <span class='ocrx_word' id='word_1_214' title='bbox 1687 1066 1759 1098; x_wconf 79' lang='lat' dir='ltr'>affi-</span> 
     </span>
     <span class='ocr_line' id='line_1_16' title="bbox 170 1121 1759 1166; baseline 0.002 -13"><span class='ocrx_word' id='word_1_215' title='bbox 170 1121 297 1153; x_wconf 81' lang='lat' dir='ltr'>cientur</span> <span class='ocrx_word' id='word_1_216' title='bbox 321 1126 351 1153; x_wconf 93' lang='lat' dir='ltr'>et</span> <span class='ocrx_word' id='word_1_217' title='bbox 372 1121 616 1162; x_wconf 83' lang='lat' dir='ltr'>turbabuntur,</span> <span class='ocrx_word' id='word_1_218' title='bbox 638 1127 673 1154; x_wconf 92' lang='lat' dir='ltr'>ut</span> <span class='ocrx_word' id='word_1_219' title='bbox 694 1122 733 1154; x_wconf 84' lang='lat' dir='ltr'>ab</span> <span class='ocrx_word' id='word_1_220' title='bbox 755 1122 821 1154; x_wconf 89' lang='lat' dir='ltr'>illis</span> <span class='ocrx_word' id='word_1_221' title='bbox 845 1123 884 1155; x_wconf 88' lang='lat' dir='ltr'>ad</span> <span class='ocrx_word' id='word_1_222' title='bbox 907 1123 1115 1165; x_wconf 84' lang='lat' dir='ltr'>cogitandum</span> <span class='ocrx_word' id='word_1_223' title='bbox 1142 1124 1267 1166; x_wconf 85' lang='lat' dir='ltr'>aliquid</span> <span class='ocrx_word' id='word_1_224' title='bbox 1292 1124 1331 1156; x_wconf 86' lang='lat' dir='ltr'>de</span> <span class='ocrx_word' id='word_1_225' title='bbox 1347 1124 1411 1156; x_wconf 90' lang='lat' dir='ltr'>Deo</span> <span class='ocrx_word' id='word_1_226' title='bbox 1429 1124 1485 1156; x_wconf 77' lang='lat' dir='ltr'>vix</span> <span class='ocrx_word' id='word_1_227' title='bbox 1500 1150 1507 1163; x_wconf 92' lang='lat'>‚</span> <span class='ocrx_word' id='word_1_228' title='bbox 1529 1124 1580 1156; x_wconf 82' lang='lat' dir='ltr'>vel</span> <span class='ocrx_word' id='word_1_229' title='bbox 1597 1135 1670 1156; x_wconf 87' lang='lat' dir='ltr'>raro</span> <span class='ocrx_word' id='word_1_230' title='bbox 1684 1150 1691 1164; x_wconf 96' lang='lat'>,</span> <span class='ocrx_word' id='word_1_231' title='bbox 1708 1125 1759 1156; x_wconf 91' lang='lat' dir='ltr'>vel</span> 
     </span>
     <span class='ocr_line' id='line_1_17' title="bbox 170 1179 1759 1226; baseline 0.003 -16"><span class='ocrx_word' id='word_1_232' title='bbox 170 1189 340 1222; x_wconf 82' lang='lat' dir='ltr'>nunquam</span> <span class='ocrx_word' id='word_1_233' title='bbox 357 1183 499 1221; x_wconf 83' lang='lat' dir='ltr'>mentem</span> <span class='ocrx_word' id='word_1_234' title='bbox 515 1184 678 1211; x_wconf 83' lang='lat' dir='ltr'>revocent.</span> <span class='ocrx_word' id='word_1_235' title='bbox 696 1179 740 1212; x_wconf 91' lang='lat' dir='ltr'>Ut</span> <span class='ocrx_word' id='word_1_236' title='bbox 755 1180 812 1224; x_wconf 90' lang='lat' dir='ltr'>qui</span> <span class='ocrx_word' id='word_1_237' title='bbox 828 1180 930 1212; x_wconf 90' lang='lat' dir='ltr'>nimio</span> <span class='ocrx_word' id='word_1_238' title='bbox 953 1185 1148 1224; x_wconf 87' lang='lat' dir='ltr'>premuntur</span> <span class='ocrx_word' id='word_1_239' title='bbox 1164 1181 1304 1224; x_wconf 84' lang='lat' dir='ltr'>pondere</span> <span class='ocrx_word' id='word_1_240' title='bbox 1319 1207 1326 1221; x_wconf 91' lang='lat'>,</span> <span class='ocrx_word' id='word_1_241' title='bbox 1344 1181 1423 1214; x_wconf 89' lang='lat' dir='ltr'>adeo</span> <span class='ocrx_word' id='word_1_242' title='bbox 1442 1186 1631 1226; x_wconf 85' lang='lat' dir='ltr'>stupescunt</span> <span class='ocrx_word' id='word_1_243' title='bbox 1646 1186 1676 1214; x_wconf 87' lang='lat' dir='ltr'>et</span> <span class='ocrx_word' id='word_1_244' title='bbox 1691 1186 1759 1214; x_wconf 91' lang='lat' dir='ltr'>tur-</span> 
     </span>
     <span class='ocr_line' id='line_1_18' title="bbox 170 1235 1759 1283; baseline 0.003 -16"><span class='ocrx_word' id='word_1_245' title='bbox 170 1235 307 1276; x_wconf 86' lang='lat' dir='ltr'>bantur,</span> <span class='ocrx_word' id='word_1_246' title='bbox 324 1239 361 1267; x_wconf 88' lang='lat' dir='ltr'>ut</span> <span class='ocrx_word' id='word_1_247' title='bbox 375 1236 505 1268; x_wconf 85' lang='lat' dir='ltr'>interim</span> <span class='ocrx_word' id='word_1_248' title='bbox 522 1236 554 1268; x_wconf 87' lang='lat' dir='ltr'>in</span> <span class='ocrx_word' id='word_1_249' title='bbox 573 1237 670 1268; x_wconf 86' lang='lat' dir='ltr'>aliam</span> <span class='ocrx_word' id='word_1_250' title='bbox 690 1237 919 1280; x_wconf 74' lang='lat' dir='ltr'>cogitationem</span> <span class='ocrx_word' id='word_1_251' title='bbox 948 1249 1013 1271; x_wconf 91' lang='lat' dir='ltr'>non</span> <span class='ocrx_word' id='word_1_252' title='bbox 1036 1250 1068 1270; x_wconf 85' lang='lat' dir='ltr'>se</span> <span class='ocrx_word' id='word_1_253' title='bbox 1092 1239 1288 1280; x_wconf 81' lang='lat' dir='ltr'>extendant3</span> <span class='ocrx_word' id='word_1_254' title='bbox 1309 1239 1363 1271; x_wconf 87' lang='lat' dir='ltr'>sed</span> <span class='ocrx_word' id='word_1_255' title='bbox 1390 1239 1469 1271; x_wconf 87' lang='lat' dir='ltr'>illuc</span> <span class='ocrx_word' id='word_1_256' title='bbox 1493 1239 1596 1271; x_wconf 81' lang='lat' dir='ltr'>tendit</span> <span class='ocrx_word' id='word_1_257' title='bbox 1619 1239 1759 1283; x_wconf 88' lang='lat' dir='ltr'>impetus</span> 
     </span>
     <span class='ocr_line' id='line_1_19' title="bbox 170 1292 1758 1341; baseline 0.003 -17"><span class='ocrx_word' id='word_1_258' title='bbox 170 1292 390 1334; x_wconf 59' lang='lat' dir='ltr'>cogitationis,</span> <span class='ocrx_word' id='word_1_259' title='bbox 409 1293 465 1325; x_wconf 89' lang='lat' dir='ltr'>nbi</span> <span class='ocrx_word' id='word_1_260' title='bbox 481 1294 619 1326; x_wconf 84' lang='lat' dir='ltr'>sentitur</span> <span class='ocrx_word' id='word_1_261' title='bbox 634 1294 682 1326; x_wconf 92' lang='lat' dir='ltr'>vis</span> <span class='ocrx_word' id='word_1_262' title='bbox 697 1294 828 1327; x_wconf 86' lang='lat' dir='ltr'>doloris.</span> <span class='ocrx_word' id='word_1_263' title='bbox 852 1294 914 1327; x_wconf 86' lang='lat' dir='ltr'>Sed</span> <span class='ocrx_word' id='word_1_264' title='bbox 935 1296 968 1328; x_wconf 91' lang='lat' dir='ltr'>in</span> <span class='ocrx_word' id='word_1_265' title='bbox 993 1295 1052 1327; x_wconf 83' lang='lat' dir='ltr'>hac</span> <span class='ocrx_word' id='word_1_266' title='bbox 1067 1296 1133 1328; x_wconf 82' lang='lat' dir='ltr'>vita</span> <span class='ocrx_word' id='word_1_267' title='bbox 1149 1296 1260 1329; x_wconf 90' lang='lat' dir='ltr'>nullus</span> <span class='ocrx_word' id='word_1_268' title='bbox 1275 1296 1355 1328; x_wconf 85' lang='lat' dir='ltr'>adeo</span> <span class='ocrx_word' id='word_1_269' title='bbox 1376 1297 1479 1329; x_wconf 83' lang='lat' dir='ltr'>malus</span> <span class='ocrx_word' id='word_1_270' title='bbox 1495 1301 1556 1339; x_wconf 84' lang='lat' dir='ltr'>est,</span> <span class='ocrx_word' id='word_1_271' title='bbox 1576 1301 1612 1329; x_wconf 88' lang='lat' dir='ltr'>ut</span> <span class='ocrx_word' id='word_1_272' title='bbox 1626 1297 1758 1341; x_wconf 86' lang='lat' dir='ltr'>penitus</span> 
     </span>
     <span class='ocr_line' id='line_1_20' title="bbox 170 1350 1756 1398; baseline 0.003 -16"><span class='ocrx_word' id='word_1_273' title='bbox 170 1350 356 1383; x_wconf 86' lang='lat' dir='ltr'>secludatur</span> <span class='ocrx_word' id='word_1_274' title='bbox 370 1361 389 1382; x_wconf 86' lang='lat' dir='ltr'>a</span> <span class='ocrx_word' id='word_1_275' title='bbox 403 1351 598 1393; x_wconf 79' lang='lat' dir='ltr'>cogitatione</span> <span class='ocrx_word' id='word_1_276' title='bbox 614 1351 671 1383; x_wconf 89' lang='lat' dir='ltr'>Dei</span> <span class='ocrx_word' id='word_1_277' title='bbox 692 1364 697 1383; x_wconf 91' lang='lat'>:</span> <span class='ocrx_word' id='word_1_278' title='bbox 716 1353 794 1396; x_wconf 89' lang='lat' dir='ltr'>quia</span> <span class='ocrx_word' id='word_1_279' title='bbox 810 1363 867 1384; x_wconf 88' lang='lat' dir='ltr'>nec</span> <span class='ocrx_word' id='word_1_280' title='bbox 883 1353 989 1397; x_wconf 88' lang='lat' dir='ltr'>perdit</span> <span class='ocrx_word' id='word_1_281' title='bbox 1003 1353 1182 1397; x_wconf 79' lang='lat' dir='ltr'>appetitum</span> <span class='ocrx_word' id='word_1_282' title='bbox 1198 1354 1427 1395; x_wconf 85' lang='lat' dir='ltr'>beatitudinis,</span> <span class='ocrx_word' id='word_1_283' title='bbox 1441 1358 1471 1386; x_wconf 83' lang='lat' dir='ltr'>et</span> <span class='ocrx_word' id='word_1_284' title='bbox 1486 1354 1661 1398; x_wconf 80' lang='lat' dir='ltr'>quemdam</span> <span class='ocrx_word' id='word_1_285' title='bbox 1678 1355 1756 1387; x_wconf 87' lang='lat' dir='ltr'>boni</span> 
     </span>
     <span class='ocr_line' id='line_1_21' title="bbox 170 1409 1756 1456; baseline 0.004 -17"><span class='ocrx_word' id='word_1_286' title='bbox 170 1419 314 1440; x_wconf 86' lang='lat' dir='ltr'>amorem</span> <span class='ocrx_word' id='word_1_287' title='bbox 330 1434 337 1449; x_wconf 93' lang='lat'>,</span> <span class='ocrx_word' id='word_1_288' title='bbox 355 1419 453 1452; x_wconf 87' lang='lat' dir='ltr'>quem</span> <span class='ocrx_word' id='word_1_289' title='bbox 471 1409 663 1441; x_wconf 85' lang='lat' dir='ltr'>naturaliter</span> <span class='ocrx_word' id='word_1_290' title='bbox 687 1409 782 1442; x_wconf 81' lang='lat' dir='ltr'>habet</span> <span class='ocrx_word' id='word_1_291' title='bbox 805 1410 971 1443; x_wconf 85' lang='lat' dir='ltr'>rationalis</span> <span class='ocrx_word' id='word_1_292' title='bbox 988 1415 1146 1443; x_wconf 83' lang='lat' dir='ltr'>creatura.</span> <span class='ocrx_word' id='word_1_293' title='bbox 1165 1411 1241 1444; x_wconf 87' lang='lat' dir='ltr'>Illas</span> <span class='ocrx_word' id='word_1_294' title='bbox 1257 1415 1365 1444; x_wconf 84' lang='lat' dir='ltr'>autem</span> <span class='ocrx_word' id='word_1_295' title='bbox 1382 1412 1558 1444; x_wconf 78' lang='lat' dir='ltr'>exteriores</span> <span class='ocrx_word' id='word_1_296' title='bbox 1575 1416 1605 1445; x_wconf 91' lang='lat' dir='ltr'>et</span> <span class='ocrx_word' id='word_1_297' title='bbox 1622 1412 1756 1456; x_wconf 84' lang='lat' dir='ltr'>profun-</span> 
     </span>
     <span class='ocr_line' id='line_1_22' title="bbox 170 1465 1757 1513; baseline 0.004 -16"><span class='ocrx_word' id='word_1_298' title='bbox 170 1465 319 1497; x_wconf 84' lang='lat' dir='ltr'>dissimas</span> <span class='ocrx_word' id='word_1_299' title='bbox 335 1466 484 1498; x_wconf 81' lang='lat' dir='ltr'>tenebras</span> <span class='ocrx_word' id='word_1_300' title='bbox 507 1467 659 1510; x_wconf 79' lang='lat' dir='ltr'>reprobos</span> <span class='ocrx_word' id='word_1_301' title='bbox 684 1478 891 1511; x_wconf 84' lang='lat' dir='ltr'>perpessuros</span> <span class='ocrx_word' id='word_1_302' title='bbox 907 1472 977 1512; x_wconf 91' lang='lat' dir='ltr'>post</span> <span class='ocrx_word' id='word_1_303' title='bbox 994 1468 1157 1512; x_wconf 84' lang='lat' dir='ltr'>judicium</span> <span class='ocrx_word' id='word_1_304' title='bbox 1178 1469 1258 1501; x_wconf 74' lang='lat' dir='ltr'>dicit</span> <span class='ocrx_word' id='word_1_305' title='bbox 1273 1469 1516 1512; x_wconf 75' lang='lat' dir='ltr'>Augustinus³‚</span> <span class='ocrx_word' id='word_1_306' title='bbox 1535 1481 1701 1513; x_wconf 79' lang='lat' dir='ltr'>opponens</span> <span class='ocrx_word' id='word_1_307' title='bbox 1718 1470 1757 1503; x_wconf 88' lang='lat' dir='ltr'>de</span> 
     </span>
     <span class='ocr_line' id='line_1_23' title="bbox 170 1522 1758 1572; baseline 0.004 -18"><span class='ocrx_word' id='word_1_308' title='bbox 170 1522 228 1555; x_wconf 89' lang='lat' dir='ltr'>illo</span> <span class='ocrx_word' id='word_1_309' title='bbox 243 1523 363 1564; x_wconf 85' lang='lat' dir='ltr'>divite,</span> <span class='ocrx_word' id='word_1_310' title='bbox 381 1524 439 1567; x_wconf 87' lang='lat' dir='ltr'>qui</span> <span class='ocrx_word' id='word_1_311' title='bbox 455 1524 490 1556; x_wconf 85' lang='lat' dir='ltr'>in</span> <span class='ocrx_word' id='word_1_312' title='bbox 506 1524 634 1557; x_wconf 85' lang='lat' dir='ltr'>inferno</span> <span class='ocrx_word' id='word_1_313' title='bbox 652 1525 775 1569; x_wconf 85' lang='lat' dir='ltr'>positus</span> <span class='ocrx_word' id='word_1_314' title='bbox 786 1551 794 1566; x_wconf 95' lang='lat'>,</span> <span class='ocrx_word' id='word_1_315' title='bbox 811 1526 942 1558; x_wconf 75' lang='lat' dir='ltr'>clevans</span> <span class='ocrx_word' id='word_1_316' title='bbox 956 1526 1067 1558; x_wconf 80' lang='lat' dir='ltr'>oculos</span> <span class='ocrx_word' id='word_1_317' title='bbox 1083 1526 1165 1558; x_wconf 89' lang='lat' dir='ltr'>vidit</span> <span class='ocrx_word' id='word_1_318' title='bbox 1179 1527 1343 1558; x_wconf 69' lang='lat' dir='ltr'>Abrabam</span> <span class='ocrx_word' id='word_1_319' title='bbox 1360 1553 1367 1568; x_wconf 91' lang='lat'>,</span> <span class='ocrx_word' id='word_1_320' title='bbox 1385 1532 1415 1560; x_wconf 90' lang='lat' dir='ltr'>et</span> <span class='ocrx_word' id='word_1_321' title='bbox 1431 1527 1463 1559; x_wconf 91' lang='lat' dir='ltr'>in</span> <span class='ocrx_word' id='word_1_322' title='bbox 1485 1527 1561 1560; x_wconf 88' lang='lat' dir='ltr'>sinu</span> <span class='ocrx_word' id='word_1_323' title='bbox 1576 1528 1646 1572; x_wconf 83' lang='lat' dir='ltr'>ejus</span> <span class='ocrx_word' id='word_1_324' title='bbox 1663 1528 1758 1560; x_wconf 86' lang='lat' dir='ltr'>Laza-</span> 
     </span>
     <span class='ocr_line' id='line_1_24' title="bbox 170 1580 1758 1628; baseline 0.003 -16"><span class='ocrx_word' id='word_1_325' title='bbox 170 1591 245 1612; x_wconf 87' lang='lat' dir='ltr'>rum</span> <span class='ocrx_word' id='word_1_326' title='bbox 259 1607 268 1620; x_wconf 90' lang='lat'>,</span> <span class='ocrx_word' id='word_1_327' title='bbox 286 1580 380 1624; x_wconf 89' lang='lat' dir='ltr'>cujus</span> <span class='ocrx_word' id='word_1_328' title='bbox 402 1581 644 1624; x_wconf 83' lang='lat' dir='ltr'>comparatione</span> <span class='ocrx_word' id='word_1_329' title='bbox 668 1588 795 1614; x_wconf 85' lang='lat' dir='ltr'>coactus</span> <span class='ocrx_word' id='word_1_330' title='bbox 820 1587 865 1615; x_wconf 77' lang='lat' dir='ltr'>est</span> <span class='ocrx_word' id='word_1_331' title='bbox 883 1583 1029 1616; x_wconf 84' lang='lat' dir='ltr'>confiteri</span> <span class='ocrx_word' id='word_1_332' title='bbox 1051 1584 1137 1616; x_wconf 78' lang='lat' dir='ltr'>mala</span> <span class='ocrx_word' id='word_1_333' title='bbox 1152 1595 1230 1625; x_wconf 83' lang='lat' dir='ltr'>sua,</span> <span class='ocrx_word' id='word_1_334' title='bbox 1249 1596 1351 1628; x_wconf 79' lang='lat' dir='ltr'>usque</span> <span class='ocrx_word' id='word_1_335' title='bbox 1369 1584 1469 1625; x_wconf 80' lang='lat' dir='ltr'>adeo,</span> <span class='ocrx_word' id='word_1_336' title='bbox 1488 1588 1522 1617; x_wconf 92' lang='lat' dir='ltr'>ut</span> <span class='ocrx_word' id='word_1_337' title='bbox 1537 1586 1651 1618; x_wconf 80' lang='lat' dir='ltr'>fratres</span> <span class='ocrx_word' id='word_1_338' title='bbox 1668 1590 1758 1628; x_wconf 79' lang='lat' dir='ltr'>roget</span> 
     </span>
     <span class='ocr_line' id='line_1_25' title="bbox 171 1637 1758 1686; baseline 0.004 -17"><span class='ocrx_word' id='word_1_339' title='bbox 171 1637 210 1670; x_wconf 83' lang='lat' dir='ltr'>ab</span> <span class='ocrx_word' id='word_1_340' title='bbox 227 1637 278 1670; x_wconf 86' lang='lat' dir='ltr'>his</span> <span class='ocrx_word' id='word_1_341' title='bbox 293 1638 504 1680; x_wconf 85' lang='lat' dir='ltr'>praemoneri:</span> <span class='ocrx_word' id='word_1_342' title='bbox 518 1639 605 1682; x_wconf 88' lang='lat' dir='ltr'>quod</span> <span class='ocrx_word' id='word_1_343' title='bbox 622 1639 870 1683; x_wconf 86' lang='lat' dir='ltr'>antejudicium</span> <span class='ocrx_word' id='word_1_344' title='bbox 889 1640 1010 1673; x_wconf 85' lang='lat' dir='ltr'>factum</span> <span class='ocrx_word' id='word_1_345' title='bbox 1026 1641 1159 1683; x_wconf 71' lang='lat' dir='ltr'>legitur.</span> <span class='ocrx_word' id='word_1_346' title='bbox 1177 1640 1240 1673; x_wconf 87' lang='lat' dir='ltr'>Sed</span> <span class='ocrx_word' id='word_1_347' title='bbox 1257 1646 1326 1685; x_wconf 85' lang='lat' dir='ltr'>post</span> <span class='ocrx_word' id='word_1_348' title='bbox 1337 1642 1500 1685; x_wconf 87' lang='lat' dir='ltr'>judicium</span> <span class='ocrx_word' id='word_1_349' title='bbox 1516 1642 1549 1674; x_wconf 88' lang='lat' dir='ltr'>in</span> <span class='ocrx_word' id='word_1_350' title='bbox 1566 1642 1758 1686; x_wconf 86' lang='lat' dir='ltr'>profundio-</span> 
     </span>
     <span class='ocr_line' id='line_1_26' title="bbox 171 1694 1564 1739; baseline 0.004 -13"><span class='ocrx_word' id='word_1_351' title='bbox 171 1694 263 1727; x_wconf 89' lang='lat' dir='ltr'>ribus</span> <span class='ocrx_word' id='word_1_352' title='bbox 280 1695 422 1727; x_wconf 80' lang='lat' dir='ltr'>tenebris</span> <span class='ocrx_word' id='word_1_353' title='bbox 437 1700 534 1727; x_wconf 87' lang='lat' dir='ltr'>erunt</span> <span class='ocrx_word' id='word_1_354' title='bbox 547 1696 641 1739; x_wconf 89' lang='lat' dir='ltr'>impii</span> <span class='ocrx_word' id='word_1_355' title='bbox 655 1722 662 1737; x_wconf 94' lang='lat'>,</span> <span class='ocrx_word' id='word_1_356' title='bbox 680 1697 737 1728; x_wconf 89' lang='lat' dir='ltr'>nbi</span> <span class='ocrx_word' id='word_1_357' title='bbox 753 1697 880 1729; x_wconf 87' lang='lat' dir='ltr'>nullam</span> <span class='ocrx_word' id='word_1_358' title='bbox 896 1697 953 1730; x_wconf 80' lang='lat' dir='ltr'>Dei</span> <span class='ocrx_word' id='word_1_359' title='bbox 968 1698 1075 1730; x_wconf 89' lang='lat' dir='ltr'>lucem</span> <span class='ocrx_word' id='word_1_360' title='bbox 1091 1698 1252 1730; x_wconf 86' lang='lat' dir='ltr'>videbunt</span> <span class='ocrx_word' id='word_1_361' title='bbox 1266 1699 1319 1730; x_wconf 78' lang='lat' dir='ltr'>cui</span> <span class='ocrx_word' id='word_1_362' title='bbox 1334 1698 1564 1731; x_wconf 85' lang='lat' dir='ltr'>confiteantur.</span> 
     </span>
    </p>
   </div>
   <div class='ocr_carea' id='block_1_3' title="bbox 52 2082 140 2103">
    <p class='ocr_par' dir='ltr' id='par_1_3' title="bbox 52 2082 140 2103">
     <span class='ocr_line' id='line_1_27' title="bbox 52 2082 140 2103; baseline 0.011 -1"><span class='ocrx_word' id='word_1_363' title='bbox 52 2082 140 2103; x_wconf 78' lang='lat' dir='ltr'>Divisio.</span> 
     </span>
    </p>
   </div>
   <div class='ocr_carea' id='block_1_4' title="bbox 164 1809 934 1921">
    <p class='ocr_par' dir='ltr' id='par_1_4' title="bbox 164 1809 934 1921">
     <span class='ocr_line' id='line_1_28' title="bbox 356 1809 742 1841; baseline 0.003 -2"><span class='ocrx_word' id='word_1_364' title='bbox 356 1809 558 1840; x_wconf 84' lang='lat' dir='ltr'>EXPOSITIO</span> <span class='ocrx_word' id='word_1_365' title='bbox 579 1809 742 1841; x_wconf 84' lang='lat' dir='ltr'>TEXTUS.</span> 
     </span>
     <span class='ocr_line' id='line_1_29' title="bbox 164 1889 934 1921; baseline 0.004 -9"><span class='ocrx_word' id='word_1_366' title='bbox 164 1889 210 1913; x_wconf 89' lang='lat' dir='ltr'>Hie</span> <span class='ocrx_word' id='word_1_367' title='bbox 222 1889 302 1913; x_wconf 86' lang='lat' dir='ltr'>oritur</span> <span class='ocrx_word' id='word_1_368' title='bbox 312 1889 419 1920; x_wconf 73' lang='lat' dir='ltr'>quaestio</span> <span class='ocrx_word' id='word_1_369' title='bbox 430 1896 460 1913; x_wconf 76' lang='lat' dir='ltr'>ex</span> <span class='ocrx_word' id='word_1_370' title='bbox 476 1890 612 1919; x_wconf 71' lang='lat' dir='ltr'>praemissis</span> <span class='ocrx_word' id='word_1_371' title='bbox 625 1890 720 1914; x_wconf 74' lang='lat' dir='ltr'>ducens</span> <span class='ocrx_word' id='word_1_372' title='bbox 735 1890 857 1921; x_wconf 62' lang='lat' dir='ltr'>originem</span> <span class='ocrx_word' id='word_1_373' title='bbox 868 1910 871 1915; x_wconf 93' lang='lat'>.</span> <span class='ocrx_word' id='word_1_374' title='bbox 887 1892 934 1915; x_wconf 83' lang='lat' dir='ltr'>etc.</span> 
     </span>
    </p>
   </div>
   <div class='ocr_carea' id='block_1_5' title="bbox 164 1964 935 2475">
    <p class='ocr_par' dir='ltr' id='par_1_5' title="bbox 164 1964 935 2475">
     <span class='ocr_line' id='line_1_30' title="bbox 205 1964 934 2004; baseline 0.005 -10"><span class='ocrx_word' id='word_1_375' title='bbox 205 1964 307 2004; x_wconf 86' lang='lat' dir='ltr'>Supra</span> <span class='ocrx_word' id='word_1_376' title='bbox 321 1965 387 2003; x_wconf 82' lang='lat' dir='ltr'>egit</span> <span class='ocrx_word' id='word_1_377' title='bbox 405 1965 554 2004; x_wconf 79' lang='lat' dir='ltr'>Magister</span> <span class='ocrx_word' id='word_1_378' title='bbox 580 1966 617 1996; x_wconf 82' lang='lat' dir='ltr'>de</span> <span class='ocrx_word' id='word_1_379' title='bbox 641 1968 726 1997; x_wconf 84' lang='lat' dir='ltr'>statu</span> <span class='ocrx_word' id='word_1_380' title='bbox 748 1968 934 2004; x_wconf 55' lang='lat' dir='ltr'>beator-uun</span> 
     </span>
     <span class='ocr_line' id='line_1_31' title="bbox 166 2018 933 2057; baseline 0.005 -10"><span class='ocrx_word' id='word_1_381' title='bbox 166 2018 197 2047; x_wconf 89' lang='lat' dir='ltr'>in</span> <span class='ocrx_word' id='word_1_382' title='bbox 225 2018 283 2047; x_wconf 85' lang='lat' dir='ltr'>hac</span> <span class='ocrx_word' id='word_1_383' title='bbox 306 2021 393 2057; x_wconf 85' lang='lat' dir='ltr'>parte</span> <span class='ocrx_word' id='word_1_384' title='bbox 417 2019 485 2057; x_wconf 82' lang='lat' dir='ltr'>agit</span> <span class='ocrx_word' id='word_1_385' title='bbox 509 2019 548 2049; x_wconf 89' lang='lat' dir='ltr'>de</span> <span class='ocrx_word' id='word_1_386' title='bbox 575 2021 659 2050; x_wconf 85' lang='lat' dir='ltr'>statu</span> <span class='ocrx_word' id='word_1_387' title='bbox 685 2020 933 2051; x_wconf 82' lang='lat' dir='ltr'>damnatorum:</span> 
     </span>
     <span class='ocr_line' id='line_1_32' title="bbox 165 2071 932 2111; baseline 0.004 -11"><span class='ocrx_word' id='word_1_388' title='bbox 165 2071 267 2110; x_wconf 88' lang='lat' dir='ltr'>primo</span> <span class='ocrx_word' id='word_1_389' title='bbox 279 2073 346 2109; x_wconf 87' lang='lat' dir='ltr'>post</span> <span class='ocrx_word' id='word_1_390' title='bbox 354 2071 510 2109; x_wconf 84' lang='lat' dir='ltr'>judicium</span> <span class='ocrx_word' id='word_1_391' title='bbox 520 2083 527 2108; x_wconf 90' lang='lat'>;</span> <span class='ocrx_word' id='word_1_392' title='bbox 537 2081 609 2102; x_wconf 89' lang='lat' dir='ltr'>secu</span> <span class='ocrx_word' id='word_1_393' title='bbox 615 2073 675 2102; x_wconf 87' lang='lat' dir='ltr'>ndo</span> <span class='ocrx_word' id='word_1_394' title='bbox 683 2074 885 2111; x_wconf 69' lang='lat' dir='ltr'>anteJudiciu</span> <span class='ocrx_word' id='word_1_395' title='bbox 891 2083 932 2111; x_wconf 84' lang='lat' dir='ltr'>m,</span> 
     </span>
     <span class='ocr_line' id='line_1_33' title="bbox 164 2123 934 2165; baseline 0.006 -12"><span class='ocrx_word' id='word_1_396' title='bbox 164 2123 206 2153; x_wconf 90' lang='lat' dir='ltr'>ihi</span> <span class='ocrx_word' id='word_1_397' title='bbox 225 2134 231 2154; x_wconf 92' lang='lat'>:</span> <span class='ocrx_word' id='word_1_398' title='bbox 249 2124 405 2155; x_wconf 62' lang='lat' dir='ltr'>Praeterea</span> <span class='ocrx_word' id='word_1_399' title='bbox 428 2125 531 2163; x_wconf 78' lang='lat' dir='ltr'>quoerz&#39;</span> <span class='ocrx_word' id='word_1_400' title='bbox 557 2125 656 2163; x_wconf 73' lang='lat' dir='ltr'>solet,</span> <span class='ocrx_word' id='word_1_401' title='bbox 679 2126 708 2156; x_wconf 62' lang='grc' dir='ltr'>εἰ</span> <span class='ocrx_word' id='word_1_402' title='bbox 734 2127 934 2165; x_wconf 74' lang='lat' dir='ltr'>reproborum</span> 
     </span>
     <span class='ocr_line' id='line_1_34' title="bbox 165 2177 935 2219; baseline 0.003 -11"><span class='ocrx_word' id='word_1_403' title='bbox 165 2178 292 2214; x_wconf 64' lang='lat' dir='ltr'>animal,</span> <span class='ocrx_word' id='word_1_404' title='bbox 309 2179 367 2207; x_wconf 79' lang='lat' dir='ltr'>ete.</span> <span class='ocrx_word' id='word_1_405' title='bbox 385 2177 490 2207; x_wconf 87' lang='lat' dir='ltr'>Prima</span> <span class='ocrx_word' id='word_1_406' title='bbox 505 2187 576 2216; x_wconf 83' lang='lat' dir='ltr'>pars</span> <span class='ocrx_word' id='word_1_407' title='bbox 592 2178 688 2208; x_wconf 85' lang='lat' dir='ltr'>habet</span> <span class='ocrx_word' id='word_1_408' title='bbox 704 2179 784 2209; x_wconf 86' lang='lat' dir='ltr'>duas</span> <span class='ocrx_word' id='word_1_409' title='bbox 798 2190 804 2210; x_wconf 88' lang='lat'>:</span> <span class='ocrx_word' id='word_1_410' title='bbox 821 2180 853 2210; x_wconf 91' lang='lat' dir='ltr'>in</span> <span class='ocrx_word' id='word_1_411' title='bbox 870 2181 935 2219; x_wconf 91' lang='lat' dir='ltr'>pri-</span> 
     </span>
     <span class='ocr_line' id='line_1_35' title="bbox 165 2229 934 2269; baseline 0.004 -9"><span class='ocrx_word' id='word_1_412' title='bbox 165 2239 217 2260; x_wconf 88' lang='lat' dir='ltr'>ma</span> <span class='ocrx_word' id='word_1_413' title='bbox 231 2229 420 2260; x_wconf 83' lang='lat' dir='ltr'>determinat</span> <span class='ocrx_word' id='word_1_414' title='bbox 437 2230 678 2262; x_wconf 86' lang='lat' dir='ltr'>subversionem</span> <span class='ocrx_word' id='word_1_415' title='bbox 694 2232 883 2269; x_wconf 78' lang='lat' dir='ltr'>voluntatis3</span> <span class='ocrx_word' id='word_1_416' title='bbox 902 2234 934 2263; x_wconf 85' lang='lat' dir='ltr'>in</span> 
     </span>
     <span class='ocr_line' id='line_1_36' title="bbox 165 2282 934 2321; baseline 0.005 -9"><span class='ocrx_word' id='word_1_417' title='bbox 165 2282 302 2313; x_wconf 88' lang='lat' dir='ltr'>secunda</span> <span class='ocrx_word' id='word_1_418' title='bbox 325 2282 569 2314; x_wconf 75' lang='lat' dir='ltr'>excaecationem</span> <span class='ocrx_word' id='word_1_419' title='bbox 590 2284 738 2321; x_wconf 85' lang='lat' dir='ltr'>rationis,</span> <span class='ocrx_word' id='word_1_420' title='bbox 766 2285 807 2314; x_wconf 89' lang='lat' dir='ltr'>ibi</span> <span class='ocrx_word' id='word_1_421' title='bbox 836 2295 844 2315; x_wconf 90' lang='lat'>:</span> <span class='ocrx_word' id='word_1_422' title='bbox 874 2286 934 2317; x_wconf 68' lang='lat' dir='ltr'>Hic</span> 
     </span>
     <span class='ocr_line' id='line_1_37' title="bbox 165 2338 935 2376; baseline 0.003 -8"><span class='ocrx_word' id='word_1_423' title='bbox 165 2338 267 2376; x_wconf 80' lang='lat' dir='ltr'>quoerz&#39;</span> <span class='ocrx_word' id='word_1_424' title='bbox 274 2339 377 2376; x_wconf 75' lang='lat' dir='ltr'>potest</span> <span class='ocrx_word' id='word_1_425' title='bbox 387 2345 484 2376; x_wconf 79' lang='lat' dir='ltr'>quare</span> <span class='ocrx_word' id='word_1_426' title='bbox 497 2338 560 2369; x_wconf 82' lang='lat' dir='ltr'><em>z&#39;llae</em></span> <span class='ocrx_word' id='word_1_427' title='bbox 574 2338 720 2376; x_wconf 50' lang='lat' dir='ltr'>cambire,</span> <span class='ocrx_word' id='word_1_428' title='bbox 730 2341 788 2369; x_wconf 80' lang='lat' dir='ltr'>etc.</span> <span class='ocrx_word' id='word_1_429' title='bbox 803 2338 839 2369; x_wconf 75' lang='lat' dir='ltr'>Et</span> <span class='ocrx_word' id='word_1_430' title='bbox 852 2341 935 2370; x_wconf 83' lang='lat' dir='ltr'>utra-</span> 
     </span>
     <span class='ocr_line' id='line_1_38' title="bbox 164 2390 933 2431; baseline 0.004 -12"><span class='ocrx_word' id='word_1_431' title='bbox 164 2399 226 2429; x_wconf 89' lang='lat' dir='ltr'>que</span> <span class='ocrx_word' id='word_1_432' title='bbox 242 2399 314 2429; x_wconf 84' lang='lat' dir='ltr'>pars</span> <span class='ocrx_word' id='word_1_433' title='bbox 336 2390 414 2421; x_wconf 88' lang='lat' dir='ltr'>duas</span> <span class='ocrx_word' id='word_1_434' title='bbox 427 2390 521 2422; x_wconf 90' lang='lat' dir='ltr'>habet</span> <span class='ocrx_word' id='word_1_435' title='bbox 536 2401 542 2422; x_wconf 91' lang='lat'>:</span> <span class='ocrx_word' id='word_1_436' title='bbox 567 2391 600 2421; x_wconf 88' lang='lat' dir='ltr'>in</span> <span class='ocrx_word' id='word_1_437' title='bbox 615 2391 718 2431; x_wconf 88' lang='lat' dir='ltr'>prima</span> <span class='ocrx_word' id='word_1_438' title='bbox 733 2392 880 2431; x_wconf 89' lang='lat' dir='ltr'>opponit;</span> <span class='ocrx_word' id='word_1_439' title='bbox 902 2393 933 2423; x_wconf 89' lang='lat' dir='ltr'>in</span> 
     </span>
     <span class='ocr_line' id='line_1_39' title="bbox 165 2443 562 2475; baseline 0.005 -2"><span class='ocrx_word' id='word_1_440' title='bbox 165 2443 303 2473; x_wconf 84' lang='lat' dir='ltr'>secunda</span> <span class='ocrx_word' id='word_1_441' title='bbox 317 2452 392 2474; x_wconf 87' lang='lat' dir='ltr'>vero</span> <span class='ocrx_word' id='word_1_442' title='bbox 407 2444 562 2475; x_wconf 86' lang='lat' dir='ltr'>dissolvit.</span> 
     </span>
    </p>
   </div>
   <div class='ocr_carea' id='block_1_6' title="bbox 991 1809 1762 2275">
    <p class='ocr_par' dir='ltr' id='par_1_6' title="bbox 991 1809 1762 2275">
     <span class='ocr_line' id='line_1_40' title="bbox 993 1809 1762 1848; baseline 0.004 -10"><span class='ocrx_word' id='word_1_443' title='bbox 993 1811 1197 1847; x_wconf 62' lang='lat' dir='ltr'>quaeruntur:</span> <span class='ocrx_word' id='word_1_444' title='bbox 1214 1809 1317 1847; x_wconf 87' lang='lat' dir='ltr'>primo</span> <span class='ocrx_word' id='word_1_445' title='bbox 1334 1810 1489 1848; x_wconf 78' lang='lat' dir='ltr'>quaeritur</span> <span class='ocrx_word' id='word_1_446' title='bbox 1503 1810 1541 1840; x_wconf 89' lang='lat' dir='ltr'>de</span> <span class='ocrx_word' id='word_1_447' title='bbox 1556 1811 1762 1841; x_wconf 88' lang='lat' dir='ltr'>subversione</span> 
     </span>
     <span class='ocr_line' id='line_1_41' title="bbox 992 1863 1759 1900; baseline 0.004 -8"><span class='ocrx_word' id='word_1_448' title='bbox 992 1863 1163 1893; x_wconf 86' lang='lat' dir='ltr'>voluntatis</span> <span class='ocrx_word' id='word_1_449' title='bbox 1182 1863 1424 1900; x_wconf 83' lang='lat' dir='ltr'>damnatorum;</span> <span class='ocrx_word' id='word_1_450' title='bbox 1449 1864 1586 1894; x_wconf 89' lang='lat' dir='ltr'>secundo</span> <span class='ocrx_word' id='word_1_451' title='bbox 1600 1865 1638 1894; x_wconf 90' lang='lat' dir='ltr'>de</span> <span class='ocrx_word' id='word_1_452' title='bbox 1657 1873 1759 1895; x_wconf 83' lang='lat' dir='ltr'>excae-</span> 
     </span>
     <span class='ocr_line' id='line_1_42' title="bbox 992 1917 1762 1956; baseline 0.003 -10"><span class='ocrx_word' id='word_1_453' title='bbox 992 1917 1112 1947; x_wconf 84' lang='lat' dir='ltr'>catione</span> <span class='ocrx_word' id='word_1_454' title='bbox 1132 1917 1276 1947; x_wconf 84' lang='lat' dir='ltr'>rationis.</span> <span class='ocrx_word' id='word_1_455' title='bbox 1301 1917 1386 1947; x_wconf 79' lang='lat' dir='ltr'>Circa</span> <span class='ocrx_word' id='word_1_456' title='bbox 1411 1918 1548 1956; x_wconf 83' lang='lat' dir='ltr'>primum</span> <span class='ocrx_word' id='word_1_457' title='bbox 1570 1921 1762 1956; x_wconf 72' lang='lat' dir='ltr'>quaeruntur</span> 
     </span>
     <span class='ocr_line' id='line_1_43' title="bbox 992 1969 1762 2009; baseline 0.001 -10"><span class='ocrx_word' id='word_1_458' title='bbox 992 1969 1072 1999; x_wconf 86' lang='lat' dir='ltr'>tria:</span> <span class='ocrx_word' id='word_1_459' title='bbox 1093 1969 1195 2008; x_wconf 87' lang='lat' dir='ltr'>primo</span> <span class='ocrx_word' id='word_1_460' title='bbox 1208 1970 1363 2009; x_wconf 84' lang='lat' dir='ltr'>quaeritur</span> <span class='ocrx_word' id='word_1_461' title='bbox 1378 1972 1487 1999; x_wconf 88' lang='lat' dir='ltr'>utrum</span> <span class='ocrx_word' id='word_1_462' title='bbox 1508 1970 1648 2000; x_wconf 88' lang='lat' dir='ltr'>damuati</span> <span class='ocrx_word' id='word_1_463' title='bbox 1664 1970 1762 2001; x_wconf 88' lang='lat' dir='ltr'>velint</span> 
     </span>
     <span class='ocr_line' id='line_1_44' title="bbox 991 2022 1762 2061; baseline 0.001 -10"><span class='ocrx_word' id='word_1_464' title='bbox 991 2031 1024 2051; x_wconf 87' lang='lat' dir='ltr'>se</span> <span class='ocrx_word' id='word_1_465' title='bbox 1040 2031 1181 2061; x_wconf 84' lang='lat' dir='ltr'>peccasse</span> <span class='ocrx_word' id='word_1_466' title='bbox 1193 2033 1200 2059; x_wconf 85' lang='lat'>;</span> <span class='ocrx_word' id='word_1_467' title='bbox 1217 2022 1354 2052; x_wconf 83' lang='lat' dir='ltr'>secunda</span> <span class='ocrx_word' id='word_1_468' title='bbox 1365 2045 1374 2058; x_wconf 92' lang='lat'>,</span> <span class='ocrx_word' id='word_1_469' title='bbox 1390 2024 1500 2052; x_wconf 89' lang='lat' dir='ltr'>utrum</span> <span class='ocrx_word' id='word_1_470' title='bbox 1514 2022 1675 2053; x_wconf 87' lang='lat' dir='ltr'>voluntate</span> <span class='ocrx_word' id='word_1_471' title='bbox 1689 2023 1762 2052; x_wconf 85' lang='lat' dir='ltr'>deli-</span> 
     </span>
     <span class='ocr_line' id='line_1_45' title="bbox 991 2073 1760 2113; baseline 0.001 -11"><span class='ocrx_word' id='word_1_472' title='bbox 991 2073 1131 2103; x_wconf 78' lang='lat' dir='ltr'>berativa</span> <span class='ocrx_word' id='word_1_473' title='bbox 1155 2073 1294 2103; x_wconf 83' lang='lat' dir='ltr'>damnati</span> <span class='ocrx_word' id='word_1_474' title='bbox 1322 2073 1432 2103; x_wconf 86' lang='lat' dir='ltr'>malint</span> <span class='ocrx_word' id='word_1_475' title='bbox 1459 2082 1521 2103; x_wconf 89' lang='lat' dir='ltr'>non</span> <span class='ocrx_word' id='word_1_476' title='bbox 1549 2082 1637 2111; x_wconf 89' lang='lat' dir='ltr'>esse,</span> <span class='ocrx_word' id='word_1_477' title='bbox 1663 2083 1760 2113; x_wconf 89' lang='lat' dir='ltr'>quam</span> 
     </span>
     <span class='ocr_line' id='line_1_46' title="bbox 991 2127 1761 2164; baseline 0 -7"><span class='ocrx_word' id='word_1_478' title='bbox 991 2136 1071 2163; x_wconf 78' lang='lat' dir='ltr'>esse;</span> <span class='ocrx_word' id='word_1_479' title='bbox 1089 2128 1200 2164; x_wconf 79' lang='lat' dir='ltr'>tertio,</span> <span class='ocrx_word' id='word_1_480' title='bbox 1218 2130 1327 2157; x_wconf 84' lang='lat' dir='ltr'>utrum</span> <span class='ocrx_word' id='word_1_481' title='bbox 1342 2127 1481 2157; x_wconf 81' lang='lat' dir='ltr'>damnati</span> <span class='ocrx_word' id='word_1_482' title='bbox 1503 2127 1632 2157; x_wconf 82' lang='lat' dir='ltr'>mallent</span> <span class='ocrx_word' id='word_1_483' title='bbox 1650 2136 1761 2158; x_wconf 82' lang='lat' dir='ltr'>ornnes</span> 
     </span>
     <span class='ocr_line' id='line_1_47' title="bbox 991 2183 1758 2221; baseline 0.003 -10"><span class='ocrx_word' id='word_1_484' title='bbox 991 2191 1058 2211; x_wconf 83' lang='lat' dir='ltr'>esse</span> <span class='ocrx_word' id='word_1_485' title='bbox 1079 2183 1264 2219; x_wconf 74' lang='lat' dir='ltr'>damnatos,</span> <span class='ocrx_word' id='word_1_486' title='bbox 1288 2191 1387 2221; x_wconf 81' lang='lat' dir='ltr'>quam</span> <span class='ocrx_word' id='word_1_487' title='bbox 1402 2183 1554 2221; x_wconf 80' lang='lat' dir='ltr'>quosdam</span> <span class='ocrx_word' id='word_1_488' title='bbox 1576 2183 1758 2220; x_wconf 55' lang='lat' dir='ltr'>damnatos„</span> 
     </span>
     <span class='ocr_line' id='line_1_48' title="bbox 991 2236 1321 2275; baseline 0 -10"><span class='ocrx_word' id='word_1_489' title='bbox 991 2238 1021 2265; x_wconf 88' lang='lat' dir='ltr'>et</span> <span class='ocrx_word' id='word_1_490' title='bbox 1035 2236 1188 2275; x_wconf 79' lang='lat' dir='ltr'>quosdam</span> <span class='ocrx_word' id='word_1_491' title='bbox 1204 2236 1321 2266; x_wconf 87' lang='lat' dir='ltr'>beatos.</span> 
     </span>
    </p>
   </div>
   <div class='ocr_carea' id='block_1_7' title="bbox 1261 2343 1485 2380">
    <p class='ocr_par' dir='ltr' id='par_1_7' title="bbox 1261 2343 1485 2380">
     <span class='ocr_line' id='line_1_49' title="bbox 1261 2343 1485 2380; baseline 0.004 -7"><span class='ocrx_word' id='word_1_492' title='bbox 1261 2343 1438 2380; x_wconf 78' lang='lat' dir='ltr'>QUAEsTlo</span> <span class='ocrx_word' id='word_1_493' title='bbox 1462 2344 1485 2374; x_wconf 92' lang='lat' dir='ltr'>l.</span> 
     </span>
    </p>
   </div>
   <div class='ocr_carea' id='block_1_8' title="bbox 1133 2422 1614 2458">
    <p class='ocr_par' dir='ltr' id='par_1_8' title="bbox 1133 2422 1614 2458">
     <span class='ocr_line' id='line_1_50' title="bbox 1133 2422 1614 2458; baseline 0.002 -10"><span class='ocrx_word' id='word_1_494' title='bbox 1133 2423 1177 2448; x_wconf 78' lang='lat' dir='ltr'>An</span> <span class='ocrx_word' id='word_1_495' title='bbox 1192 2422 1315 2449; x_wconf 78' lang='lat' dir='ltr'>damnati</span> <span class='ocrx_word' id='word_1_496' title='bbox 1327 2423 1410 2450; x_wconf 74' lang='lat' dir='ltr'>velint</span> <span class='ocrx_word' id='word_1_497' title='bbox 1425 2431 1451 2450; x_wconf 74' lang='lat' dir='ltr'>se</span> <span class='ocrx_word' id='word_1_498' title='bbox 1463 2431 1584 2458; x_wconf 79' lang='lat' dir='ltr'>peccasse</span> <span class='ocrx_word' id='word_1_499' title='bbox 1594 2424 1614 2449; x_wconf 63' lang='lat'>⁴.</span> 
     </span>
    </p>
   </div>
   <div class='ocr_carea' id='block_1_9' title="bbox 990 2502 1880 2595">
    <p class='ocr_par' dir='ltr' id='par_1_9' title="bbox 990 2502 1880 2595">
     <span class='ocr_line' id='line_1_51' title="bbox 1030 2502 1880 2542; baseline 0 -10"><span class='ocrx_word' id='word_1_500' title='bbox 1030 2502 1118 2533; x_wconf 87' lang='lat' dir='ltr'>Circa</span> <span class='ocrx_word' id='word_1_501' title='bbox 1132 2511 1227 2541; x_wconf 86' lang='lat' dir='ltr'>quam</span> <span class='ocrx_word' id='word_1_502' title='bbox 1245 2503 1288 2532; x_wconf 84' lang='lat' dir='ltr'>sic</span> <span class='ocrx_word' id='word_1_503' title='bbox 1313 2503 1503 2542; x_wconf 71' lang='lat' dir='ltr'>proceditur,</span> <span class='ocrx_word' id='word_1_504' title='bbox 1529 2506 1558 2532; x_wconf 82' lang='lat' dir='ltr'>et</span> <span class='ocrx_word' id='word_1_505' title='bbox 1585 2503 1759 2533; x_wconf 86' lang='lat' dir='ltr'>ostenditur</span> <span class='ocrx_word' id='word_1_506' title='bbox 1777 2511 1810 2532; x_wconf 77' lang='lat' dir='ltr'>Ad</span> <span class='ocrx_word' id='word_1_507' title='bbox 1829 2517 1880 2538; x_wconf 78' lang='lat' dir='ltr'>opp.</span> 
     </span>
     <span class='ocr_line' id='line_1_52' title="bbox 990 2543 1807 2595; baseline 0 -10"><span class='ocrx_word' id='word_1_508' title='bbox 990 2555 1073 2594; x_wconf 85' lang='lat' dir='ltr'>quod</span> <span class='ocrx_word' id='word_1_509' title='bbox 1089 2555 1229 2585; x_wconf 85' lang='lat' dir='ltr'>damnati</span> <span class='ocrx_word' id='word_1_510' title='bbox 1247 2555 1356 2585; x_wconf 86' lang='lat' dir='ltr'>vellint</span> <span class='ocrx_word' id='word_1_511' title='bbox 1372 2565 1404 2586; x_wconf 87' lang='lat' dir='ltr'>se</span> <span class='ocrx_word' id='word_1_512' title='bbox 1422 2565 1564 2595; x_wconf 85' lang='lat' dir='ltr'>peccasse</span> <span class='ocrx_word' id='word_1_513' title='bbox 1582 2566 1588 2585; x_wconf 91' lang='lat'>:</span> <span class='ocrx_word' id='word_1_514' title='bbox 1609 2555 1685 2594; x_wconf 84' lang='lat' dir='ltr'>quia</span> <span class='ocrx_word' id='word_1_515' title='bbox 1699 2555 1761 2585; x_wconf 87' lang='lat' dir='ltr'>An-</span> <span class='ocrx_word' id='word_1_516' title='bbox 1777 2543 1807 2569; x_wconf 61' lang='grc' dir='ltr'>(Π)</span> 
     </span>
    </p>
   </div>
   <div class='ocr_carea' id='block_1_10' title="bbox 402 2562 692 2597">
    <p class='ocr_par' dir='ltr' id='par_1_10' title="bbox 402 2562 692 2597">
     <span class='ocr_line' id='line_1_53' title="bbox 402 2562 692 2597; baseline 0.003 -2"><span class='ocrx_word' id='word_1_517' title='bbox 402 2562 643 2597; x_wconf 88' lang='lat' dir='ltr'>ARTICULUS</span> <span class='ocrx_word' id='word_1_518' title='bbox 668 2564 692 2596; x_wconf 91' lang='grc' dir='ltr'>Ι.</span> 
     </span>
    </p>
   </div>
   <div class='ocr_carea' id='block_1_11' title="bbox 990 2639 1759 2704">
    <p class='ocr_par' dir='ltr' id='par_1_11' title="bbox 990 2639 1759 2704">
     <span class='ocr_line' id='line_1_54' title="bbox 1022 2639 1758 2669; baseline 0 -8"><span class='ocrx_word' id='word_1_519' title='bbox 1022 2639 1044 2662; x_wconf 87' lang='grc' dir='ltr'>Ι1</span> <span class='ocrx_word' id='word_1_520' title='bbox 1060 2639 1132 2669; x_wconf 61' lang='lat' dir='ltr'>Tim„</span> <span class='ocrx_word' id='word_1_521' title='bbox 1145 2645 1180 2668; x_wconf 72' lang='lat' dir='ltr'>vr,</span> <span class='ocrx_word' id='word_1_522' title='bbox 1195 2640 1233 2663; x_wconf 83' lang='lat'>16.</span> <span class='ocrx_word' id='word_1_523' title='bbox 1244 2652 1273 2657; x_wconf 93' lang='lat'>—</span> <span class='ocrx_word' id='word_1_524' title='bbox 1286 2640 1293 2653; x_wconf 76' lang='lat'><strong>²</strong></span> <span class='ocrx_word' id='word_1_525' title='bbox 1306 2640 1345 2663; x_wconf 54' lang='lat' dir='ltr'>Px.</span> <span class='ocrx_word' id='word_1_526' title='bbox 1361 2645 1453 2669; x_wconf 77' lang='lat' dir='ltr'>Lxxui,</span> <span class='ocrx_word' id='word_1_527' title='bbox 1467 2640 1505 2663; x_wconf 81' lang='lat'>23.</span> <span class='ocrx_word' id='word_1_528' title='bbox 1515 2652 1546 2656; x_wconf 97' lang='lat'><strong>—</strong></span> <span class='ocrx_word' id='word_1_529' title='bbox 1557 2639 1567 2655; x_wconf 78' lang='lat'>³</span> <span class='ocrx_word' id='word_1_530' title='bbox 1582 2639 1655 2669; x_wconf 62' lang='lat' dir='ltr'>Aug„</span> <span class='ocrx_word' id='word_1_531' title='bbox 1668 2639 1758 2662; x_wconf 71' lang='lat' dir='ltr'>Enarr.</span> 
     </span>
     <span class='ocr_line' id='line_1_55' title="bbox 990 2673 1759 2704; baseline 0.001 -7"><span class='ocrx_word' id='word_1_532' title='bbox 990 2675 1014 2698; x_wconf 84' lang='grc' dir='ltr'><strong><em>ιή</em></strong></span> <span class='ocrx_word' id='word_1_533' title='bbox 1030 2675 1070 2698; x_wconf 79' lang='lat' dir='ltr'>Ps.</span> <span class='ocrx_word' id='word_1_534' title='bbox 1092 2680 1166 2703; x_wconf 71' lang='lat' dir='ltr'>cvm,</span> <span class='ocrx_word' id='word_1_535' title='bbox 1187 2675 1223 2704; x_wconf 71' lang='lat'>15,</span> <span class='ocrx_word' id='word_1_536' title='bbox 1241 2682 1266 2698; x_wconf 88' lang='lat' dir='ltr'>n.</span> <span class='ocrx_word' id='word_1_537' title='bbox 1285 2676 1351 2698; x_wconf 80' lang='lat'>17.-</span> <span class='ocrx_word' id='word_1_538' title='bbox 1374 2677 1381 2688; x_wconf 81' lang='lat'><strong>⁴</strong></span> <span class='ocrx_word' id='word_1_539' title='bbox 1402 2675 1442 2704; x_wconf 76' lang='lat' dir='ltr'>Cf.</span> <span class='ocrx_word' id='word_1_540' title='bbox 1462 2676 1488 2698; x_wconf 89' lang='lat' dir='ltr'>S.</span> <span class='ocrx_word' id='word_1_541' title='bbox 1506 2674 1607 2704; x_wconf 60' lang='lat' dir='ltr'>Thom„</span> <span class='ocrx_word' id='word_1_542' title='bbox 1629 2674 1655 2697; x_wconf 90' lang='lat' dir='ltr'>in</span> <span class='ocrx_word' id='word_1_543' title='bbox 1672 2673 1759 2704; x_wconf 71' lang='lat' dir='ltr'>Suppl-</span> 
     </span>
    </p>
   </div>
   <div class='ocr_carea' id='block_1_12' title="bbox 1021 2720 1632 2752">
    <p class='ocr_par' dir='ltr' id='par_1_12' title="bbox 1021 2720 1632 2752">
     <span class='ocr_line' id='line_1_56' title="bbox 1021 2720 1632 2752; baseline -0.002 -7"><span class='ocrx_word' id='word_1_544' title='bbox 1021 2722 1056 2752; x_wconf 77' lang='lat' dir='ltr'>(a)</span> <span class='ocrx_word' id='word_1_545' title='bbox 1069 2721 1128 2745; x_wconf 86' lang='lat' dir='ltr'>Loco</span> <span class='ocrx_word' id='word_1_546' title='bbox 1141 2721 1215 2751; x_wconf 69' lang='lat' dir='ltr'>liujus</span> <span class='ocrx_word' id='word_1_547' title='bbox 1228 2721 1266 2745; x_wconf 80' lang='lat' dir='ltr'>Ad</span> <span class='ocrx_word' id='word_1_548' title='bbox 1276 2728 1347 2752; x_wconf 65' lang='lat' dir='ltr'>opp„</span> <span class='ocrx_word' id='word_1_549' title='bbox 1362 2720 1423 2745; x_wconf 79' lang='lat' dir='ltr'>Coet.</span> <span class='ocrx_word' id='word_1_550' title='bbox 1434 2720 1494 2744; x_wconf 73' lang='lat' dir='ltr'>edit.</span> <span class='ocrx_word' id='word_1_551' title='bbox 1509 2720 1632 2744; x_wconf 78' lang='lat' dir='ltr'>Fundam.</span> 
     </span>
    </p>
   </div>
   <div class='ocr_carea' id='block_1_13' title="bbox 165 2655 933 2751">
    <p class='ocr_par' dir='ltr' id='par_1_13' title="bbox 165 2655 933 2751">
     <span class='ocr_line' id='line_1_57' title="bbox 205 2655 933 2697; baseline 0.004 -12"><span class='ocrx_word' id='word_1_552' title='bbox 205 2656 252 2686; x_wconf 88' lang='lat' dir='ltr'>Ad</span> <span class='ocrx_word' id='word_1_553' title='bbox 263 2655 505 2694; x_wconf 79' lang='lat' dir='ltr'>intelligentiam</span> <span class='ocrx_word' id='word_1_554' title='bbox 517 2657 613 2696; x_wconf 87' lang='lat' dir='ltr'>hujus</span> <span class='ocrx_word' id='word_1_555' title='bbox 629 2658 741 2697; x_wconf 87' lang='lat' dir='ltr'>partis,</span> <span class='ocrx_word' id='word_1_556' title='bbox 758 2658 933 2688; x_wconf 84' lang='lat' dir='ltr'>secundum</span> 
     </span>
     <span class='ocr_line' id='line_1_58' title="bbox 165 2708 932 2751; baseline 0.004 -12"><span class='ocrx_word' id='word_1_557' title='bbox 165 2708 229 2739; x_wconf 90' lang='lat' dir='ltr'>duo</span> <span class='ocrx_word' id='word_1_558' title='bbox 243 2717 316 2748; x_wconf 81' lang='lat' dir='ltr'>quae</span> <span class='ocrx_word' id='word_1_559' title='bbox 329 2709 433 2749; x_wconf 85' lang='lat' dir='ltr'>tangit</span> <span class='ocrx_word' id='word_1_560' title='bbox 453 2709 614 2749; x_wconf 82' lang='lat' dir='ltr'>Magister,</span> <span class='ocrx_word' id='word_1_561' title='bbox 637 2711 700 2741; x_wconf 87' lang='lat' dir='ltr'>duo</span> <span class='ocrx_word' id='word_1_562' title='bbox 717 2711 932 2751; x_wconf 81' lang='lat' dir='ltr'>principaliter</span> 
     </span>
    </p>
   </div>
  </div>
 </body>
</html>
