1991 3006
46 2409 77 2428 Ad
97 2415 145 2434 opp.

622 161 718 193 DIST.
739 161 871 194 XXVIII.
896 163 986 196 ART.
1010 164 1032 195 1.
1057 164 1236 202 QUAESTIO
1259 166 1309 196 ΙΙΙ.

173 227 239 258 sive
253 229 498 268 conJ'unctionis;
522 228 591 259 ideo
609 229 769 259 constituit
791 229 942 259 Dominus

173 281 424 320 conjunctionem
449 282 543 312 talem
565 281 603 312 ad
623 283 874 321 perpetuitatem.
904 282 941 312 Et

172 333 247 364 huic
255 334 349 364 etiam
360 335 508 374 competit
518 335 672 365 dictamen
682 336 763 374 juris
773 336 937 372 naturalis,

171 388 247 427 quia
261 389 310 419 vir
326 392 424 428 potest
440 389 531 419 uxori
546 389 619 419 dare
635 389 818 429 simpliciter
837 393 937 429 potes-

171 442 265 471 tatem
282 442 330 472 sui
346 442 504 481 corporis;
520 444 550 471 et
562 442 632 472 ideo
643 443 666 472 si
681 451 854 473 consensus
868 451 938 473 con-

171 496 260 524 sonat
281 495 488 532 inststutioni,
513 504 640 525 necesse
666 498 711 525 est
732 496 817 534 quod
841 496 880 525 sit
899 496 937 525 ad

169 555 263 577 omne
285 548 429 586 tempus;
456 547 596 587 alioquin
622 557 716 578 causa
739 548 937 587 particularis

169 607 232 629 non
257 599 426 629 concordat
439 600 628 636 universali,
650 603 680 630 et
701 600 770 630 ideo
789 600 869 630 nihil
883 601 933 637 fit,

168 660 225 682 nec
246 653 400 683 consentit
427 653 460 683 in
480 653 574 683 talem
592 655 628 683 ut
650 653 681 683 in
704 662 856 688 uxorem,
882 652 935 682 sed

168 705 270 743 potius
299 707 335 736 ut
362 706 396 736 in
417 706 639 736 concubinam.
668 705 705 736 Et
728 705 934 736 concedendae

167 759 241 787 sunt
262 758 399 788 rationes
415 758 455 788 ad
470 759 546 796 hoc,
565 759 638 798 quia
659 759 691 788 in
707 759 808 789 forma
823 759 935 789 verbo-

167 818 239 840 rum
251 810 430 850 implicatur
445 812 576 851 aliquid⁷
593 812 677 851 quod
692 815 738 842 est
746 815 856 842 contra
870 821 934 842 ma-

167 862 307 893 trimonii
323 864 543 894 substantiam.

207 918 236 946 1.
253 916 300 946 Ad
320 916 396 946 illud
416 926 493 955 ergo
509 917 592 956 quod
608 917 767 957 objicitur,
790 919 875 957 quod
891 918 932 947 si-

166 971 219 998 cut
233 977 265 999 se
282 969 376 1000 habet
389 970 587 1009 simpliciter,
610 972 668 999 etc.
686 970 742 1009 (a);
765 970 931 1000 (licendum

165 1021 249 1060 quod
265 1021 323 1052 hoc
338 1031 451 1052 verum
466 1025 531 1059 est,
552 1023 605 1052 ubi
621 1022 776 1061 contingit
792 1023 932 1062 reperire

164 1074 338 1104 secundum
368 1075 443 1114 quid
471 1076 503 1105 in
542 1079 674 1115 utroque
700 1079 928 1106 extremorum.

164 1126 223 1158 Sed
236 1129 475 1160 matrimonium
486 1131 573 1161 nullo
590 1131 682 1161 modo
695 1134 741 1161 est
755 1132 930 1162 secundum

163 1184 290 1222 tempus
306 1194 312 1213 t
330 1186 360 1214 et
375 1184 445 1214 ideo
461 1193 524 1214 non
541 1184 622 1214 valet
636 1184 724 1214 illud.

202 1237 232 1266 Ξ.
258 1236 305 1267 Ad
326 1237 402 1267 illud
426 1238 510 1277 quod
529 1238 676 1277 objicitur
700 1237 738 1267 (le
759 1238 929 1274 servituto,

163 1288 330 1319 dicendum
349 1290 433 1329 quod
456 1300 517 1320 non
538 1293 584 1320 est
600 1290 716 1327 simile,
744 1291 819 1328 qnia
833 1290 930 1320 servi-

163 1341 239 1372 tutis
256 1341 291 1381 (b)
308 1342 474 1373 vinculum
489 1345 589 1382 potest
608 1352 674 1373 esse
690 1343 863 1382 temporale
874 1367 881 1380 ‚
902 1345 932 1373 et

164 1397 351 1434 perpetuum
369 1406 376 1432 ;
407 1395 459 1426 secl
485 1395 723 1426 matrimonium
750 1398 796 1426 est
818 1406 929 1435 perpe-

163 1449 266 1478 tuum.

202 1502 230 1530 3.
248 1500 294 1530 Ad
310 1499 387 1530 illud
409 1501 493 1540 quod
509 1501 666 1540 objicitur,
691 1502 775 1541 quod
796 1506 930 1542 potestas

161 1553 301 1592 corporis
326 1555 425 1592 potest
449 1553 516 1584 dari
540 1554 578 1584 ad
599 1557 738 1593 tempus,
763 1555 930 1586 dicendum

163 1606 248 1645 quod
261 1615 324 1636 non
343 1608 443 1645 potest
457 1606 523 1637 dari
539 1607 578 1637 ad
600 1610 724 1646 tempus
736 1632 743 1643 ‚
765 1608 823 1637 nisi
840 1609 931 1639 detur

162 1658 362 1698 simpliciter:
379 1661 409 1689 et
424 1661 468 1689 est
482 1659 600 1695 simile,
619 1660 693 1699 quia
710 1660 790 1691 Deus
805 1670 868 1691 non
884 1671 929 1692 ac-

162 1713 264 1750 ceptat
278 1711 393 1741 bonam
410 1711 610 1742 voluntatem
627 1712 677 1742 vel
692 1714 856 1743 servitium
872 1714 928 1744 ali-

163 1765 263 1803 cujus,
275 1765 337 1794 nisi
352 1765 427 1795 velit
437 1765 484 1795 vel
497 1769 651 1805 proponat
661 1775 784 1805 semper
796 1767 856 1796 sibi
869 1777 931 1798 ser—

165 1817 242 1847 vire.

203 1872 232 1900 4.
248 1870 296 1900 Ad
312 1870 388 1900 illud
403 1870 486 1909 quod
502 1871 660 1909 objicitur,
679 1872 760 1910 quod
781 1872 931 1903 Dominus

168 1931 232 1952 non
243 1922 351 1952 debuit
363 1922 538 1960 instituere,
551 1923 718 1954 dicendum
729 1925 813 1964 quod
828 1925 860 1955 in
875 1925 932 1956 hu-

161 1977 216 2014 Jus
228 1975 416 2005 sacramenti
428 1976 623 2007 institutIone
633 1978 738 2016 magis
749 1979 932 2017 congruitas

166 2028 197 2057 in
213 2027 385 2065 signando,
402 2030 431 2057 et
446 2029 630 2066 necessitas,
647 2039 743 2067 quam
760 2030 844 2061 alius]
861 2041 932 2063 con-

164 2080 318 2110 sideratur
336 2089 351 2109 :-
361 2081 391 2109 et
413 2080 481 2110 haec
501 2081 637 2120 exigunt
654 2082 758 2121 ipsum
778 2092 845 2114 esse
860 2094 931 2123 per-

164 2135 307 2172 petuum.

419 2225 597 2262 QUAESTIO
620 2226 672 2257 ΙΙΙ.

165 2310 210 2336 An
226 2317 360 2338 consensus
375 2312 575 2339 conditionatus
589 2313 679 2345 faciat
698 2315 897 2341 matrimonium
915 2321 929 2342 ¹.

204 2393 313 2425 Utrum
331 2405 504 2427 consensus
514 2397 746 2428 conditionatus
761 2399 851 2430 faciat
869 2410 932 2442 ma:

163 2447 367 2487 trimonium,
388 2451 425 2479 ut
443 2461 448 2480 :
480 2462 493 2478 α
510 2450 636 2489 Accipio
652 2453 681 2480 tn.
704 2451 736 2481 in
756 2461 880 2491 meam,
905 2455 931 2484 si

194 2509 202 2524 ¹
217 2508 256 2538 Cs-
272 2510 298 2533 S.
318 2510 419 2540 Thom.‚
435 2511 462 2535 in
481 2511 568 2542 Suppt.
588 2518 613 2541 p.
638 2512 678 2542 ill,
697 2519 722 2543 q.
740 2519 821 2545 xnvrr,
839 2518 886 2539 art.
901 2519 930 2547 :¹35

162 2543 352 2575 Richardus,1v
365 2545 444 2576 Sent„
455 2546 512 2570 dist.
526 2552 620 2576 xxviii,
631 2554 656 2578 q.
669 2553 713 2578 ¹1¹5
726 2549 813 2580 Steph.
828 2551 931 2581 Brutef.,

165 2578 195 2601 tv
223 2579 301 2607 Sem..
324 2580 381 2604 dist.
405 2586 504 2611 xxviii,
530 2588 554 2612 q.
581 2588 626 2611 1113
652 2583 740 2607 Petrus
766 2585 795 2608 de
819 2587 931 2613 Tarum..

161 2612 193 2636 {V
212 2613 291 2643 Seni„
305 2614 363 2639 dist.
378 2621 469 2645 xxviii,
484 2623 510 2647 q.
527 2622 550 2639 v.

283 2666 356 2689 Tou.
380 2668 423 2690 Vl·

1707 173 1759 201 241

997 232 1119 261 (testeris
1134 232 1213 261 mibi
1228 237 1354 262 centum
1375 233 1491 270 libras;
1507 244 1522 261 »
1552 235 1582 264 et
1596 235 1681 274 quod
1700 236 1743 266 sic
1754 260 1761 273 ,

995 284 1155 314 vidcturl.
1169 294 1226 324 per
1235 285 1337 316 simile
1350 287 1440 325 :quia
1452 290 1560 317 votum
1568 287 1761 319 conditiona-

996 339 1063 366 tum
1077 340 1184 367 votum
1201 341 1246 367 est
1262 348 1269 367 z
1287 348 1365 377 ergo
1381 339 1525 370 similiter
1542 341 1665 371 videtur
1680 343 1763 380 quod

993 398 1164 420 consensus
1175 391 1406 421 conditionatus
1417 393 1456 421 sit
1466 401 1646 430 consensu5‚
1664 396 1694 424 et
1707 404 1762 433 per

993 451 1190 482 consequens
1206 443 1446 473 matrimonium
1462 445 1567 475 elficit.

1033 497 1061 524 2.
1082 494 1157 525 item
1173 495 1287 534 aliquis
1302 497 1499 526 consentiens
1522 498 1553 527 in
1568 499 1705 538 aliquam
1721 509 1761 530 ex

992 555 1046 585 spe
1066 548 1209 586 pecuniae
1233 548 1405 582 habendae.
1422 550 1662 582 matrimonium
1684 561 1758 583 con-

992 599 1087 629 trahit
1105 611 1110 629 :
1128 609 1203 638 ergo
1218 600 1244 630 si
1261 609 1434 630 consensus
1449 601 1517 631 talis
1531 605 1680 642 competit
1695 614 1760 635 ma-

991 654 1155 691 trimonio,
1180 664 1257 693 ergo
1280 655 1378 694 ipsius
1393 657 1555 695 expressio
1576 667 1638 688 non
1663 668 1759 699 repu-

990 708 1069 744 gnat
1080 716 1087 736 ε
1100 715 1190 744 ergo,
1203 707 1227 736 si
1237 707 1319 737 dicat
1331 718 1337 737 ε
1347 719 1360 734 (ι
1370 708 1546 747 Consentio,
1559 710 1583 739 si
1595 710 1726 749 dederis,
1738 724 1752 740 »

989 761 1087 797 patet⁷
1106 762 1163 789 etc.

1029 813 1056 841 3.
1076 812 1173 850 Item,
1193 813 1320 852 quando
1340 814 1453 853 aliquis
1469 816 1623 854 promittit
1637 817 1755 856 aliquid

988 864 1046 893 sub
1061 865 1237 895 conditione
1249 889 1256 900 ,
1274 866 1299 894 si
1315 868 1374 896 stet
1389 867 1540 905 conditio,
1557 871 1617 898 stat
1632 869 1756 909 obliga-

988 916 1032 946 tio
1047 920 1076 946 et
1093 918 1259 955 promissio
1274 929 1280 947 :
1299 920 1351 949 sed
1368 919 1514 957 possibile
1527 925 1573 951 est
1587 924 1669 952 stare
1685 932 1756 953 con-

987 970 1136 1000 ditionem
1155 982 1161 1000 ;
1180 980 1257 1009 ergo
1272 974 1302 1001 et
1318 981 1522 1011 consensum,
1540 976 1570 1004 et
1587 975 1754 1014 obligatio-

988 1032 1061 1052 nem
1073 1047 1082 1060 ,
1100 1026 1130 1053 et
1145 1025 1394 1056 matrimonium.

1028 1076 1161 1106 Contra:
1177 1077 1251 1107 Plus
1266 1088 1299 1108 sc
1312 1079 1434 1118 obligat
1450 1081 1505 1120 qui
1519 1082 1704 1121 simpliciter
1717 1084 1756 1115 de,

987 1130 1093 1159 futuro
1109 1131 1282 1169 promittit,
1301 1142 1397 1171 quam
1414 1134 1467 1172 qui
1483 1134 1541 1163 sub
1556 1135 1754 1174 conditione3

986 1190 1060 1214 nam
1080 1183 1182 1220 prima
1196 1186 1242 1213 est
1263 1184 1415 1222 obligatio
1432 1186 1624 1225 simpliciter,
1644 1197 1758 1219 secun-

987 1236 1027 1266 da
1050 1245 1126 1267 vero
1148 1246 1211 1267 non
1230 1249 1236 1267 :
1254 1239 1307 1268 scd
1331 1248 1503 1270 consensus
1527 1250 1582 1280 per
1604 1242 1700 1272 verba
1720 1243 1758 1274 de

987 1288 1094 1319 futuro
1113 1298 1281 1329 expressus
1299 1300 1361 1321 uon
1388 1292 1459 1322 facit
1484 1294 1723 1326 matrimonium
1749 1307 1755 1325 :

987 1349 1083 1379 crgo,
1101 1344 1159 1372 etc.

1028 1394 1104 1424 Item
1120 1398 1188 1434 post
1203 1406 1392 1427 consensuro
1408 1398 1515 1435 istum,
1531 1401 1586 1428 aut
1600 1401 1647 1429 est
1661 1409 1755 1438 uxor,

987 1449 1039 1476 aut
1057 1456 1120 1477 non
1138 1459 1144 1477 ε
1163 1449 1187 1477 si
1205 1459 1297 1485 uxor,
1315 1450 1368 1480 sed
1384 1451 1531 1488 por-sibile
1546 1454 1592 1481 cst
1606 1448 1757 1484 conditio-

987 1508 1059 1528 nem
1074 1509 1137 1530 non
1152 1503 1233 1530 stare
1245 1525 1253 1538 ,
1271 1504 1300 1531 et
1317 1511 1380 1532 non
1397 1507 1595 1533 consenserat
1612 1505 1757 1544 simpIIci-

986 1554 1044 1587 ter,
1062 1553 1115 1582 sed
1137 1554 1196 1583 sub
1212 1555 1390 1585 conditione
1409 1566 1414 1585 :
1433 1565 1510 1594 ergo
1535 1559 1580 1587 est
1596 1567 1677 1588 uxor
1691 1559 1758 1589 sine

987 1614 1154 1636 consensu.
1183 1608 1213 1636 Si
1242 1608 1276 1646 (c)
1303 1616 1367 1637 non
1390 1612 1437 1638 est
1460 1618 1562 1647 uxor,
1588 1619 1666 1648 ergo
1688 1611 1758 1641 talis

987 1667 1156 1689 consensus
1172 1669 1235 1689 non
1251 1660 1344 1690 officit
1361 1662 1612 1692 matrimonium.

1029 1711 1105 1741 Item
1138 1712 1374 1743 matrimonium
1403 1716 1449 1743 est
1477 1714 1640 1745 vinculum
1671 1716 1758 1747 nullo

988 1764 1081 1794 modo
1095 1764 1226 1795 solubile
1241 1776 1247 1795 :
1262 1766 1316 1796 sed
1331 1766 1434 1797 omnis
1449 1767 1611 1806 obligatio,
1628 1770 1677 1799 vel
1689 1779 1759 1809 pac-

987 1817 1047 1854 tio,
1065 1818 1123 1847 sub
1138 1818 1316 1848 conditione
1331 1819 1430 1856 facta,
1458 1822 1504 1850 est
1519 1821 1662 1851 solubilis
1679 1833 1684 1851 z
1703 1831 1757 1852 er-

987 1878 1046 1907 go,
1063 1872 1121 1899 etc⁴

1264 1936 1487 1968 CONCLUSIO.

990 2014 1132 2041 Consensus
1160 2016 1192 2041 de
1218 2017 1309 2048 futuro
1338 2018 1384 2043 sub
1412 2018 1561 2045 conditione
1580 2028 1631 2054 per
1656 2021 1758 2048 modum

1021 2066 1117 2092 poenoe,
1134 2062 1182 2085 aut
1194 2067 1245 2093 per
1258 2059 1362 2086 modum
1377 2064 1536 2093 contractus,
1551 2064 1597 2090 sed
1610 2065 1756 2098 inhonesta,

1025 2104 1048 2128 et
1063 2105 1154 2128 contra
1162 2103 1342 2130 substanttam
1351 2107 1528 2140 matrimonii,
1536 2115 1587 2133 71072
1595 2109 1667 2140 facit
1675 2117 1758 2143 spon—-

1023 2147 1111 2177 sulm,-
1134 2147 1204 2179 facit
1221 2150 1306 2174 autem
1326 2149 1391 2179 illa,
1407 2151 1431 2175 st
1451 2150 1566 2177 conditio
1581 2154 1619 2178 sit
1638 2153 1757 2184 honesta,

1024 2190 1064 2216 vel
1079 2192 1157 2217 ettam
1173 2191 1321 2225 inhonesta,
1331 2193 1405 2219 modo
1416 2201 1467 2220 non
1479 2198 1571 2222 contra
1578 2196 1760 2223 substantiam

1025 2236 1202 2261 matrimonii.
1231 2236 1374 2263 Consensus
1396 2238 1426 2263 (Ie
1444 2241 1572 2272 proescntt‘
1591 2248 1648 2266 cum
1669 2241 1759 2267 condi—

1026 2280 1095 2304 tione
1118 2281 1275 2313 proetcrtta,
1298 2283 1343 2306 aut
1363 2283 1505 2315 proescnti,
1529 2284 1597 2315 facit
1621 2286 1759 2311 matrimo-

1025 2324 1119 2356 nium5
1135 2330 1187 2349 ηοη
1201 2326 1291 2350 autem
1306 2332 1362 2351 cum
1377 2325 1481 2360 futura.

1030 2402 1120 2441 Hesp.
1139 2403 1177 2432 ad
1193 2413 1263 2444 arg.
1284 2404 1456 2435 Dicendum
1471 2409 1518 2436 est
1531 2408 1616 2446 quod
1631 2416 1760 2438 consen·

989 2465 1042 2485 sus
1058 2455 1290 2486 conditionatus
1302 2481 1309 2494 ‚
1328 2457 1352 2486 si
1369 2459 1422 2488 ssat
1438 2468 1493 2498 per
1507 2459 1605 2489 verba
1620 2459 1658 2490 de
1671 2460 1759 2491 futu-

989 2516 1036 2545 ro,
1052 2507 1185 2546 juaicari
1203 2508 1308 2546 habet,
1326 2509 1407 2540 sicut
1423 2514 1454 2541 et
1468 2520 1639 2542 consensus
1655 2512 1692 2542 de
1706 2512 1759 2542 fu-

1020 2587 1052 2617 (u)
1061 2585 1120 2610 Coet.
1133 2586 1191 2611 edit.
1204 2586 1271 2611 deest
1281 2590 1340 2618 eto,
1351 2591 1374 2613 et
1387 2590 1422 2613 sic
1432 2591 1524 2620 passim
1534 2591 1642 2614 alias.-
1650 2589 1683 2618 (bt
1694 2590 1753 2613 Coel.

990 2621 1052 2645 emt.
1072 2622 1189 2645 servitus.
1207 2634 1237 2640 —
1256 2624 1284 2652 tc]
1300 2624 1361 2646 Item
1377 2625 1436 2648 sed.

1603 2670 1640 2697 16

1772 1084 1877 1106 Fundam.
