1991 3006
94 527 191 553 Improb.

91 890 156 918 Opin.
176 893 195 912 2.

90 1260 191 1287 Improb-

91 1790 154 1816 Opin.
175 1792 195 1811 3.

101 1827 147 1847 quae
155 1824 187 1841 cst

112 1852 172 1873 Dect.

583 231 678 263 DIST.
702 232 804 264 XLIX.
829 231 941 264 PART.
969 232 991 263 1.
1015 231 1103 262 ART.
1131 231 1150 261 Ι.
1175 230 1326 268 QUAEST.
1351 232 1401 264 IV.

215 303 358 334 stantiale
368 304 507 339 tantum;
522 301 659 331 secundo
668 300 773 337 modo,
785 299 983 330 accidentale.

215 356 321 387 Primo
336 357 429 387 modo
448 357 494 386 est
514 356 639 385 tantum
658 354 690 383 in
707 353 827 390 anima;
849 352 985 382 seeundo

214 409 307 439 modo
328 411 374 439 est
388 409 422 439 in
441 408 563 444 anima,
579 408 610 437 et
625 415 769 446 corpore,
788 407 818 435 et
832 407 896 434 toto
911 414 986 434 eon-

210 464 335 502 juncto.
365 462 403 492 Et
424 471 480 501 per
504 461 564 490 hoc
590 460 760 490 solvuntur
783 458 920 488 rationes
947 458 985 487 ad

214 517 319 554 partes
334 514 502 554 oppositas.
524 513 585 543 Sed
604 513 663 542 ista
683 511 797 542 solutio
816 520 880 541 non
897 510 984 540 vide-

213 570 266 598 tur
294 567 500 603 conveniens,
528 565 694 605 quoniam,
722 565 801 595 sieut
825 563 899 594 dicit
920 564 984 593 Au-

212 621 380 659 gustinus¹
402 631 409 650 τ
432 631 446 648 «
470 618 561 648 Beate
585 618 692 648 vivere
717 620 764 647 est
786 617 877 647 bonis
903 617 986 647 veris

213 673 369 712 certisque
387 671 589 710 congaudere
608 680 615 700 z
634 683 648 698 υ
665 670 718 700 sed
736 671 767 700 et
786 669 884 706 dolor,
906 669 986 699 sicut

212 726 300 764 dicit,
325 727 371 756 est
393 725 492 764 ipsius
516 725 632 754 animae
653 735 659 754 :
682 732 757 762 ergo
779 725 809 753 et
832 722 985 761 gaudium

212 779 417 810 beatitudinis
435 780 481 808 est
499 778 533 807 in
556 777 663 807 anima
683 777 762 807 sieut
780 777 813 806 in
833 776 985 815 subjecto,

213 831 280 862 sive
293 832 333 862 sit
347 832 385 862 de
396 832 478 862 bono
492 831 643 868 increato,
660 830 746 870 quod
756 831 802 860 est
814 829 904 867 Deus,
919 829 985 859 sive

212 885 249 915 de
275 885 366 915 bonis
392 885 544 924 corporis.
570 884 642 915 Ideo
669 884 778 914 dieunt
800 883 854 913 alii
877 883 983 920 aliter,

211 938 292 978 quod
305 938 461 977 gaudium
469 938 563 968 etiam
575 936 775 974 accidentale,
786 938 815 966 et
825 936 985 966 beatitudo

211 993 410 1023 accidentalis
429 995 475 1023 est
496 993 529 1022 iu
548 992 655 1022 anima
673 991 753 1022 sicut
776 991 809 1020 in
831 991 983 1029 subjecto,

211 1046 265 1076 sed
280 1045 377 1084 hujus
393 1045 502 1084 gaudii
520 1044 652 1074 materia
667 1046 712 1073 est
730 1044 763 1073 in
783 1052 913 1082 corpore
932 1044 983 1081 (a),

210 1098 286 1137 quia
308 1098 427 1137 gaudet
451 1097 558 1127 anima
583 1097 620 1127 de
643 1096 735 1127 bonis
756 1096 896 1135 corporis
921 1107 927 1126 ι
955 1098 986 1125 θῖ

210 1151 280 1181 ideo
304 1150 464 1181 beatitudo
488 1159 553 1180 non
573 1152 619 1180 est
643 1150 675 1179 in
696 1158 825 1188 corpore
849 1150 930 1179 sicut
952 1150 984 1179 in

210 1206 362 1244 subjecto,
376 1205 430 1236 sed
443 1205 523 1235 sicut
537 1205 569 1234 in
582 1204 714 1234 materIa
729 1206 759 1234 et
772 1204 903 1242 objecto,
920 1213 983 1233 non

210 1258 376 1297 principali
395 1260 512 1288 tamen.
537 1257 596 1287 Sed
616 1257 698 1287 istud
718 1266 782 1287 non
804 1256 918 1286 sufficit
936 1256 982 1286 di-

210 1320 293 1348 cere.
319 1312 394 1350 quia
418 1311 561 1341 similiter
586 1310 717 1341 materia
742 1310 852 1348 gaudii
879 1312 925 1339 est
951 1310 984 1340 in

210 1364 359 1394 omnibus
378 1364 530 1395 creaturis
550 1363 786 1393 remanentibus
808 1365 879 1402 post
895 1363 982 1401 jndi-

210 1417 296 1448 cium
313 1427 319 1446 :
337 1426 415 1456 ergo
433 1426 497 1447 non
518 1417 624 1456 magis
640 1416 795 1447 diceretur
809 1417 984 1447 secundum

209 1470 269 1500 hoc
286 1479 401 1509 corpus
421 1472 564 1500 nostrum
585 1470 772 1506 beatificari,
797 1479 892 1509 quam
915 1470 984 1500 alize

209 1525 363 1553 creaturae
380 1532 387 1553 :
404 1523 489 1562 quod
509 1532 573 1553 non
594 1525 641 1553 est
661 1523 852 1553 conveniens
869 1523 981 1554 dicere.

209 1575 243 1606 Si
264 1579 299 1606 tu
317 1576 401 1606 dicas
421 1575 505 1615 quod
522 1576 627 1615 magis
647 1578 776 1615 propter
797 1576 875 1611 hoc,
899 1577 983 1616 quod

209 1628 303 1659 habet
317 1629 511 1659 conditiones
526 1629 709 1667 nobiliore53
731 1629 791 1659 hoc
805 1638 868 1659 non
884 1630 980 1667 valet,

209 1682 285 1721 quia
303 1682 446 1712 similiter
467 1692 580 1721 corpus
594 1683 672 1713 Solis
685 1683 812 1713 easdem
828 1683 982 1714 conditio-

210 1744 281 1772 nes⁷
300 1745 378 1776 quas
393 1744 506 1775 corpus
522 1737 681 1770 nostrum,
698 1735 838 1765 habebit.
860 1735 896 1765 Et
913 1736 983 1766 ideo

210 1788 376 1819 dicendum
401 1789 507 1826 aliter,
533 1789 616 1828 quod
639 1788 821 1825 beatitudo,
846 1797 918 1818 cum
946 1788 984 1818 sit.

210 1842 364 1881 gaudium
377 1842 414 1872 de
426 1841 526 1879 bonis,
544 1844 589 1871 est
606 1841 638 1871 in
652 1841 757 1880 aliquo
771 1841 852 1871 sicut
868 1841 900 1870 in
912 1842 982 1871 sub-

206 1896 289 1934 Jecto
299 1895 401 1934 primo
413 1904 468 1934 per
478 1894 712 1931 inhaerentiam,
725 1894 809 1924 etsie
820 1894 887 1924 dieo
898 1895 983 1934 quod

210 1949 256 1977 θεῖ
274 1947 307 1977 in
329 1947 392 1977 sola
413 1947 535 1986 anima3
558 1949 588 1977 et
610 1949 656 1977 θεῖ
676 1947 708 1977 in
723 1947 829 1986 aliquo
848 1947 928 1977 sicut
951 1947 982 1977 in

210 2002 377 2040 conjuncto
400 2010 456 2040 per
479 2000 649 2040 quamdam
672 2001 930 2035 redundantiam,
954 2003 984 2030 et

210 2053 264 2090 sic,
279 2053 354 2092 quia
365 2062 479 2092 corpus
489 2056 535 2084 est
547 2054 752 2093 conjunctum
765 2054 890 2091 animae,
905 2063 984 2092 gau-

210 2106 299 2136 dium
310 2107 465 2137 redundat
476 2107 508 2137 in
519 2116 645 2142 eorpus.
658 2107 870 2138 Concedendae
883 2107 983 2145 igitur

209 2162 282 2190 sunt
297 2160 434 2191 rationes
451 2160 627 2200 probanteS,
644 2160 729 2199 quod
743 2160 904 2190 beatitudo
919 2169 982 2190 non

208 2213 248 2243 sit
266 2213 299 2243 in
320 2222 449 2253 corpore
471 2216 625 2252 tanquam
648 2214 680 2242 in
699 2213 840 2251 sanecto
860 2213 980 2251 primo3

207 2265 259 2295 sed
275 2268 381 2296 tamen
397 2268 443 2296 θεῖ
458 2266 500 2295 ibi
517 2268 643 2305 propter
656 2266 910 2305 conjunctionem
928 2275 982 2305 per

207 2318 379 2357 quamdam
397 2319 639 2349 redundantiam
655 2321 685 2349 et
699 2318 980 2358 comparticipatio-

207 2380 292 2401 nem.

248 2427 276 2454 1.
294 2425 341 2455 Ad
358 2425 436 2455 illud
458 2435 535 2465 ergo
554 2425 637 2465 quod
655 2425 815 2464 objicitur,
836 2426 919 2464 quod
942 2435 981 2456 ex

206 2477 374 2517 utriusque
386 2478 477 2508 bonis
491 2480 611 2509 constat
626 2478 797 2514 beatitudo,
814 2478 979 2508 dicendum

207 2530 291 2569 quod
306 2531 509 2569 Augustinus
529 2531 601 2561 dicit
621 2531 698 2561 illud
718 2531 890 2561 secundum
911 2532 977 2571 opi-

207 2583 337 2614 nionem
352 2583 458 2615 Tullii.

240 2664 338 2694 ¹Aug.‚
358 2663 387 2687 de
410 2664 509 2694 'la-init„
530 2664 572 2687 lib.
596 2663 666 2693 xm,
684 2670 706 2686 c.
724 2669 756 2693 v;
773 2663 802 2686 cle
821 2664 896 2687 Cic-it.
918 2665 978 2694 Dei,

207 2698 248 2723 lib.
265 2700 331 2730 XIV,
345 2706 368 2723 c.
384 2705 409 2723 νι
423 2700 448 2723 et
460 2705 509 2729 xv3
524 2699 568 2723 lib.
586 2699 616 2728 ss,
632 2706 654 2722 c.
671 2705 715 2729 1¹13
728 2699 759 2722 de
769 2698 854 2722 Genes.
868 2699 901 2722 αα
916 2699 979 2725 lm..

1755 238 1812 266 573

1079 301 1107 328 Ξ.
1134 297 1182 328 Ad
1206 297 1284 328 illud
1309 299 1393 338 quod
1417 299 1565 338 objicitur
1588 299 1626 329 de
1653 299 1731 338 Deo,
1757 302 1813 340 qui

1039 352 1139 381 factus
1153 353 1199 381 θεῖ
1217 351 1328 387 homo,
1352 354 1387 382 ut
1400 354 1503 382 totum
1525 353 1689 383 hominem
1712 354 1812 384 beati-

1040 405 1157 441 noaret,
1174 404 1343 434 dicendum
1360 406 1440 444 quod
1458 406 1500 435 ibi
1515 408 1562 436 est
1577 406 1724 445 quaedam
1738 416 1812 437 con-

1039 457 1197 496 gruentia,
1207 457 1282 496 quia
1291 458 1384 488 etiam
1393 459 1450 488 etsi
1459 467 1521 489 non
1531 462 1609 489 esset
1618 459 1811 498 incarnatus,

1040 510 1135 540 homo
1154 511 1235 540 esset
1250 510 1376 547 heatus,
1393 511 1470 542 dum
1485 514 1565 542 esset
1579 512 1759 552 redemptus
1774 513 1814 543 ad

1039 563 1195 593 visionem
1211 563 1263 594 Dei
1281 565 1425 602 perfecte.

1081 618 1109 646 3.
1123 616 1170 646 Ad
1185 616 1260 647 illud
1272 617 1354 656 quod
1368 617 1441 647 dicit
1454 618 1633 656 Anselmus,
1646 619 1812 650 dicendum

1039 670 1123 708 quod
1141 670 1300 700 beatitudo
1320 671 1457 701 continet
1478 671 1562 701 bona
1582 673 1741 712 corporisz
1760 673 1814 704 sed

1039 722 1200 753 beatitudo
1214 732 1280 753 non
1296 723 1371 753 dicit
1385 733 1452 754 esse
1468 724 1521 754 illa
1539 725 1636 763 bona⁷
1662 726 1715 757 sed
1732 735 1813 765 gau-

1041 775 1128 806 dium
1144 776 1181 806 de
1196 776 1258 806 illis
1273 776 1373 807 bonis.

1079 831 1108 858 li.
1125 829 1172 858 Ad
1188 829 1263 859 illud
1287 830 1372 869 quod
1394 830 1540 869 objicitur
1560 831 1596 861 de
1614 832 1740 870 merito,
1763 833 1814 863 di-

1040 883 1174 913 cendum
1190 883 1274 922 quod
1287 883 1394 913 anima
1407 892 1472 913 non
1487 885 1587 923 potest
1600 885 1713 915 mereri
1725 888 1814 916 extra

1040 945 1171 975 coerS,
1196 945 1261 966 non
1282 938 1409 976 propter
1423 937 1578 967 defectum
1593 938 1737 976 virtutis,
1761 939 1813 969 sel

1040 991 1167 1028 propter
1182 989 1337 1019 defectum
1353 992 1461 1027 status,
1478 993 1508 1020 et
1521 992 1646 1030 tempus
1660 992 1811 1022 merend‘.

1081 1044 1110 1071 5.
1132 1041 1179 1072 Ad
1200 1042 1277 1072 illud
1295 1043 1379 1081 quod
1400 1043 1557 1083 obiicitur,
1582 1045 1666 1084 quod
1688 1046 1814 1076 miseria

1041 1098 1087 1125 est
1103 1104 1143 1125 ex
1162 1097 1248 1134 parte
1264 1097 1418 1136 corporis,
1435 1097 1602 1128 dicendum
1617 1099 1701 1137 quod
1717 1099 1814 1130 mise-

1039 1148 1085 1178 ria
1102 1149 1273 1187 subjective
1288 1151 1318 1179 et
1337 1150 1462 1189 proprie
1477 1153 1523 1180 est
1540 1151 1573 1180 iu
1588 1154 1703 1182 natura
1718 1153 1814 1183 ratio-

1039 1202 1119 1239 nali3
1138 1203 1189 1232 sed
1202 1203 1405 1233 materialiter
1417 1206 1517 1243 potest
1532 1214 1598 1235 esse.
1614 1206 1734 1236 ratione
1747 1216 1813 1236 cor-

1039 1255 1123 1294 poris
1134 1279 1142 1292 ,
1174 1256 1253 1285 sicut
1278 1256 1352 1286 dicit
1380 1256 1580 1295 Augustinus
1609 1258 1641 1288 in
1668 1259 1748 1290 libro
1776 1260 1814 1291 de

1041 1308 1178 1340 Civitate
1194 1309 1251 1340 Dei
1268 1310 1290 1339 2.

1080 1364 1109 1391 6.
1134 1362 1178 1392 Ad
1202 1362 1288 1393 aliud
1311 1364 1394 1402 patet
1408 1365 1585 1403 responsio,
1603 1365 1686 1404 quod
1701 1375 1814 1406 corpus

1040 1423 1166 1444 necesse
1190 1417 1237 1445 est
1260 1424 1448 1454 resurgere,
1475 1419 1510 1446 ut
1533 1418 1586 1447 fiat
1606 1417 1735 1448 beatum
1758 1428 1814 1459 per

1040 1468 1212 1507 quamdam
1230 1469 1574 1508 comparticipationem
1590 1473 1619 1500 et
1634 1471 1813 1502 redundan-

1040 1521 1127 1550 tiam.
1146 1520 1182 1550 Et
1198 1523 1244 1551 θεῖ
1264 1521 1365 1551 simile
1380 1522 1411 1551 in
1429 1523 1549 1560 gratia,
1571 1523 1647 1563 quia
1665 1524 1690 1553 si
1710 1525 1813 1563 gratia

1039 1575 1178 1605 existens
1200 1575 1233 1605 iu
1253 1575 1359 1605 anima
1380 1577 1554 1607 secundum
1575 1578 1746 1616 potentiam
1761 1588 1810 1609 ra-

1039 1628 1188 1658 tionalem
1208 1628 1364 1658 redundat
1383 1629 1414 1658 in
1430 1630 1624 1668 sensibilem,
1642 1633 1671 1661 et
1685 1632 1812 1671 quando

1039 1680 1205 1710 abundans
1219 1683 1266 1710 est
1280 1683 1310 1711 et
1323 1681 1424 1721 ipsam
1440 1683 1630 1722 tranquillat,
1646 1687 1675 1714 et
1686 1685 1812 1724 quando

1039 1732 1201 1762 delectatio
1217 1743 1337 1772 magna
1359 1737 1404 1764 θεῖ
1421 1735 1577 1773 similiter,
1601 1737 1680 1767 sicut
1697 1737 1811 1768 dicitur

1039 1785 1072 1814 in
1094 1784 1236 1815 ΡεθΙιῃο3
1253 1795 1260 1815 :
1279 1786 1389 1817 Sz'tz'vz'c
1404 1788 1440 1817 ’ίη
1461 1790 1488 1819 te
1504 1790 1614 1820 (mima
1633 1798 1718 1826 mm,-
1740 1800 1810 1822 cum

1039 1838 1071 1868 in
1087 1839 1189 1877 gloria
1209 1840 1248 1870 sit
1269 1841 1402 1879 perfecta
1419 1842 1613 1873 abundantia
1627 1847 1657 1874 et
1675 1844 1808 1876 delecta-

1038 1891 1092 1929 tio,
1108 1901 1171 1922 non
1187 1894 1233 1922 est
1248 1893 1365 1923 mirum
1379 1894 1403 1923 si
1418 1895 1571 1926 redundat
1585 1896 1618 1926 in
1633 1906 1746 1936 eorpus
1760 1909 1766 1929 ε
1781 1900 1811 1929 et

1039 1944 1076 1975 de
1091 1944 1151 1975 hoc
1166 1954 1260 1976 nemo
1275 1946 1409 1985 dubitat,
1426 1947 1487 1978 nisi
1500 1948 1694 1989 inexpertus

1300 2062 1479 2099 QUAEsTlO
1502 2063 1552 2095 IV.

1039 2140 1083 2167 An
1099 2141 1237 2168 beatitudo
1257 2144 1293 2169 sit
1308 2144 1336 2169 z'n
1352 2145 1444 2170 anima
1458 2144 1595 2171 secundum
1614 2146 1807 2183 substantiam,

1229 2187 1270 2212 vel
1285 2188 1425 2214 secundum
1440 2190 1588 2222 potentiam
1600 2188 1619 2216 ⁴.

1079 2265 1261 2296 Secundum
1278 2267 1352 2306 quid
1370 2267 1442 2297 insit
1458 2267 1626 2307 beatitudo,
1645 2272 1753 2300 utrum
1767 2271 1807 2301 sit

1038 2319 1070 2348 in
1090 2320 1196 2349 anima
1218 2320 1319 2359 primo
1335 2321 1508 2351 secundum
1523 2322 1744 2360 substantiam,
1765 2333 1806 2354 an

1037 2373 1210 2402 secundum
1241 2373 1431 2412 poten‘iam3
1463 2377 1494 2404 et
1522 2375 1605 2414 quod
1632 2377 1805 2406 secundun]

1037 2426 1261 2463 substantiam,
1292 2427 1418 2457 videtur
1443 2438 1449 2457 ι
1476 2428 1549 2467 quia
1576 2429 1731 2458 beatitudo
1758 2431 1805 2459 est

1039 2478 1120 2516 vita3
1144 2479 1228 2508 unde
1246 2479 1446 2517 Augustinus
1465 2481 1533 2511 vult
1548 2481 1630 2520 quod
1645 2490 1712 2511 esse
1732 2482 1805 2512 hea-

1037 2550 1080 2573 lib.
1103 2551 1156 2577 ΧΗ,
1176 2557 1198 2574 c.
1224 2556 1295 2573 xxm.
1312 2563 1342 2567 —
1362 2551 1372 2566 ‘2
1392 2551 1438 2579 ld.‚
1458 2551 1488 2573 de
1509 2552 1583 2575 Civit.
1606 2551 1664 2580 Dei,
1679 2551 1721 2575 lib.
1738 2553 1802 2576 vul.

1037 2599 1065 2603 »-
1084 2586 1172 2609 ³1²sal.
1196 2592 1258 2617 an,
1279 2588 1301 2609 2.
1320 2600 1347 2603 —
1369 2587 1377 2601 ἢ
1399 2587 1437 2616 Cf.
1458 2586 1546 2616 steph.
1563 2586 1664 2617 Brulef„
1681 2587 1708 2611 lv
1727 2588 1801 2616 Sent„

1037 2622 1093 2645 dist.
1118 2628 1198 2651 xmx,
1227 2629 1251 2652 q.
1279 2628 1321 2652 1v;
1352 2623 1439 2645 Petrus
1466 2622 1496 2645 de
1526 2623 1636 2652 Terent„
1666 2622 1697 2646 lv
1726 2624 1804 2653 Seni„

1036 2657 1092 2681 dist.
1110 2664 1179 2688 xmx,
1196 2665 1220 2688 q.
1237 2663 1277 2681 111.

1068 2702 1099 2732 (α)
1116 2702 1185 2726 Edit.
1206 2702 1263 2726 Ven.
1279 2708 1395 2731 corpora.

1823 2289 1856 2309 Ad
1875 2296 1924 2316 opp.
