1960 3006
221 190 248 209 Vl

219 254 324 286 santi>-
340 252 373 283 in
392 262 488 294 (ΙΨ-υ,
506 252 563 280 otc.
585 260 590 278 ς
609 247 783 291 nequidem
806 245 949 290 praedicti
968 245 1198 288 (lunipendlose'
1219 245 1381 288 I’rinee'stc'c'
1401 249 1523 281 auctor,
1542 246 1599 289 qui
1619 245 1652 277 in
1668 245 1807 277 recitatis

220 314 360 346 textibus
378 316 462 344 totns
478 313 636 350 versatur,
653 319 837 352 yystoonyns
853 307 915 339 dici
932 310 1045 350 potest.

262 375 312 408 Ad
329 375 361 407 id
382 374 530 413 demum,
546 371 633 414 quod
655 369 822 402 novissimi
839 369 994 401 editores¹
1014 368 1139 400 addunt
1158 381 1163 400 :
1188 369 1316 400 «Nulla
1335 369 1421 412 apud
1437 369 1607 411 scriptores
1625 368 1762 410 mentio;
1781 382 1796 398 »

219 437 311 470 nullo
329 435 448 479 pariter
466 432 595 476 negotio
612 443 731 475 repono
743 457 750 471 ,
767 431 874 474 ipsum
898 431 942 462 ita
967 430 1139 462 memorari
1162 430 1195 461 in
1213 430 1363 474 pluribus
1383 430 1596 471 editionibus,
1613 442 1695 474 quas
1714 430 1798 462 inter

220 499 276 531 illa
290 495 538 539 Argentinensis
556 494 633 526 anni
655 492 818 525 millesimi
840 491 1147 535 quadringentisimi
1167 492 1368 533 nonagesimi
1385 493 1511 536 quinti,
1530 497 1627 536 atque
1646 493 1690 524 ita
1703 503 1722 524 a
1735 491 1804 524 Ma-

219 560 311 592 riano
326 557 515 590 Florentino
530 554 700 594 recenseri,
720 558 753 585 ut
768 553 858 597 apud
873 553 1021 585 cordatos
1036 554 1215 597 Scriptores
1233 554 1326 585 nulla
1340 554 1410 597 ejus
1425 554 1552 595 legatur
1567 553 1708 596 rejectio,
1725 553 1806 597 quin

220 622 284 652 imo
299 619 457 651 habeatur
470 617 557 661 apud
570 615 774 648 Ludovieum
786 614 965 647 Carbonem
975 619 985 634 ²
1002 615 1202 659 :il-»probatio
1220 615 1340 647 Crebra
1359 615 1392 647 in
1407 615 1519 648 eodem
1534 615 1642 647 citatio
1659 618 1807 646 textuum

219 683 339 715 divinae
358 680 534 723 Scriptura]
554 678 669 710 similis
694 681 740 709 est
762 677 827 717 illi,
845 688 919 721 quaz
939 678 973 709 in
993 677 1065 710 aliis
1085 677 1237 718 genuinis
1257 677 1492 709 Bonaventurae
1513 677 1615 709 nostri
1634 676 1808 720 Opusculis

219 744 398 777 invenitur.
422 741 510 773 Idem
533 740 672 772 dixerim
694 739 733 771 de
755 739 888 771 vocibus
910 738 1058 770 similiter
1080 738 1303 770 desinentibus
1326 738 1358 769 in
1382 738 1488 782 primo
1513 738 1581 781 ipso
1605 738 1710 771 initio.
1735 737 1807 770 Non

219 807 315 839 etiam
335 804 391 838 alii
414 804 448 835 in
468 802 580 835 eodem
600 801 778 833 laudantur
799 805 963 841 auctores,
981 812 1080 844 quam
1100 800 1158 844 qui
1180 800 1214 832 in
1237 799 1321 832 veris
1343 798 1503 843 Operibus
1526 799 1618 832 relati
1640 799 1807 840 videntur,

219 878 335 912 nempe
356 864 581 907 Augustinus,
604 863 739 895 Hermes
761 861 1009 904 Trismegistus,
1028 860 1195 900 Euclides,
1221 859 1374 901 Magister
1394 860 1650 894 Sententiarum.
1670 860 1808 903 Insuper

219 941 284 963 vox
299 924 614 961 circzmaeincessionis
630 924 663 955 in
680 923 740 955 hoc
762 922 927 966 Opusculo
947 921 1111 962 adhibita,
1130 921 1163 952 in
1183 920 1296 952 eodem
1315 931 1412 953 seusu
1427 921 1505 953 alibi
1521 932 1653 964 quoque
1668 932 1687 953 a
1700 924 1810 953 sancto

218 990 354 1022 Doctore
374 990 551 1030 usurpatur
563 988 573 1003 ³
590 997 596 1016 :
619 983 896 1028 quemadmodum
914 986 944 1015 et
965 982 1048 1014 illud
1063 982 1187 1014 Cantici
1202 981 1430 1014 Canticorum‘
1448 994 1455 1013 z
1475 982 1584 1027 Caput
1603 982 1672 1024 ejus
1692 994 1811 1014 aarum

219 1052 394 1096 optimum,
411 1059 448 1081 eo
463 1047 624 1091 ipsissimo
640 1057 737 1078 sensu
757 1044 827 1076 heic
846 1044 1013 1087 accipitur,
1029 1054 1094 1087 quo
1109 1043 1144 1075 in
1160 1044 1447 1077 Bonaventuriana
1461 1044 1597 1076 Postilla
1612 1055 1710 1088 super
1724 1045 1810 1077 idem

220 1113 390 1146 Canticum
402 1116 424 1152 ⁵,
443 1120 559 1153 nempe
574 1108 662 1152 quod
680 1112 779 1151 caput
798 1106 922 1139 Clu-isti
937 1105 980 1137 sit
994 1107 1090 1145 Deus,
1107 1109 1204 1149 prout
1219 1105 1297 1137 dicit
1312 1106 1488 1149 Apostolus
1506 1118 1512 1137 ε
1533 1106 1566 1138 id
1580 1106 1668 1149 quod
1683 1117 1758 1138 cum
1772 1106 1812 1138 iis

220 1176 392 1213 consonat,
411 1182 486 1215 quae
506 1170 701 1214 Seraphicus
716 1169 834 1201 Doetor
848 1168 946 1200 tradit
959 1168 993 1200 in
1007 1167 1248 1200 Commentario
1262 1167 1506 1210 Apocalypsisss,
1523 1167 1557 1199 in
1577 1168 1812 1200 Luminaribus

221 1236 409 1275 Ecclesiae⁷‚
427 1245 463 1266 ac
483 1233 566 1265 libro
586 1232 691 1276 primo
711 1230 986 1263 Sententia1·um³.
1004 1228 1111 1267 Quare
1128 1239 1202 1259 cum
1221 1238 1327 1271 neque
1344 1228 1384 1259 ab
1399 1228 1547 1269 ingenio,
1564 1239 1671 1272 neque
1689 1240 1708 1260 a
1728 1228 1812 1272 stylo

221 1297 368 1330 Doctoris
382 1294 484 1327 nostri
498 1293 648 1326 videatur
662 1293 738 1324 satis
758 1290 931 1331 abludere,
950 1289 1043 1321 nulla
1058 1292 1105 1320 est
1120 1288 1220 1329 ratio,
1237 1299 1295 1320 cur
1316 1300 1335 1320 a
1354 1288 1487 1332 pacifica
1500 1289 1712 1334 longaevaque
1727 1290 1812 1322 inter

222 1356 508 1391 Bonaventuriana
520 1353 685 1397 Opuscula
700 1350 897 1396 possessione
910 1351 1018 1394 ipsum
1032 1350 1256 1391 deturbemus,
1269 1350 1371 1382 donec
1382 1350 1551 1383 certiorem
1565 1350 1636 1394 ejus
1647 1355 1813 1384 auctorem

222 1417 439 1451 inveniamus.

265 1516 306 1548 II.
323 1513 501 1547 Sententiae
514 1511 773 1545 Sententiarum.
792 1511 906 1555 Incipit
924 1524 933 1542 :
953 1512 1067 1554 Ofens
1086 1511 1277 1555 splendoris.
1296 1511 1487 1544 Landantur
1502 1522 1520 1543 a
1535 1511 1704 1543 Francisco
1720 1510 1815 1543 Sam-

222 1589 316 1619 sone,
333 1576 477 1610 Antonio
494 1574 670 1617 Eugubino
686 1584 725 1605 ex
747 1573 891 1617 antiquis
909 1574 1075 1606 Minorum
1105 1573 1291 1615 Chronicis,
1315 1573 1355 1605 ab
1385 1572 1561 1605 Octaviano
1584 1572 1623 1604 de
1646 1572 1812 1614 Martinis,

221 1640 367 1673 Mariano
390 1636 598 1676 Florentino,
622 1634 757 1667 Alberto
779 1634 979 1675 Castellano,
1005 1645 1169 1678 anonymo
1184 1633 1392 1674 Pistoriensi‚
1411 1633 1519 1666 Marco
1542 1633 1810 1677 Ullyssiponemi,

221 1703 317 1735 Petro
332 1699 498 1744 CapulliO,
515 1709 551 1730 ac
568 1698 664 1730 Petro
680 1698 841 1729 Annato⁹.
858 1695 1056 1728 Prodierunt
1070 1707 1145 1728 cum
1160 1694 1234 1727 aliis
1251 1694 1547 1727 Bonaventurianis
1561 1695 1734 1739 Opuseulis
1753 1696 1815 1727 Ar-

221 1764 364 1807 gentinae
383 1773 469 1794 anno
492 1760 595 1801 1495,
620 1763 812 1802 exstantque
838 1758 921 1791 inter
946 1758 1184 1801 manuscriptos
1208 1755 1332 1788 codices
1351 1756 1575 1800 Hispalenses,
1605 1768 1641 1790 ac
1666 1757 1816 1790 Mantua-

222 1837 292 1858 nos.
329 1825 507 1857 Censuram
543 1825 730 1854 curatorum
761 1820 913 1852 editionis
941 1820 1126 1853 novissimae
1154 1820 1174 1837 ¹⁰
1189 1818 1258 1862 jam
1286 1817 1501 1850 refutavimus
1529 1818 1588 1851 hac
1612 1818 1816 1851 animadver-

224 1889 312 1920 sione
330 1901 336 1919 :

273 1962 289 1979 t(
308 1948 362 1981 Nil
386 1947 509 1987 oberit,
536 1945 714 1989 quominus
735 1942 923 1974 Sententias
946 1942 1195 1973 Sentmzcc'arum
1221 1942 1364 1973 carmine
1388 1941 1527 1982 digestas
1553 1940 1682 1973 Doctori
1707 1943 1816 1972 nostro

225 2009 400 2053 Seraphico
415 2007 647 2040 adscribamus
664 2005 801 2036 Illarum
817 2002 978 2044 Prologus
994 2001 1066 2034 talis
1082 2006 1128 2034 est
1145 2014 1151 2032 :

510 2103 530 2126 υ
547 2098 611 2125 fons
626 2096 802 2132 splendoris,
818 2103 869 2122 vas
885 2095 1025 2128 dulcoris,
1041 2094 1093 2121 sed
1109 2095 1218 2121 amoris

510 2149 615 2180 Nexus,
631 2153 696 2180 spes
711 2144 801 2178 floris,
818 2143 872 2170 dos
887 2143 971 2177 roris,
988 2143 1098 2177 dogma
1112 2143 1235 2178 saporis,

511 2197 626 2228 Verum,
642 2194 711 2227 vita,
727 2193 785 2226 via,
801 2191 873 2218 mihi
890 2191 939 2225 da,
955 2191 1036 2226 quod
1052 2190 1241 2226 philosophia

509 2242 615 2276 Tradit,
632 2243 799 2268 sanctorum
815 2240 890 2267 votis
905 2241 1039 2274 praestare
1056 2241 1182 2266 tuorum.

273 2352 289 2370 »
306 2338 392 2377 Quid
406 2337 446 2369 ad
461 2336 528 2368 haee
543 2333 712 2367 novissimi
727 2333 887 2365 editores?
903 2346 919 2363 «
933 2331 1094 2364 Mellitum
1112 2331 1227 2374 (aiunt)
1243 2343 1368 2375 semper
1379 2332 1523 2375 judicavi
1538 2333 1816 2374 Bonaventuram,

261 2457 266 2469 ¹
281 2455 380 2479 seilicet
395 2453 501 2482 Veneti,
516 2452 541 2474 in
558 2449 669 2473 Dcutrib.
684 2449 740 2473 Vid.
759 2451 820 2472 tom.
838 2449 860 2477 Ι,
877 2448 984 2478 hujusce
1000 2447 1130 2477 editionis,
1145 2455 1168 2477 p,
1187 2449 1225 2471 58.
1239 2461 1264 2464 -—
1279 2448 1389 2472 2Ιιιὶνοιί,
1407 2449 1432 2471 in
1449 2448 1569 2479 Theoloq„
1582 2449 1624 2471 lib.
1641 2449 1683 2478 Vl,
1699 2455 1755 2479 cap.
1775 2449 1818 2472 ult.

229 2496 275 2513 —³
290 2496 314 2518 tn
331 2494 374 2517 lib,
390 2493 407 2521 Ι,
421 2492 499 2519 Seni„
515 2490 572 2513 (list.
589 2495 643 2519 Xix,
659 2496 684 2519 p.
700 2489 718 2518 1,
733 2491 778 2511 art.
794 2490 815 2518 t,
831 2495 855 2518 q.
873 2493 896 2510 lv
913 2487 976 2518 (huj.
993 2487 1052 2511 edit.
1068 2489 1084 2511 t.
1104 2488 1121 2517 l,
1138 2495 1163 2517 p.
1178 2487 1249 2517 320);
1265 2487 1349 2511 Itium
1365 2488 1453 2510 mentis
1469 2488 1492 2509 in
1510 2487 1627 2516 Deam,c.
1644 2494 1678 2510 vi.
1689 2487 1735 2505 —⁴
1747 2488 1819 2511 Cant.

232 2536 313 2564 cane„
328 2539 351 2563 v,
369 2534 407 2556 11.
419 2531 468 2548 —5
480 2530 515 2554 Ad
531 2529 649 2553 eumdem
667 2530 772 2552 textum.
783 2540 815 2545 —
826 2528 834 2541 ὓ
851 2527 878 2550 In
896 2526 978 2557 Aper„
994 2534 1015 2550 c.
1032 2532 1054 2554 1,
1073 2528 1108 2550 14.
1120 2539 1150 2543 -—
1163 2526 1171 2541 ⁷
1186 2528 1267 2550 serm.
1285 2533 1342 2550 i.—
1357 2528 1364 2539 ὃ
1378 2526 1439 2549 nist.
1458 2532 1523 2554 xxx,
1540 2534 1565 2556 p.
1583 2532 1616 2556 11,
1631 2526 1690 2549 dub.
1706 2527 1728 2549 8.
1751 2526 1819 2556 (huj,

230 2576 290 2599 edit.
304 2577 365 2598 toni.
383 2573 401 2602 1,
418 2580 443 2602 ιτ.
456 2570 567 2600 ’Μὴ-9
580 2570 680 2599 Annat.‚
695 2569 847 2599 Apparatzcv,
863 2567 906 2590 lib.
923 2567 963 2595 tV,
976 2566 1005 2589 (Ie
1020 2566 1117 2590 Sanctis
1133 2566 1224 2589 Ecclas.
1244 2565 1350 2596 Palmh„
1367 2572 1425 2596 pag.
1438 2567 1476 2596 713,
1490 2566 1537 2589 cot.
1553 2567 1573 2589 1.
1585 2579 1615 2583 —
1631 2567 1647 2582 '⁰
1658 2566 1713 2590 Vid.
1731 2573 1820 2596 supra,

232 2619 294 2639 tom.
312 2615 330 2644 Ι,
343 2620 368 2642 p.
383 2613 420 2634 58-
