1991 3006
660 259 755 290 DisT.
779 258 909 290 XXXIV.
934 259 1021 289 ART.
1048 260 1069 290 Ι.
1093 259 1240 296 QUAEST.
1265 259 1301 289 11.

186 327 321 358 trahitur
342 337 382 358 ex
404 328 605 367 sponsalibus
624 336 681 366 per
699 327 796 357 verba
812 327 850 357 de
873 335 952 366 prae·

71 393 138 414 ema
154 396 171 414 3,
188 380 268 409 senti
283 389 290 410 :
306 383 336 410 et
346 381 390 410 sic
400 383 474 411 sunt
485 381 542 411 tria
553 381 789 420 impedimenta.
807 379 853 410 Ex
865 382 953 419 parte

70 982 138 1001 Causa
158 983 161 999 ῑ,
170 998 173 999 1

69 1512 132 1533 Suffic
155 1514 173 1532 Ξ.

189 442 291 463 causae
306 433 446 464 formalis
461 434 531 469 tria,
555 434 629 473 quia
652 433 892 463 matrimonium
908 435 954 463 est

189 485 362 524 vinculum,
380 486 413 516 in
430 495 494 525 000
512 489 558 516 051
571 488 684 516 mutua
698 488 834 525 potestas
846 485 908 515 viri
924 487 955 515 et

190 539 320 568 uxoris:
348 539 610 578 impedimentum
633 541 739 569 aute-m
762 540 870 569 contra
894 538 953 568 hoc

188 593 254 627 est,
277 591 401 630 quando
423 601 487 622 non
513 595 614 631 potest
638 593 711 623 dare
739 592 786 622 sui
816 591 956 630 corporis

188 645 382 683 potestatem.
408 644 445 675 Et
466 645 524 675 1100
546 647 646 685 potest
670 654 737 676 esse
756 644 921 683 tripliciter
947 655 952 673 :

188 699 243 727 aut
266 698 340 737 quia
360 699 487 729 tradidit
510 699 599 729 alteri
617 699 671 738 qui
687 699 789 729 adhuc
810 698 908 734 vivit,
926 699 957 727 01

188 752 232 781 510
251 754 297 782 est
318 752 444 791 ligatio,
469 756 523 784 aut
548 754 621 792 quia
642 762 673 783 se
698 753 853 783 dedicavit
877 752 955 789 Deo,

188 806 277 836 etsie
296 809 340 836 est
373 815 460 837 sacer
489 807 583 842 ord0;
615 809 669 837 aut
698 807 773 846 quia
810 806 894 843 Deo,
928 809 958 837 et

188 858 338 898 praelato,
369 863 398 890 et
422 860 465 889 510
492 863 537 890 est
566 863 698 897 votum,
728 859 855 899 quando
886 860 958 898 quis

188 916 283 943 vovet
304 913 428 952 ingredi
446 914 634 952 religionem
656 913 706 943 vel
731 913 958 943 continentiam

189 966 374 996 solemnem.
388 966 433 996 Ex
443 969 530 1006 parte
541 967 624 1003 finis,
639 967 784 996 similiter
798 966 868 1003 tria,
884 966 960 1005 quia

190 1019 428 1049 matrimonium
448 1022 493 1049 est
516 1019 553 1049 ad
575 1019 801 1058 procreandam
824 1019 957 1058 prolem,

189 1071 228 1101 ad
243 1072 365 1102 cultum
388 1072 449 1109 Dei,
463 1072 514 1102 vel
529 1072 641 1102 saltem
654 1072 687 1102 in
702 1072 880 1102 remedium
897 1072 959 1103 110-

189 1126 328 1156 00513115.
354 1125 466 1156 Contra
496 1125 650 1155 rationem
681 1126 882 1164 procreandi,
909 1126 959 1156 vel

189 1179 331 1215 remedii,
349 1179 586 1218 estimpotentia
603 1179 753 1215 coeundi3
771 1181 880 1209 contra
896 1179 960 1209 cul-

189 1234 258 1262 tum
270 1231 334 1268 Dei,
349 1232 404 1271 qui
415 1234 461 1262 est
471 1233 502 1262 in
514 1232 586 1267 fide,
599 1235 644 1263 est
656 1232 825 1271 disparitas
839 1233 957 1271 cultus;

191 1287 299 1314 contra
326 1284 540 1321 honestatem,
573 1293 644 1323 quae
670 1286 715 1313 est
742 1283 775 1313 in
795 1284 958 1322 moribus,

191 1339 235 1368 est
254 1337 292 1377 (al
311 1337 451 1367 criminis
469 1337 641 1367 enormitas
657 1347 663 1367 t
688 1336 731 1366 ita
750 1338 824 1366 sunt
845 1337 960 1367 duode-

190 1391 251 1420 cim
278 1389 515 1430 impedimenta.
540 1390 691 1421 Similiter
720 1389 858 1429 aliquam
885 1391 960 1420 reci-

190 1444 281 1482 piunt
296 1443 495 1481 divisionem,
511 1447 546 1477 ut
566 1443 750 1482 impotentia
769 1443 914 1479 coeundi,
930 1445 960 1473 et

189 1497 320 1532 crimen,
338 1497 417 1527 sicut
430 1497 542 1527 melius
554 1497 671 1536 patebit
687 1497 778 1526 infra.
795 1496 901 1526 Posset
918 1499 959 1526 ta-

190 1559 262 1580 men
291 1550 380 1580 aliter
408 1551 524 1580 horum
544 1550 846 1589 impedimentorum
871 1549 957 1579 sumi

189 1601 375 1632 sufficientia
400 1612 406 1631 z
430 1601 462 1631 in
482 1601 684 1635 matrisnonio
704 1601 790 1631 enim
808 1600 956 1638 ¹conside-

189 1658 300 1687 rantur
323 1665 466 1696 personae
487 1665 559 1696 quae
582 1657 779 1695 junguntur,
803 1658 833 1686 et
854 1655 958 1694 ipsum

190 1710 366 1748 vinculum,
384 1712 414 1740 et
429 1710 507 1740 illud
529 1719 585 1749 per
606 1709 691 1749 quod
711 1709 909 1746 vinciuntur,
929 1711 960 1739 et

191 1762 266 1792 illud
281 1762 320 1792 ad
336 1762 420 1801 quod
436 1762 631 1792 vinciuntur.
653 1762 688 1801 (bl
712 1761 870 1798 Personae,
887 1770 959 1801 quae

190 1816 384 1853 vinciuntur,
395 1815 509 1845 debent
520 1815 626 1854 aliquo
639 1815 732 1845 modo
742 1814 911 1844 convenire
926 1814 959 1844 in

190 1869 277 1899 cultu
292 1868 344 1899 Dei
359 1870 390 1898 et
408 1868 484 1905 fide;
502 1868 555 1897 sed
575 1867 689 1898 distare
710 1867 840 1897 vinculo
866 1869 958 1897 natu-

189 1921 258 1959 rali,
276 1924 305 1951 et
321 1921 488 1958 consimili,
515 1922 643 1959 propter
665 1920 726 1950 1100
739 1920 823 1959 quod
846 1922 960 1951 natura

190 1975 337 2005 abhorret
365 1983 514 2013 personas
545 1973 683 2003 multum
713 1973 895 2003 consimiles
927 1974 959 2004 in

190 2030 263 2059 actu
296 2027 350 2058 illo
370 2027 492 2057 sociari.
524 2026 659 2057 Multum
690 2026 790 2065 igitur
820 2026 958 2064 distant,

190 2081 315 2121 quando
342 2082 416 2111 sunt
451 2080 591 2119 dispares
618 2080 653 2109 in
682 2079 787 2117 cultu;
819 2080 958 2111 multum

189 2134 453 2174 appropinquant,
477 2133 603 2173 quando
619 2135 693 2163 sunt
711 2133 815 2172 juncti
839 2142 958 2172 cogna-

188 2187 283 2225 tione,
303 2187 353 2218 vel
377 2187 540 2224 affinitate,
564 2186 615 2217 vel
632 2186 767 2226 publicae
786 2186 960 2217 honestatis

186 2241 320 2280 Justitia.
343 2240 565 2280 Propinquitas
595 2239 882 2278 consanguinitatis
913 2242 960 2270 est

190 2303 228 2324 ex
241 2294 346 2324 fructu
355 2293 567 2331 matrimonii;
581 2293 633 2324 sed
645 2293 806 2323 affinitatis
818 2302 857 2323 ex
870 2295 939 2323 actu
950 2304 956 2330 ;

187 2346 309 2386 justitia
320 2346 452 2387 publicae
467 2346 639 2377 honestatis
654 2348 739 2376 tenet
750 2345 891 2376 medium
908 2346 957 2376 in-

189 2402 236 2430 ter
250 2402 423 2439 utrumque
441 2411 447 2430 z
464 2402 494 2430 et
517 2399 561 2429 sic
579 2401 653 2430 sunt
668 2401 805 2438 quatuor
825 2399 957 2438 impedi-

191 2455 310 2490 menta,
327 2453 445 2484 scilicet
468 2453 572 2484 cultus
595 2452 778 2492 disparitas,
797 2453 957 2491 cognatio,

190 2505 334 2543 affinitas,
351 2508 381 2536 et
399 2506 531 2545 publicae
546 2504 720 2536 honestatis
731 2504 867 2544 Justitia.
884 2505 958 2535 Con-

189 2557 343 2587 sideratur
358 2558 473 2589 iterum
489 2559 592 2599 ipsum
608 2557 789 2595 vinculum,
807 2566 870 2596 000
887 2559 956 2588 vin-

190 2611 316 2641 ciuntur
329 2611 564 2642 individualiter
582 2623 588 2642 z
614 2613 644 2641 01
660 2611 699 2641 ob
714 2611 775 2641 hoc
798 2619 862 2640 non
885 2620 958 2650 pos-

190 2665 264 2694 sunt
275 2664 436 2702 coujungi,
451 2665 501 2694 vel
510 2664 636 2700 vinciri,
651 2663 703 2703 qui
716 2665 789 2693 sunt
802 2663 871 2693 aliis
882 2663 958 2693 obli-

223 2726 252 2754 (u)
270 2725 331 2749 Coel.
346 2725 405 2748 edit.
421 2725 554 2756 disparitas
571 2726 661 2756 cultus,
675 2725 725 2756 qui.
739 2726 777 2749 est
792 2724 817 2748 in
835 2725 957 2756 moribus,

1718 262 1774 291 327

1009 327 1086 365 gati.
1103 326 1244 364 Obligari
1265 327 1371 356 autem
1391 324 1443 355 alii
1463 327 1508 355 est
1528 326 1705 365 dupliciter,
1721 329 1777 358 aut

1008 379 1081 417 Deo,
1097 382 1151 409 aut
1166 379 1305 416 homini,
1330 382 1360 409 et
1374 379 1496 409 homini
1514 379 1700 419 dupliciter:
1722 384 1777 411 aut

1008 442 1064 472 per
1085 432 1335 468 matrimonium,
1362 434 1392 462 et
1415 432 1458 462 sic
1479 435 1525 462 cst
1542 433 1699 471 ligamen;
1722 437 1777 464 aut

1009 496 1064 527 per
1079 487 1276 523 servitutem,
1294 488 1325 516 et
1347 487 1390 516 sic
1407 487 1553 517 conditio.
1571 487 1715 526 Obligari
1734 488 1778 518 si·-

1010 541 1127 571 militer
1143 540 1204 570 Deo
1219 542 1266 569 est
1288 539 1454 579 dupliciter
1471 550 1478 569 2
1495 541 1549 570 aut
1573 549 1628 579 per
1652 543 1776 577 votum.

1010 597 1065 624 aut
1086 603 1142 633 per
1163 594 1193 624 id
1209 593 1293 632 quod
1308 593 1403 623 1131101
1424 603 1586 624 annexum
1602 597 1725 633 votum,
1744 598 1779 626 ut

1011 655 1097 676 53001·
1112 647 1188 677 01·ὀο
1211 658 1217 676 z
1241 648 1271 676 et
1294 646 1337 676 sic
1353 648 1428 676 sunt
1451 646 1511 676 alia
1532 650 1679 686 quatuor,
1698 649 1780 687 liga-

1012 708 1095 736 men,
1116 699 1262 735 conditio,
1279 700 1400 735 votum,
1418 701 1448 728 et
1463 700 1551 730 ordo.
1569 699 1682 738 Tertio,
1700 702 1780 732 circa

1012 752 1252 783 matrimonium
1274 752 1488 782 consideratur
1509 753 1587 783 illud
1613 763 1668 792 per
1697 755 1781 793 quod

1012 806 1218 843 contrahitur,
1233 808 1263 836 et
1278 806 1321 835 sic
1336 808 1382 836 est
1394 815 1565 836 consensus
1581 818 1587 836 z
1608 811 1638 837 et
1653 808 1704 837 hic
1721 817 1783 837 res-

1013 860 1086 899 picit
1096 862 1202 889 3011101
1212 859 1355 897 rationis,
1365 862 1395 889 et
1405 862 1515 890 contra
1526 860 1610 891 111100
1619 863 1664 891 051
1674 870 1762 891 error
1774 873 1781 898 ;

1014 916 1044 942 et
1062 915 1168 942 actum
1185 913 1369 950 voluntatis,
1382 915 1412 943 et
1427 915 1538 943 contra
1553 913 1638 944 hune
1653 916 1700 944 est
1716 915 1783 945 vio-

1013 966 1166 996 lentiazet
1180 966 1224 995 sic
1238 968 1312 995 sunt
1327 965 1400 996 duo.
1419 965 1547 1003 Quarto,
1566 967 1785 998 consideratur

1014 1028 1090 1048 usus
1112 1018 1319 1055 matrimonii,
1345 1021 1375 1048 et
1397 1019 1448 1048 hic
1468 1019 1634 1058 dupliciter
1652 1020 1786 1059 impedi-

1013 1073 1066 1101 tur
1081 1082 1087 1100 :
1104 1073 1160 1101 aut
1178 1080 1234 1110 per
1254 1071 1537 1110 impossibilitatem
1559 1073 1678 1110 utendi,
1697 1075 1727 1103 et
1742 1074 1786 1104 510

1014 1127 1060 1154 051
1074 1124 1261 1163 impotentia
1277 1124 1427 1161 coeundi;
1450 1127 1505 1154 aut
1520 1134 1575 1164 per
1588 1125 1735 1163 abusum,
1756 1128 1787 1156 et

1014 1177 1056 1207 510
1073 1179 1119 1207 051
1138 1177 1310 1207 enormitas
1330 1177 1471 1207 criminis
1489 1189 1494 1207 ι
1515 1181 1543 1208 01
1561 1178 1604 1208 510
1620 1181 1705 1218 patet
1723 1189 1786 1209 nu-

1015 1239 1122 1260 merus
1133 1254 1141 1267 ,
1159 1232 1189 1260 et
1204 1230 1391 1260 sufficientia
1408 1230 1526 1260 horum
1544 1231 1787 1270 impedimento-

1000 1293 1099 1318 rum,
1121 1286 1151 1313 et
1170 1283 1255 1322 quod
1272 1283 1393 1313 suntin
1409 1292 1543 1314 numero
1564 1284 1784 1323 determinato,

1015 1337 1132 1367 scilicet
1147 1336 1323 1367 duodecim.

1056 1393 1084 1420 ¹1.
1102 1390 1148 1420 Ad
1161 1390 1237 1420 illud
1249 1399 1326 1429 ergo
1342 1390 1426 1429 quod
1439 1391 1598 1430 objicitur,
1616 1392 1702 1431 quod
1717 1402 1785 1423 ma-

1015 1443 1081 1473 lum
1099 1446 1145 1473 est
1165 1444 1266 1473 modis
1281 1443 1423 1481 infinitis,
1442 1443 1611 1474 dicendum
1623 1445 1707 1484 quod
1719 1444 1786 1475 Dio-

1015 1496 1126 1535 nysius
1142 1496 1285 1535 loquitur
1298 1497 1335 1527 de
1351 1497 1435 1527 malo
1452 1499 1611 1536 quantum
1626 1499 1672 1528 051
1686 1498 1724 1528 de
1741 1507 1785 1536 se,

1014 1550 1089 1589 quia
1104 1550 1249 1589 privatio,
1266 1553 1296 1580 et
1311 1559 1375 1580 non
1391 1559 1446 1580 ens
1461 1553 1517 1587 est,
1535 1552 1565 1580 et
1579 1553 1663 1581 caret
1678 1551 1741 1581 fine
1757 1554 1787 1582 et

1015 1603 1285 1634 determinatione.
1300 1603 1333 1633 Si
1346 1605 1453 1633 autem
1464 1603 1635 1643 loquamur
1650 1604 1687 1635 de
1703 1604 1786 1635 malo

1016 1659 1108 1695 prout
1123 1657 1151 1686 01
1173 1657 1387 1687 substernitur
1402 1659 1507 1693 30105,
1525 1657 1576 1687 vel
1590 1666 1646 1697 per
1661 1666 1787 1697 compa·

1016 1710 1171 1740 rationem
1186 1710 1225 1740 ad
1241 1710 1364 1740 bonum
1384 1710 1469 1750 quod
1493 1711 1648 1749 privatur,
1671 1711 1715 1741 sic
1735 1720 1787 1751 po-

1016 1763 1062 1793 nit
1085 1763 1116 1793 in
1138 1772 1255 1802 genere
1279 1773 1334 1803 per
1356 1763 1571 1794 reductionem
1585 1787 1593 1801 ,
1617 1765 1647 1794 et
1669 1764 1786 1803 speeies

1015 1816 1238 1846 determinatas
1253 1816 1371 1854 1131101,
1393 1817 1475 1846 sient
1497 1819 1585 1856 paret
1607 1817 1641 1847 in
1664 1817 1750 1847 vitiis
1777 1829 1783 1848 z

1016 1869 1241 1900 Verumtamen
1252 1870 1337 1900 istud
1347 1878 1411 1899 non
1424 1869 1509 1901 valet
1521 1870 1558 1899 ad
1570 1870 1780 1909 propositum,

1016 1923 1092 1961 quia
1106 1923 1332 1962 impedimenta
1347 1923 1540 1953 matrimonii
1556 1931 1620 1952 non
1640 1925 1714 1953 sunt
1728 1923 1785 1954 de-

1016 1975 1114 2005 fectus
1128 1976 1179 2006 vel
1196 1976 1288 2014 mala,
1303 1975 1355 2006 sed
1369 1977 1400 2006 et
1414 1976 1522 2015 aliqua
1537 1976 1620 2006 11003
1634 1975 1729 2006 habet
1742 1977 1786 2007 in-

1016 2028 1258 2068 compossibilia.

1056 2083 1084 2111 2.
1102 2081 1148 2111 Ad
1174 2081 1251 2112 illud
1277 2081 1360 2121 quod
1392 2081 1540 2120 objicitur
1576 2082 1713 2112 secundo
1736 2091 1787 2122 pe-

1016 2145 1071 2166 nes
1095 2135 1276 2173 accidentia,
1303 2135 1472 2166 dicendum
1497 2135 1582 2175 quod
1606 2144 1670 2166 non
1689 2145 1786 2176 penes

1015 2197 1227 2228 quaecumque
1248 2188 1428 2225 accidentia,
1451 2190 1569 2228 utpote,
1587 2188 1671 2228 quod
1687 2189 1785 2219 51131-

1017 2241 1087 2277 bus,
1105 2241 1155 2271 vel
1172 2241 1279 2280 niger3
1292 2241 1344 2271 sed
1356 2250 1451 2280 penes
1467 2241 1637 2271 accidentia
1649 2250 1722 2280 quae
1737 2241 1786 2271 di-

1016 2296 1098 2324 recte
1113 2294 1286 2333 respiciunt
1308 2293 1549 2324 matrimonium
1568 2296 1723 2333 quantum
1746 2294 1786 2325 ad

1017 2347 1144 2387 aliquod
1162 2347 1282 2377 bonum
1301 2358 1307 2377 ε
1324 2349 1355 2377 01
1375 2347 1418 2377 113
1439 2349 1512 2377 5001
1529 2347 1559 2376 10
1581 2355 1716 2377 numero
1731 2347 1785 2377 de-

1017 2400 1195 2430 terminato.

1056 2456 1084 2484 3.
1103 2453 1150 2484 Ad
1176 2453 1271 2491 illud,
1295 2453 1377 2492 quod
1400 2454 1476 2483 sunt
1494 2453 1578 2484 circa
1598 2453 1783 2492 singularia,

1017 2506 1183 2537 dicendum
1207 2506 1302 2546 quod,
1322 2506 1402 2536 sicut
1417 2506 1615 2545 operationes
1628 2506 1785 2536 virtutum

1018 2561 1091 2589 sunt
1104 2559 1185 2589 circa
1204 2558 1392 2597 singularia,
1409 2561 1514 2589 tamen
1538 2568 1642 2590 sermo
1660 2561 1690 2589 et
1705 2567 1784 2598 cog-

1018 2611 1096 2641 nitio
1111 2614 1157 2641 est
1172 2611 1209 2641 de
1223 2611 1268 2641 eis
1282 2613 1377 2650 prout
1390 2611 1588 2642 reducuntur
1602 2611 1640 2641 ad
1658 2611 1785 2650 aliquod

1017 2694 1048 2714 ot.
1069 2705 1099 2708 —
1127 2691 1148 2721 l),
1166 2692 1225 2715 Item
1240 2691 1296 2714 add.
1313 2691 1362 2713 sim>
1378 2693 1453 2722 repet.
1472 2691 1543 2719 Quod
1562 2691 1678 2720 vincitur,
1692 2692 1716 2715 et
1732 2691 1785 2718 vin-

1015 2727 1099 2750 culum
1114 2734 1158 2757 per
1170 2727 1238 2757 quod
1253 2730 1277 2750 et
1291 2726 1322 2749 ad
1337 2726 1412 2756 quod.
