1991 3006
719 205 908 237 DISTlNCT.
930 205 1032 236 XLIV.
1057 205 1156 237 PARS
1179 206 1214 236 11.
1704 207 1760 236 487

175 275 322 316 tristitia,
339 276 474 319 gaudio,
492 287 528 308 ac
543 279 631 308 metu
647 285 774 315 carere;
792 277 823 306 et
837 285 876 306 ex
890 273 957 315 his,
974 285 1048 317 quae
1063 274 1125 305 sibi
1139 273 1173 306 in
1198 273 1256 305 illo
1271 272 1417 316 generali
1435 272 1581 305 examine
1597 283 1764 305 reservan-

178 338 243 373 tur,
260 345 312 367 eas
325 334 472 378 quaedam
486 334 554 378 jam
569 334 712 378 incipere
728 335 938 377 praegustare.

220 391 304 424 lllud
319 392 415 424 etiam
430 392 617 434 investigari
634 395 774 435 oportet,
792 390 818 421 si
830 389 969 422 abortivi
986 389 1098 429 foetus,
1115 393 1146 421 et
1161 392 1306 421 monstra
1321 392 1491 431 resurgent
1506 414 1513 429 ‚
1531 391 1562 420 et
1576 387 1698 431 qualia.
1719 386 1764 418 De
1784 397 1818 431 ιρι»,Ι
1827 397 1890 417 abor-

177 460 243 494 quo
258 449 464 492 Augustinus
478 449 523 481 ita
537 449 582 481 ait
597 449 605 464 ¹
625 462 631 481 :
649 461 664 478 «
679 447 827 480 Occurrit
845 447 883 478 ‹le
898 446 1055 479 abortivis
1070 446 1202 479 fretibus
1222 446 1372 490 quaestio,
1391 446 1449 489 qui
1467 445 1536 489 jam
1554 445 1622 477 nati
1638 447 1713 476 sunt
1729 444 1762 476 in
1784 428 1886 491 ‘iiiinfsst'

177 506 277 539 uteris
294 510 447 546 matrum,
465 506 519 538 sed
533 517 598 538 non
616 506 659 537 ita
675 510 711 537 ut
722 505 789 548 jam
803 504 926 549 possint
942 504 1075 536 renasci.
1094 504 1127 535 Si
1143 503 1231 536 enim
1246 506 1485 535 resurrecturos
1501 514 1554 535 eos
1569 502 1762 542 dixerimus,
1784 491 1893 510 ¹¹¹⁰¹¹³m⁵'

127 610 130 613 ι
177 564 215 596 de
231 563 292 604 his,
309 563 367 607 qui
378 563 446 607 jam
460 563 591 595 formati
606 566 694 602 sunt,
714 562 844 594 tolerari
860 565 963 605 potest
982 565 1160 604 utcumque
1175 560 1264 604 quod
1279 560 1409 592 dicitur.
1427 560 1587 593 Informes
1599 570 1676 592 vero
1689 559 1764 603 quis

178 634 243 655 non
259 621 435 666 proclivius
454 620 558 664 perire
578 620 767 659 arbitretur,
784 619 867 651 sicut
881 619 1005 651 semina
1023 630 1097 662 quae
1112 622 1265 662 concepta
1281 629 1347 650 non
1363 618 1521 650 fuerunt?
1538 622 1548 637 ²
1570 617 1765 661 Scrupulose

178 680 311 724 quidem
326 679 410 711 inter
425 678 575 710 Doctores
589 677 712 721 quaeri,
730 687 765 708 ac
780 676 938 720 disputari
955 680 1070 720 potest,
1089 676 1220 720 quando
1236 676 1350 720 incipit
1366 676 1462 708 homo
1482 675 1515 707 in
1532 679 1624 707 utero
1642 675 1764 714 vivere,

178 749 219 770 an
235 737 276 769 sit
299 736 450 781 quaedam
470 735 537 767 vita
562 735 705 775 occulta,
732 745 804 778 quae
834 734 980 766 nondum
1005 735 1147 766 motibus
1181 734 1319 766 viventis
1341 737 1504 777 appareat.
1534 732 1654 775 Negari
1680 732 1767 764 enim

179 795 295 828 vixisse
314 793 504 838 puerperia,
526 804 598 836 quae
617 792 689 824 ideo
710 791 916 824 membratim
938 795 1140 831 exsecantur,
1163 796 1199 823 ut
1221 791 1394 834 ejiciantur
1415 802 1453 822 ex
1474 791 1575 822 uteris
1599 800 1769 833 preegnan-

179 853 274 893 tium,
290 863 330 884 ne
346 855 463 883 matres
477 850 586 889 etiam,
605 850 630 881 si
648 853 775 881 mortua
789 849 834 881 ibi
850 849 1094 893 relinquuntur,
1113 848 1271 889 occidant,
1290 847 1495 892 impudentia
1509 847 1611 879 nimia
1624 847 1767 879 videtur.

179 910 225 942 Ex
241 920 306 953 quo
320 912 430 941 autem
444 908 558 951 incipit
574 908 670 939 homo
687 906 812 947 vivere,
830 918 869 938 cx
890 906 946 938 illo
968 906 1082 950 utique
1098 907 1166 950 jam
1187 906 1270 939 mori
1285 910 1388 949 potest
1403 918 1410 944 3
1436 909 1588 938 mortuus
1604 916 1680 937 vero
1698 904 1769 936 ubi-

179 978 319 1011 cumque
334 966 384 998 illi
399 965 504 1010 potuit
523 976 608 998 mors
622 965 769 1004 evenire,
787 976 852 1008 quo
874 964 968 996 modo
989 964 1030 996 ad
1050 964 1320 996 resurrectionem
1340 974 1405 995 non
1428 962 1608 1006 pertineat,
1626 961 1767 1005 reperire

179 1035 316 1068 nequeo.
335 1026 345 1041 ³
364 1023 475 1066 Neque
490 1023 576 1055 enim
593 1027 623 1054 et
639 1026 783 1054 monstra
797 1033 871 1065 quae
889 1025 1077 1062 nascuntur,
1096 1025 1126 1053 et
1142 1021 1270 1059 vivunt,
1287 1020 1531 1065 quantumlibet
1545 1020 1607 1052 cito
1624 1020 1766 1051 morian—

180 1085 246 1122 tur,
262 1085 318 1113 aut
337 1084 557 1113 resurrectura
577 1080 796 1121 negabuntur,
815 1083 871 1111 aut
892 1079 936 1111 ita
955 1084 1176 1111 resurrectum
1195 1079 1355 1110 crelend-ri
1374 1082 1468 1117 snnt;
1487 1090 1519 1110 se
1529 1078 1540 1109 1
1568 1077 1676 1121 potius
1700 1087 1769 1109 cor-

180 1143 266 1171 recta
279 1149 392 1171 eorum
404 1137 640 1180 emendataque
656 1140 783 1169 natura.
803 1136 896 1168 Absit
911 1136 999 1168 enim
1016 1140 1051 1168 ut
1066 1136 1162 1168 illum
1176 1136 1405 1176 bimembrem,
1423 1147 1522 1179 quem
1539 1146 1644 1179 nuper
1656 1139 1770 1167 natum

180 1197 214 1229 in
236 1196 360 1229 oriente
380 1195 493 1227 fratres
516 1194 713 1235 fidelissimi,
736 1195 793 1238 qui
816 1206 891 1226 eum
912 1195 1085 1235 viderunt,
1109 1194 1310 1235 retulerunt,
1335 1198 1364 1226 et
1400 1198 1530 1226 sanctus
1551 1193 1773 1237 Hieronymus

181 1254 337 1298 scriptum
353 1252 500 1297 reliquit,
519 1256 554 1284 ut
574 1263 677 1283 unum
698 1251 865 1284 hominem
880 1251 1043 1295 duplicem
1055 1279 1062 1293 ‚
1081 1263 1116 1284 ac
1133 1263 1197 1284 non
1216 1252 1325 1296 potius
1344 1251 1445 1291 duos,
1462 1255 1493 1283 et
1514 1250 1601 1294 quod
1620 1250 1771 1283 futurum

181 1315 266 1351 erat,
281 1311 307 1343 si
319 1310 442 1353 gemini
455 1313 676 1350 nascerentur,
693 1315 929 1341 resurrecturos
947 1310 1180 1342 existimemus¹
1201 1310 1248 1341 lta
1262 1312 1292 1341 et
1305 1312 1435 1346 caeteru,
1452 1320 1526 1352 quie
1544 1307 1646 1340 nimia
1663 1307 1772 1340 defor-

184 1369 293 1402 mitate
309 1371 452 1401 monstra
465 1367 631 1407 dicuntur,
649 1368 689 1400 ad
706 1368 857 1401 humana>
874 1372 998 1401 naturae
1014 1367 1156 1410 figuram
1174 1367 1208 1399 in
1227 1366 1463 1399 resurrectione
1480 1365 1733 1398 revocabuntur.
1755 1378 1770 1395 »

69 2150 155 2172 Divisio.

374 1503 579 1536 EXPOSITIO
603 1504 767 1535 TEXTUS.

179 1595 204 1619 Si
223 1601 284 1618 vero
303 1593 423 1624 quaeritur
438 1593 468 1616 de
485 1592 636 1623 corporibus
650 1592 790 1621 malorum,
806 1598 856 1622 quo
875 1591 951 1615 modo

415 1629 440 1652 in
454 1629 513 1660 igne
528 1629 648 1658 ardeant,
665 1630 713 1652 etc.

219 1712 323 1752 Supra
343 1711 565 1742 determinavit
591 1710 756 1749 Magister,
779 1713 899 1749 quanta
921 1713 952 1740 et

178 1765 283 1805 qualia
301 1766 376 1795 sunt
399 1763 638 1802 resurgentium
660 1772 806 1802 corpora3
830 1763 863 1792 in
892 1763 953 1793 hac

179 1820 266 1858 parte
280 1817 468 1847 determinat
478 1816 636 1855 quomodo
647 1815 870 1846 damnatorum
883 1825 951 1846 cor-

179 1881 256 1911 pora
270 1871 309 1901 ab
324 1871 400 1910 igne
416 1872 490 1900 sunt
504 1869 699 1906 cremabilia,
712 1872 742 1899 et
757 1871 861 1899 tamen
877 1872 951 1899 sunt

178 1924 380 1956 immortalia.
408 1923 445 1954 Et
467 1922 621 1962 quoniam
645 1922 696 1952 ille
720 1922 805 1960 ignis
832 1924 951 1952 cremat

179 1987 311 2018 corpora
323 2002 330 2015 ,
357 1978 475 2007 cremat
503 1976 662 2005 daemones
674 1999 682 2012 ,
710 1978 828 2005 cremat
855 1975 951 2005 etiam

179 2031 302 2061 animas
318 2031 487 2069 separatas,
503 2028 574 2058 ideo
590 2036 661 2067 pars
676 2027 735 2058 ista
750 2027 844 2057 habet
860 2029 922 2057 tres
941 2036 948 2057 :

180 2084 212 2114 in
227 2084 329 2124 prima
352 2081 557 2118 determinat,
582 2080 716 2121 qualiter
740 2080 858 2111 cruciet
878 2089 950 2110 cor-

180 2146 270 2177 pora3
288 2136 320 2166 in
335 2135 483 2172 secunda,
499 2134 633 2174 qualiter
643 2133 760 2164 cruciet
775 2133 949 2171 daemones,

179 2191 222 2221 ibi
238 2200 246 2221 :
261 2190 368 2228 Quoerz’
380 2190 478 2221 etiam
493 2187 568 2220 solet
583 2196 627 2220 αη
642 2187 799 2219 dcemones
814 2199 824 2223 ;
840 2189 873 2218 in
890 2189 950 2217 ter-

179 2244 222 2274 tia
238 2252 324 2281 vero,
339 2242 474 2282 qualiter
493 2241 612 2272 cruciet
634 2241 769 2277 animas,
785 2241 829 2270 ibi
847 2251 852 2270 :
873 2240 950 2271 Cum

180 2299 284 2329 autem
299 2298 417 2328 constet
432 2298 569 2326 animas.
589 2295 624 2325 111
644 2294 756 2325 ultimo
772 2301 848 2324 vero
863 2293 948 2332 capi-

179 2351 247 2382 tulo
261 2349 450 2381 determinat
468 2350 576 2379 utrum
599 2349 772 2387 resurgant
796 2349 947 2384 monstra,

181 2404 225 2434 ibi
242 2415 249 2434 ;
266 2404 371 2443 Neque
385 2404 469 2434 enim
479 2405 507 2434 et
522 2405 677 2434 monstra.

508 2505 576 2527 DUB.
599 2505 619 2526 1.

222 2568 284 2592 illud
301 2567 376 2592 etiam
391 2567 535 2599 investigari
550 2569 663 2598 oportet,
680 2567 700 2590 si
715 2567 822 2591 abortivi
838 2567 913 2591 toetus

381 2606 405 2627 et
419 2606 532 2627 monstra
546 2604 693 2634 resurgent,
708 2605 756 2626 etc.

227 2669 386 2708 Quaeritur
400 2669 459 2700 hoc
474 2670 511 2701 de
535 2669 684 2700 monstris
699 2671 729 2699 et
749 2669 948 2709 gigantibus

1010 1499 1119 1526 utrum
1135 1497 1322 1535 resurgant3
1342 1496 1372 1525 et
1386 1494 1470 1534 quod
1485 1494 1538 1530 sic,
1556 1493 1692 1530 videtur,
1704 1493 1781 1532 quia

1009 1549 1089 1579 nihil
1104 1550 1196 1580 debet
1214 1548 1356 1588 deperire
1374 1548 1526 1577 humanae
1548 1548 1681 1576 uaturae.
1703 1545 1780 1575 item

1010 1602 1168 1640 quomodo
1203 1603 1351 1641 poterunt
1390 1600 1559 1631 convenire
1594 1600 1779 1639 hujusmodi

1010 1655 1108 1685 moles
1123 1658 1187 1685 tam
1198 1663 1327 1693 magnae
1342 1654 1380 1684 de
1396 1653 1581 1692 corporibus
1597 1652 1777 1690 hominum,

1010 1718 1083 1739 cum
1098 1709 1162 1738 nati
1178 1708 1297 1738 fuerint
1311 1717 1351 1738 ex
1368 1707 1490 1738 Adam?

1050 1762 1140 1801 Resp.
1160 1761 1331 1792 Dicendum
1346 1760 1431 1800 quod
1447 1761 1587 1790 monstra
1602 1768 1665 1789 non
1679 1768 1781 1789 resur-

1010 1817 1098 1853 gent,
1116 1824 1174 1854 pro
1195 1824 1231 1844 eo
1246 1814 1329 1853 quod
1345 1822 1407 1843 non
1431 1815 1478 1843 est
1497 1812 1539 1842 ibi
1554 1815 1676 1842 naturae
1693 1812 1778 1842 veri-

1008 1871 1069 1906 tas,
1086 1869 1138 1899 sed
1155 1868 1260 1908 potius
1278 1876 1367 1897 error
1389 1876 1396 1897 :
1416 1866 1500 1896 unde
1522 1866 1547 1896 si
1563 1868 1636 1896 sunt
1652 1865 1779 1904 magni-

1008 1922 1117 1953 tudine
1134 1922 1282 1961 gigantes
1295 1921 1327 1950 in
1343 1920 1405 1957 via,
1422 1920 1455 1949 in
1470 1919 1571 1958 patria
1588 1928 1651 1949 non
1674 1921 1778 1949 erunt.

1009 1975 1041 2006 Si
1058 1984 1132 2005 vero
1147 1983 1273 2014 quaeras
1296 1973 1380 2004 unde
1401 1973 1572 2003 habuerint
1595 1975 1714 2010 ortum,
1731 1972 1780 2002 di-

1008 2029 1142 2059 cendum
1166 2028 1266 2067 quod,
1290 2027 1370 2057 sicut
1392 2028 1500 2057 narrat
1521 2026 1688 2065 Josephus,
1711 2025 1777 2056 dae-

1008 2091 1117 2112 mones
1142 2081 1248 2111 incubi
1274 2080 1444 2119 assumptis
1472 2079 1656 2119 corporibus
1679 2087 1776 2117 gene-

1007 2138 1088 2173 rant,
1112 2137 1143 2165 et
1162 2135 1288 2165 daemon
1311 2133 1448 2163 ostendit
1472 2132 1599 2163 mulieri
1619 2141 1693 2162 cum
1715 2142 1778 2172 qua

1007 2188 1177 2219 concubuit
1191 2188 1332 2226 figuram
1348 2186 1442 2216 talem
1460 2186 1597 2216 hominis
1617 2185 1750 2216 maximi
1766 2196 1772 2215 :

1007 2245 1037 2273 et
1057 2242 1126 2273 ideo
1149 2244 1218 2272 tum
1240 2242 1368 2280 propter
1391 2239 1522 2270 seminis
1544 2238 1778 2278 multiplicatio-

1007 2305 1091 2333 nem,
1109 2297 1177 2325 tum
1193 2296 1320 2334 propter
1334 2294 1484 2324 virtutem
1498 2293 1671 2323 animalem
1683 2301 1777 2332 gene-

1008 2351 1093 2379 ratus
1109 2347 1167 2377 fuit
1188 2348 1283 2377 homo
1305 2346 1394 2376 mirae
1413 2346 1656 2385 magnitudinis,
1672 2348 1703 2376 et
1723 2346 1777 2375 ille

1007 2400 1208 2441 postmodum
1223 2399 1299 2430 alios
1311 2399 1486 2438 generavit.
1504 2399 1537 2429 Si
1552 2408 1688 2438 quaeras,
1701 2408 1776 2438 quo-

1009 2456 1101 2486 modo
1122 2456 1248 2486 daemon
1270 2462 1424 2492 generare
1447 2455 1568 2493 potest,
1593 2462 1666 2482 cum
1691 2451 1777 2482 solus

1008 2510 1104 2540 homo
1122 2509 1253 2547 generet
1268 2507 1448 2543 hominem;
1469 2506 1508 2536 ad
1522 2506 1581 2535 hoc
1595 2504 1776 2544 responderi

1008 2564 1119 2602 potest,
1141 2560 1225 2601 quod
1238 2560 1375 2597 daemon,
1393 2559 1482 2599 prius
1498 2559 1662 2596 assumpta
1673 2556 1776 2595 effigie

1041 2643 1048 2658 ¹
1071 2642 1184 2671 August„
1202 2639 1343 2669 Eucltirz'd„
1364 2647 1386 2662 c.
1404 2645 1503 2667 mxxv,
1525 2645 1549 2660 ιι.
1570 2638 1607 2661 23.
1627 2649 1655 2653 —
1677 2636 1685 2651 ’ἓ
1705 2635 1777 2665 ibid„

1008 2685 1030 2701 c.
1045 2682 1189 2701 Lxxxvi.—
1203 2676 1211 2690 ³⁴
1223 2675 1296 2706 ibid„
1312 2683 1334 2699 c.
1352 2680 1468 2699 Lxxxvn.
