<?xml version="1.0" encoding="UTF-8"?>
<!DOCTYPE html PUBLIC "-//W3C//DTD XHTML 1.0 Transitional//EN"
    "http://www.w3.org/TR/xhtml1/DTD/xhtml1-transitional.dtd">
<html xmlns="http://www.w3.org/1999/xhtml" xml:lang="en" lang="en">
 <head>
  <title>
</title>
<meta http-equiv="Content-Type" content="text/html;charset=utf-8" />
  <meta name='ocr-system' content='tesseract 3.04.00' />
  <meta name='ocr-capabilities' content='ocr_page ocr_carea ocr_par ocr_line ocrx_word'/>
</head>
<body>
  <div class='ocr_page' id='page_1' title='image "./operaomniasixtiv06bonauoft/operaomniasixtiv06bonauoft_0658.png"; bbox 0 0 1991 3006; ppageno 0'>
   <div class='ocr_carea' id='block_1_1' title="bbox 209 235 267 264">
    <p class='ocr_par' dir='ltr' id='par_1_1' title="bbox 209 235 267 264">
     <span class='ocr_line' id='line_1_1' title="bbox 209 235 267 264; baseline 0 -1"><span class='ocrx_word' id='word_1_1' title='bbox 209 235 267 264; x_wconf 73' lang='lat'>632</span> 
     </span>
    </p>
   </div>
   <div class='ocr_carea' id='block_1_2' title="bbox 205 298 974 491">
    <p class='ocr_par' dir='ltr' id='par_1_2' title="bbox 205 298 974 491">
     <span class='ocr_line' id='line_1_2' title="bbox 208 298 974 340; baseline -0.004 -8"><span class='ocrx_word' id='word_1_2' title='bbox 208 299 307 332; x_wconf 83' lang='lat' dir='ltr'>Omne</span> <span class='ocrx_word' id='word_1_3' title='bbox 322 300 405 340; x_wconf 89' lang='lat' dir='ltr'>quod</span> <span class='ocrx_word' id='word_1_4' title='bbox 426 308 465 329; x_wconf 85' lang='lat' dir='ltr'>ex</span> <span class='ocrx_word' id='word_1_5' title='bbox 482 299 562 338; x_wconf 83' lang='lat' dir='ltr'>ipso,</span> <span class='ocrx_word' id='word_1_6' title='bbox 585 299 649 329; x_wconf 86' lang='lat' dir='ltr'>sore</span> <span class='ocrx_word' id='word_1_7' title='bbox 667 298 705 329; x_wconf 87' lang='lat' dir='ltr'>de</span> <span class='ocrx_word' id='word_1_8' title='bbox 725 299 764 337; x_wconf 86' lang='grc' dir='ltr'>(α)</span> <span class='ocrx_word' id='word_1_9' title='bbox 780 308 843 329; x_wconf 91' lang='lat' dir='ltr'>non</span> <span class='ocrx_word' id='word_1_10' title='bbox 860 298 974 330; x_wconf 79' lang='lat' dir='ltr'>dieitur</span> 
     </span>
     <span class='ocr_line' id='line_1_3' title="bbox 286 354 364 393; baseline 0.013 -10"><span class='ocrx_word' id='word_1_11' title='bbox 286 354 364 393; x_wconf 88' lang='lat' dir='ltr'>ipso.</span> 
     </span>
     <span class='ocr_line' id='line_1_4' title="bbox 205 405 971 447; baseline -0.004 -9"><span class='ocrx_word' id='word_1_12' title='bbox 205 407 247 438; x_wconf 89' lang='lat' dir='ltr'>De</span> <span class='ocrx_word' id='word_1_13' title='bbox 262 407 372 447; x_wconf 79' lang='lat' dir='ltr'>praeit,</span> <span class='ocrx_word' id='word_1_14' title='bbox 397 415 435 437; x_wconf 87' lang='lat' dir='ltr'>ex</span> <span class='ocrx_word' id='word_1_15' title='bbox 459 405 620 446; x_wconf 84' lang='lat' dir='ltr'>sequitur;</span> <span class='ocrx_word' id='word_1_16' title='bbox 641 406 781 437; x_wconf 83' lang='lat' dir='ltr'>converti</span> <span class='ocrx_word' id='word_1_17' title='bbox 802 415 866 436; x_wconf 91' lang='lat' dir='ltr'>non</span> <span class='ocrx_word' id='word_1_18' title='bbox 884 414 971 444; x_wconf 81' lang='lat' dir='ltr'>repe-</span> 
     </span>
     <span class='ocr_line' id='line_1_5' title="bbox 244 460 337 491; baseline 0.011 -1"><span class='ocrx_word' id='word_1_19' title='bbox 244 460 337 491; x_wconf 88' lang='lat' dir='ltr'>ritur.</span> 
     </span>
    </p>
   </div>
   <div class='ocr_carea' id='block_1_3' title="bbox 396 532 779 565">
    <p class='ocr_par' dir='ltr' id='par_1_3' title="bbox 396 532 779 565">
     <span class='ocr_line' id='line_1_6' title="bbox 396 532 779 565; baseline -0.005 0"><span class='ocrx_word' id='word_1_20' title='bbox 396 533 614 565; x_wconf 86' lang='lat' dir='ltr'>DISTINCTIO</span> <span class='ocrx_word' id='word_1_21' title='bbox 636 532 779 565; x_wconf 77' lang='lat' dir='ltr'>XXXVII.</span> 
     </span>
    </p>
   </div>
   <div class='ocr_carea' id='block_1_4' title="bbox 286 601 891 635">
    <p class='ocr_par' dir='ltr' id='par_1_4' title="bbox 286 601 891 635">
     <span class='ocr_line' id='line_1_7' title="bbox 286 601 891 635; baseline -0.003 -7"><span class='ocrx_word' id='word_1_22' title='bbox 286 602 383 635; x_wconf 81' lang='lat' dir='ltr'><em>Quibus</em></span> <span class='ocrx_word' id='word_1_23' title='bbox 396 601 483 628; x_wconf 71' lang='lat' dir='ltr'>modis</span> <span class='ocrx_word' id='word_1_24' title='bbox 498 601 605 628; x_wconf 78' lang='lat' dir='ltr'>dicatur</span> <span class='ocrx_word' id='word_1_25' title='bbox 622 601 688 627; x_wconf 80' lang='lat' dir='ltr'>Deus</span> <span class='ocrx_word' id='word_1_26' title='bbox 703 608 753 627; x_wconf 82' lang='lat' dir='ltr'>esse</span> <span class='ocrx_word' id='word_1_27' title='bbox 768 602 796 627; x_wconf 75' lang='lat' dir='ltr'>in</span> <span class='ocrx_word' id='word_1_28' title='bbox 809 601 891 627; x_wconf 77' lang='lat' dir='ltr'>rebus.</span> 
     </span>
    </p>
   </div>
   <div class='ocr_carea' id='block_1_5' title="bbox 274 672 902 704">
    <p class='ocr_par' dir='ltr' id='par_1_5' title="bbox 274 672 902 704">
     <span class='ocr_line' id='line_1_8' title="bbox 274 672 902 704; baseline -0.003 -7"><span class='ocrx_word' id='word_1_29' title='bbox 274 673 303 697; x_wconf 86' lang='lat' dir='ltr'>Et</span> <span class='ocrx_word' id='word_1_30' title='bbox 312 672 433 704; x_wconf 84' lang='lat' dir='ltr'>quoniam</span> <span class='ocrx_word' id='word_1_31' title='bbox 445 672 646 696; x_wconf 80' lang='lat' dir='ltr'>demonstratum</span> <span class='ocrx_word' id='word_1_32' title='bbox 659 674 697 695; x_wconf 78' lang='lat' dir='ltr'>est</span> <span class='ocrx_word' id='word_1_33' title='bbox 710 679 741 695; x_wconf 80' lang='lat' dir='ltr'>ex</span> <span class='ocrx_word' id='word_1_34' title='bbox 756 673 842 703; x_wconf 84' lang='lat' dir='ltr'>parte,</span> <span class='ocrx_word' id='word_1_35' title='bbox 855 674 902 695; x_wconf 82' lang='lat' dir='ltr'>etc.</span> 
     </span>
    </p>
   </div>
   <div class='ocr_carea' id='block_1_6' title="bbox 199 727 973 1193">
    <p class='ocr_par' dir='ltr' id='par_1_6' title="bbox 237 727 971 813">
     <span class='ocr_line' id='line_1_9' title="bbox 243 727 971 768; baseline -0.003 -10"><span class='ocrx_word' id='word_1_36' title='bbox 243 727 419 768; x_wconf 86' lang='lat' dir='ltr'>Tripliciter</span> <span class='ocrx_word' id='word_1_37' title='bbox 441 727 524 759; x_wconf 89' lang='lat' dir='ltr'>Deus</span> <span class='ocrx_word' id='word_1_38' title='bbox 545 730 591 759; x_wconf 74' lang='lat' dir='ltr'>est</span> <span class='ocrx_word' id='word_1_39' title='bbox 615 728 649 758; x_wconf 91' lang='lat' dir='ltr'>iu</span> <span class='ocrx_word' id='word_1_40' title='bbox 669 727 789 758; x_wconf 83' lang='lat' dir='ltr'>eunetis</span> <span class='ocrx_word' id='word_1_41' title='bbox 811 738 816 756; x_wconf 91' lang='lat'>:</span> <span class='ocrx_word' id='word_1_42' title='bbox 843 729 889 757; x_wconf 80' lang='lat' dir='ltr'>ast</span> <span class='ocrx_word' id='word_1_43' title='bbox 914 727 971 757; x_wconf 85' lang='lat' dir='ltr'>ha-</span> 
     </span>
     <span class='ocr_line' id='line_1_10' title="bbox 237 777 380 813; baseline 0.007 -1"><span class='ocrx_word' id='word_1_44' title='bbox 237 777 241 782; x_wconf 83' lang='lat'>&#39;</span> <span class='ocrx_word' id='word_1_45' title='bbox 281 783 380 813; x_wconf 78' lang='lat' dir='ltr'>bitare</span> 
     </span>
    </p>

    <p class='ocr_par' dir='ltr' id='par_1_7' title="bbox 203 835 908 875">
     <span class='ocr_line' id='line_1_11' title="bbox 203 835 908 875; baseline -0.001 -9"><span class='ocrx_word' id='word_1_46' title='bbox 203 836 320 867; x_wconf 79' lang='lat' dir='ltr'>Dicitur</span> <span class='ocrx_word' id='word_1_47' title='bbox 334 836 367 866; x_wconf 88' lang='lat' dir='ltr'>in</span> <span class='ocrx_word' id='word_1_48' title='bbox 380 836 505 874; x_wconf 82' lang='lat' dir='ltr'>sanctis,</span> <span class='ocrx_word' id='word_1_49' title='bbox 523 845 603 875; x_wconf 85' lang='lat' dir='ltr'>quos</span> <span class='ocrx_word' id='word_1_50' title='bbox 617 835 705 866; x_wconf 88' lang='lat' dir='ltr'>novit</span> <span class='ocrx_word' id='word_1_51' title='bbox 718 835 908 874; x_wconf 77' lang='lat' dir='ltr'>gratificare.</span> 
     </span>
    </p>

    <p class='ocr_par' dir='ltr' id='par_1_8' title="bbox 201 887 973 979">
     <span class='ocr_line' id='line_1_12' title="bbox 201 887 973 929; baseline -0.003 -10"><span class='ocrx_word' id='word_1_52' title='bbox 201 889 278 920; x_wconf 88' lang='lat' dir='ltr'>Cum</span> <span class='ocrx_word' id='word_1_53' title='bbox 296 889 336 919; x_wconf 87' lang='lat' dir='ltr'>sit</span> <span class='ocrx_word' id='word_1_54' title='bbox 357 889 474 929; x_wconf 86' lang='lat' dir='ltr'>ubique</span> <span class='ocrx_word' id='word_1_55' title='bbox 498 888 594 926; x_wconf 84' lang='lat' dir='ltr'>Deus,</span> <span class='ocrx_word' id='word_1_56' title='bbox 615 887 724 927; x_wconf 87' lang='lat' dir='ltr'>nequit</span> <span class='ocrx_word' id='word_1_57' title='bbox 748 897 766 918; x_wconf 81' lang='lat' dir='ltr'>a</span> <span class='ocrx_word' id='word_1_58' title='bbox 788 888 884 918; x_wconf 81' lang='lat' dir='ltr'>rebus</span> <span class='ocrx_word' id='word_1_59' title='bbox 904 896 973 918; x_wconf 88' lang='lat' dir='ltr'>ma-</span> 
     </span>
     <span class='ocr_line' id='line_1_13' title="bbox 279 942 395 979; baseline 0 -7"><span class='ocrx_word' id='word_1_60' title='bbox 279 942 395 979; x_wconf 71' lang='lat' dir='ltr'>eulari3</span> 
     </span>
    </p>

    <p class='ocr_par' dir='ltr' id='par_1_9' title="bbox 199 994 971 1079">
     <span class='ocr_line' id='line_1_14' title="bbox 199 994 971 1034; baseline -0.003 -8"><span class='ocrx_word' id='word_1_61' title='bbox 199 995 315 1026; x_wconf 82' lang='lat' dir='ltr'>Cuncta</span> <span class='ocrx_word' id='word_1_62' title='bbox 330 997 437 1026; x_wconf 84' lang='lat' dir='ltr'>movet</span> <span class='ocrx_word' id='word_1_63' title='bbox 452 995 585 1031; x_wconf 81' lang='lat' dir='ltr'>stabilis;</span> <span class='ocrx_word' id='word_1_64' title='bbox 605 994 699 1031; x_wconf 74' lang='lat' dir='ltr'>locat,</span> <span class='ocrx_word' id='word_1_65' title='bbox 724 996 753 1025; x_wconf 86' lang='lat' dir='ltr'>et</span> <span class='ocrx_word' id='word_1_66' title='bbox 777 994 887 1034; x_wconf 84' lang='lat' dir='ltr'>nequit</span> <span class='ocrx_word' id='word_1_67' title='bbox 906 994 971 1033; x_wconf 88' lang='lat' dir='ltr'>ipse</span> 
     </span>
     <span class='ocr_line' id='line_1_15' title="bbox 277 1048 383 1079; baseline 0.009 -1"><span class='ocrx_word' id='word_1_68' title='bbox 277 1048 383 1079; x_wconf 54' lang='lat' dir='ltr'>locari.</span> 
     </span>
    </p>

    <p class='ocr_par' dir='ltr' id='par_1_10' title="bbox 199 1100 883 1140">
     <span class='ocr_line' id='line_1_16' title="bbox 199 1100 883 1140; baseline -0.004 -8"><span class='ocrx_word' id='word_1_69' title='bbox 199 1101 340 1138; x_wconf 67' lang='lat' dir='ltr'>Quodam</span> <span class='ocrx_word' id='word_1_70' title='bbox 357 1101 433 1131; x_wconf 75' lang='lat' dir='ltr'>seito</span> <span class='ocrx_word' id='word_1_71' title='bbox 449 1101 541 1131; x_wconf 86' lang='lat' dir='ltr'>modo</span> <span class='ocrx_word' id='word_1_72' title='bbox 557 1102 686 1131; x_wconf 87' lang='lat' dir='ltr'>naturas</span> <span class='ocrx_word' id='word_1_73' title='bbox 704 1100 883 1140; x_wconf 79' lang='lat' dir='ltr'>spirituales</span> 
     </span>
    </p>

    <p class='ocr_par' dir='ltr' id='par_1_11' title="bbox 199 1154 969 1193">
     <span class='ocr_line' id='line_1_17' title="bbox 199 1154 969 1193; baseline -0.001 -9"><span class='ocrx_word' id='word_1_74' title='bbox 199 1154 529 1193; x_wconf 76' lang='lat' dir='ltr'>circumscriptibiles,</span> <span class='ocrx_word' id='word_1_75' title='bbox 547 1163 670 1184; x_wconf 77' lang='lat' dir='ltr'>necnon</span> <span class='ocrx_word' id='word_1_76' title='bbox 685 1154 743 1184; x_wconf 83' lang='lat' dir='ltr'>has</span> <span class='ocrx_word' id='word_1_77' title='bbox 762 1163 830 1183; x_wconf 78' lang='lat' dir='ltr'>esse</span> <span class='ocrx_word' id='word_1_78' title='bbox 845 1154 969 1184; x_wconf 70' lang='lat' dir='ltr'>locales.</span> 
     </span>
    </p>
   </div>
   <div class='ocr_carea' id='block_1_7' title="bbox 199 1198 949 1247">
    <p class='ocr_par' dir='ltr' id='par_1_12' title="bbox 199 1198 949 1247">
     <span class='ocr_line' id='line_1_18' title="bbox 199 1198 949 1247; baseline 0.001 -10"><span class='ocrx_word' id='word_1_79' title='bbox 199 1206 352 1247; x_wconf 81' lang='lat' dir='ltr'>Tempore</span> <span class='ocrx_word' id='word_1_80' title='bbox 367 1210 542 1246; x_wconf 81' lang='lat' dir='ltr'>mutantur,</span> <span class='ocrx_word' id='word_1_81' title='bbox 559 1198 672 1238; x_wconf 74' lang='lat' dir='ltr'>affeetu</span> <span class='ocrx_word' id='word_1_82' title='bbox 695 1217 758 1238; x_wconf 92' lang='lat' dir='ltr'>nou</span> <span class='ocrx_word' id='word_1_83' title='bbox 774 1208 949 1238; x_wconf 85' lang='lat' dir='ltr'>variantur.</span> 
     </span>
    </p>
   </div>
   <div class='ocr_carea' id='block_1_8' title="bbox 387 1317 786 1350">
    <p class='ocr_par' dir='ltr' id='par_1_13' title="bbox 387 1317 786 1350">
     <span class='ocr_line' id='line_1_19' title="bbox 387 1317 786 1350; baseline 0.003 -2"><span class='ocrx_word' id='word_1_84' title='bbox 387 1317 604 1350; x_wconf 87' lang='lat' dir='ltr'>DISTINCTIO</span> <span class='ocrx_word' id='word_1_85' title='bbox 627 1318 786 1350; x_wconf 82' lang='lat' dir='ltr'>XXXVIII.</span> 
     </span>
    </p>
   </div>
   <div class='ocr_carea' id='block_1_9' title="bbox 200 1397 969 1467">
    <p class='ocr_par' dir='ltr' id='par_1_14' title="bbox 200 1397 969 1467">
     <span class='ocr_line' id='line_1_20' title="bbox 200 1397 969 1431; baseline 0 -8"><span class='ocrx_word' id='word_1_86' title='bbox 200 1397 251 1423; x_wconf 80' lang='lat' dir='ltr'>Hic</span> <span class='ocrx_word' id='word_1_87' title='bbox 266 1397 336 1424; x_wconf 80' lang='lat' dir='ltr'>redit</span> <span class='ocrx_word' id='word_1_88' title='bbox 353 1397 390 1423; x_wconf 82' lang='lat' dir='ltr'>ad</span> <span class='ocrx_word' id='word_1_89' title='bbox 402 1398 566 1431; x_wconf 78' lang='lat' dir='ltr'>propositum</span> <span class='ocrx_word' id='word_1_90' title='bbox 577 1416 583 1428; x_wconf 85' lang='lat'><strong><em>‚</em></strong></span> <span class='ocrx_word' id='word_1_91' title='bbox 604 1399 722 1431; x_wconf 76' lang='lat' dir='ltr'>repetens</span> <span class='ocrx_word' id='word_1_92' title='bbox 741 1397 862 1431; x_wconf 83' lang='lat' dir='ltr'>superius</span> <span class='ocrx_word' id='word_1_93' title='bbox 882 1397 969 1428; x_wconf 68' lang='lat' dir='ltr'>clieta,</span> 
     </span>
     <span class='ocr_line' id='line_1_21' title="bbox 476 1440 686 1467; baseline 0.005 -1"><span class='ocrx_word' id='word_1_94' title='bbox 476 1442 503 1467; x_wconf 76' lang='lat' dir='ltr'>uc</span> <span class='ocrx_word' id='word_1_95' title='bbox 519 1440 604 1467; x_wconf 75' lang='lat' dir='ltr'>addat</span> <span class='ocrx_word' id='word_1_96' title='bbox 620 1441 686 1467; x_wconf 75' lang='lat' dir='ltr'>ulia.</span> 
     </span>
    </p>
   </div>
   <div class='ocr_carea' id='block_1_10' title="bbox 277 1520 895 1552">
    <p class='ocr_par' dir='ltr' id='par_1_15' title="bbox 277 1520 895 1552">
     <span class='ocr_line' id='line_1_22' title="bbox 277 1520 895 1552; baseline 0.002 -8"><span class='ocrx_word' id='word_1_97' title='bbox 277 1520 349 1544; x_wconf 82' lang='lat' dir='ltr'>Nune</span> <span class='ocrx_word' id='word_1_98' title='bbox 362 1527 422 1552; x_wconf 80' lang='lat' dir='ltr'>ergo</span> <span class='ocrx_word' id='word_1_99' title='bbox 438 1521 469 1545; x_wconf 83' lang='lat' dir='ltr'>ad</span> <span class='ocrx_word' id='word_1_100' title='bbox 487 1521 646 1552; x_wconf 82' lang='lat' dir='ltr'>propositum</span> <span class='ocrx_word' id='word_1_101' title='bbox 661 1522 830 1552; x_wconf 75' lang='lat' dir='ltr'>revertentes,</span> <span class='ocrx_word' id='word_1_102' title='bbox 849 1523 895 1545; x_wconf 71' lang='lat' dir='ltr'>etr.</span> 
     </span>
    </p>
   </div>
   <div class='ocr_carea' id='block_1_11' title="bbox 202 1582 973 1937">
    <p class='ocr_par' dir='ltr' id='par_1_16' title="bbox 202 1582 973 1937">
     <span class='ocr_line' id='line_1_23' title="bbox 242 1582 971 1623; baseline 0.001 -10"><span class='ocrx_word' id='word_1_103' title='bbox 242 1582 320 1613; x_wconf 85' lang='lat' dir='ltr'>Hinc</span> <span class='ocrx_word' id='word_1_104' title='bbox 342 1583 489 1622; x_wconf 80' lang='lat' dir='ltr'>praeseire</span> <span class='ocrx_word' id='word_1_105' title='bbox 511 1583 582 1621; x_wconf 89' lang='lat' dir='ltr'>Dei,</span> <span class='ocrx_word' id='word_1_106' title='bbox 609 1584 734 1623; x_wconf 78' lang='lat' dir='ltr'>proprie</span> <span class='ocrx_word' id='word_1_107' title='bbox 754 1593 818 1614; x_wconf 88' lang='lat' dir='ltr'>uon</span> <span class='ocrx_word' id='word_1_108' title='bbox 839 1593 905 1614; x_wconf 81' lang='lat' dir='ltr'>esse</span> <span class='ocrx_word' id='word_1_109' title='bbox 921 1584 971 1614; x_wconf 88' lang='lat' dir='ltr'>fu-</span> 
     </span>
     <span class='ocr_line' id='line_1_24' title="bbox 280 1639 362 1667; baseline 0 0"><span class='ocrx_word' id='word_1_110' title='bbox 280 1639 362 1667; x_wconf 82' lang='lat' dir='ltr'>turae</span> 
     </span>
     <span class='ocr_line' id='line_1_25' title="bbox 202 1690 930 1728; baseline 0.001 -7"><span class='ocrx_word' id='word_1_111' title='bbox 202 1691 333 1721; x_wconf 77' lang='lat' dir='ltr'>Causam</span> <span class='ocrx_word' id='word_1_112' title='bbox 349 1690 427 1720; x_wconf 84' lang='lat' dir='ltr'>seito</span> <span class='ocrx_word' id='word_1_113' title='bbox 442 1691 497 1728; x_wconf 87' lang='lat' dir='ltr'>rei,</span> <span class='ocrx_word' id='word_1_114' title='bbox 514 1691 568 1720; x_wconf 86' lang='lat' dir='ltr'>tibi</span> <span class='ocrx_word' id='word_1_115' title='bbox 585 1690 625 1720; x_wconf 87' lang='lat' dir='ltr'>sit</span> <span class='ocrx_word' id='word_1_116' title='bbox 638 1693 821 1721; x_wconf 74' lang='lat' dir='ltr'>convertere</span> <span class='ocrx_word' id='word_1_117' title='bbox 834 1700 930 1722; x_wconf 73' lang='lat' dir='ltr'>rurae.</span> 
     </span>
     <span class='ocr_line' id='line_1_26' title="bbox 202 1743 973 1784; baseline 0.003 -11"><span class='ocrx_word' id='word_1_118' title='bbox 202 1743 265 1773; x_wconf 86' lang='lat' dir='ltr'>Scit</span> <span class='ocrx_word' id='word_1_119' title='bbox 279 1743 362 1773; x_wconf 81' lang='lat' dir='ltr'>bona</span> <span class='ocrx_word' id='word_1_120' title='bbox 376 1743 544 1780; x_wconf 79' lang='lat' dir='ltr'>laudando⁷</span> <span class='ocrx_word' id='word_1_121' title='bbox 560 1743 643 1773; x_wconf 85' lang='lat' dir='ltr'>mala</span> <span class='ocrx_word' id='word_1_122' title='bbox 654 1744 789 1783; x_wconf 79' lang='lat' dir='ltr'>praescit,</span> <span class='ocrx_word' id='word_1_123' title='bbox 802 1744 855 1774; x_wconf 84' lang='lat' dir='ltr'>sed</span> <span class='ocrx_word' id='word_1_124' title='bbox 869 1754 973 1784; x_wconf 79' lang='lat' dir='ltr'>repro-</span> 
     </span>
     <span class='ocr_line' id='line_1_27' title="bbox 279 1797 393 1827; baseline 0.009 -1"><span class='ocrx_word' id='word_1_125' title='bbox 279 1797 393 1827; x_wconf 86' lang='lat' dir='ltr'>bando.</span> 
     </span>
     <span class='ocr_line' id='line_1_28' title="bbox 203 1848 838 1888; baseline 0.003 -10"><span class='ocrx_word' id='word_1_126' title='bbox 203 1848 256 1879; x_wconf 80' lang='lat' dir='ltr'>Est</span> <span class='ocrx_word' id='word_1_127' title='bbox 271 1848 464 1888; x_wconf 86' lang='lat' dir='ltr'>impossihile</span> <span class='ocrx_word' id='word_1_128' title='bbox 480 1850 626 1888; x_wconf 80' lang='lat' dir='ltr'>praeseire</span> <span class='ocrx_word' id='word_1_129' title='bbox 642 1850 695 1880; x_wconf 82' lang='lat' dir='ltr'>Dei</span> <span class='ocrx_word' id='word_1_130' title='bbox 711 1850 838 1880; x_wconf 86' lang='lat' dir='ltr'>variari.</span> 
     </span>
     <span class='ocr_line' id='line_1_29' title="bbox 202 1900 871 1937; baseline 0.001 -5"><span class='ocrx_word' id='word_1_131' title='bbox 202 1900 342 1932; x_wconf 82' lang='lat' dir='ltr'>Junctim</span> <span class='ocrx_word' id='word_1_132' title='bbox 356 1901 403 1932; x_wconf 83' lang='lat' dir='ltr'>dic</span> <span class='ocrx_word' id='word_1_133' title='bbox 421 1911 542 1937; x_wconf 80' lang='lat' dir='ltr'>verum,</span> <span class='ocrx_word' id='word_1_134' title='bbox 560 1902 688 1933; x_wconf 83' lang='lat' dir='ltr'>divisim</span> <span class='ocrx_word' id='word_1_135' title='bbox 705 1903 871 1933; x_wconf 80' lang='lat' dir='ltr'>falsificari.</span> 
     </span>
    </p>
   </div>
   <div class='ocr_carea' id='block_1_12' title="bbox 406 2013 773 2046">
    <p class='ocr_par' dir='ltr' id='par_1_17' title="bbox 406 2013 773 2046">
     <span class='ocr_line' id='line_1_30' title="bbox 406 2013 773 2046; baseline 0.005 -2"><span class='ocrx_word' id='word_1_136' title='bbox 406 2013 619 2046; x_wconf 78' lang='lat' dir='ltr'>DISTINCTIO</span> <span class='ocrx_word' id='word_1_137' title='bbox 642 2015 773 2046; x_wconf 78' lang='lat' dir='ltr'>XXXIX.</span> 
     </span>
    </p>
   </div>
   <div class='ocr_carea' id='block_1_13' title="bbox 209 2096 975 2212">
    <p class='ocr_par' dir='ltr' id='par_1_18' title="bbox 209 2096 975 2212">
     <span class='ocr_line' id='line_1_31' title="bbox 209 2096 975 2132; baseline 0.003 -10"><span class='ocrx_word' id='word_1_138' title='bbox 209 2096 299 2122; x_wconf 75' lang='lat' dir='ltr'>Uerum</span> <span class='ocrx_word' id='word_1_139' title='bbox 319 2097 366 2123; x_wconf 78' lang='lat' dir='ltr'>Dei</span> <span class='ocrx_word' id='word_1_140' title='bbox 386 2097 499 2123; x_wconf 72' lang='lat' dir='ltr'>scientia</span> <span class='ocrx_word' id='word_1_141' title='bbox 515 2099 600 2131; x_wconf 75' lang='lat' dir='ltr'>possit</span> <span class='ocrx_word' id='word_1_142' title='bbox 622 2099 730 2132; x_wconf 66' lang='lat' dir='ltr'>auqeri,</span> <span class='ocrx_word' id='word_1_143' title='bbox 750 2098 792 2125; x_wconf 83' lang='lat' dir='ltr'>vel</span> <span class='ocrx_word' id='word_1_144' title='bbox 809 2099 910 2128; x_wconf 70' lang='lat' dir='ltr'>minui,</span> <span class='ocrx_word' id='word_1_145' title='bbox 934 2099 975 2124; x_wconf 76' lang='lat' dir='ltr'>vel</span> 
     </span>
     <span class='ocr_line' id='line_1_32' title="bbox 241 2140 974 2177; baseline 0.004 -11"><span class='ocrx_word' id='word_1_146' title='bbox 241 2141 296 2167; x_wconf 79' lang='lat' dir='ltr'>alio</span> <span class='ocrx_word' id='word_1_147' title='bbox 316 2140 392 2167; x_wconf 83' lang='lat' dir='ltr'>modo</span> <span class='ocrx_word' id='word_1_148' title='bbox 411 2142 526 2173; x_wconf 78' lang='lat' dir='ltr'>mutari,</span> <span class='ocrx_word' id='word_1_149' title='bbox 542 2143 681 2176; x_wconf 78' lang='lat' dir='ltr'>utrumque</span> <span class='ocrx_word' id='word_1_150' title='bbox 695 2142 802 2169; x_wconf 75' lang='lat' dir='ltr'>videtur</span> <span class='ocrx_word' id='word_1_151' title='bbox 816 2149 893 2176; x_wconf 80' lang='lat' dir='ltr'>posse</span> <span class='ocrx_word' id='word_1_152' title='bbox 909 2150 974 2177; x_wconf 78' lang='lat' dir='ltr'>pro-</span> 
     </span>
     <span class='ocr_line' id='line_1_33' title="bbox 242 2185 310 2212; baseline -0.015 -1"><span class='ocrx_word' id='word_1_153' title='bbox 242 2185 310 2212; x_wconf 79' lang='lat' dir='ltr'>bari.</span> 
     </span>
    </p>
   </div>
   <div class='ocr_carea' id='block_1_14' title="bbox 259 2270 921 2301">
    <p class='ocr_par' dir='ltr' id='par_1_19' title="bbox 259 2270 921 2301">
     <span class='ocr_line' id='line_1_34' title="bbox 259 2270 921 2301; baseline 0.005 -8"><span class='ocrx_word' id='word_1_154' title='bbox 259 2271 383 2294; x_wconf 78' lang='lat' dir='ltr'>Praeterea</span> <span class='ocrx_word' id='word_1_155' title='bbox 397 2270 461 2294; x_wconf 74' lang='lat' dir='ltr'>sole-t</span> <span class='ocrx_word' id='word_1_156' title='bbox 475 2271 566 2301; x_wconf 66' lang='lat' dir='ltr'>quaeri,</span> <span class='ocrx_word' id='word_1_157' title='bbox 580 2272 664 2295; x_wconf 81' lang='lat' dir='ltr'>utrum</span> <span class='ocrx_word' id='word_1_158' title='bbox 674 2272 779 2295; x_wconf 83' lang='lat' dir='ltr'>scientia</span> <span class='ocrx_word' id='word_1_159' title='bbox 794 2272 838 2296; x_wconf 87' lang='lat' dir='ltr'>Dei</span> <span class='ocrx_word' id='word_1_160' title='bbox 851 2290 857 2301; x_wconf 87' lang='lat'>‚</span> <span class='ocrx_word' id='word_1_161' title='bbox 873 2274 921 2296; x_wconf 79' lang='lat' dir='ltr'>ete.</span> 
     </span>
    </p>
   </div>
   <div class='ocr_carea' id='block_1_15' title="bbox 207 2331 976 2629">
    <p class='ocr_par' dir='ltr' id='par_1_20' title="bbox 207 2331 976 2586">
     <span class='ocr_line' id='line_1_35' title="bbox 245 2331 974 2373; baseline 0.004 -11"><span class='ocrx_word' id='word_1_162' title='bbox 245 2331 330 2362; x_wconf 85' lang='lat' dir='ltr'>Scire</span> <span class='ocrx_word' id='word_1_163' title='bbox 346 2331 398 2362; x_wconf 81' lang='lat' dir='ltr'>Dei</span> <span class='ocrx_word' id='word_1_164' title='bbox 416 2333 516 2363; x_wconf 88' lang='lat' dir='ltr'>minui</span> <span class='ocrx_word' id='word_1_165' title='bbox 534 2333 661 2372; x_wconf 77' lang='lat' dir='ltr'>nequit,</span> <span class='ocrx_word' id='word_1_166' title='bbox 678 2334 808 2373; x_wconf 79' lang='lat' dir='ltr'>augeri,</span> <span class='ocrx_word' id='word_1_167' title='bbox 831 2334 949 2365; x_wconf 87' lang='lat' dir='ltr'>variari</span> <span class='ocrx_word' id='word_1_168' title='bbox 968 2346 974 2365; x_wconf 88' lang='lat'><strong>:</strong></span> 
     </span>
     <span class='ocr_line' id='line_1_36' title="bbox 207 2385 936 2426; baseline 0.004 -11"><span class='ocrx_word' id='word_1_169' title='bbox 207 2385 267 2416; x_wconf 89' lang='lat' dir='ltr'>Sed</span> <span class='ocrx_word' id='word_1_170' title='bbox 282 2394 330 2416; x_wconf 87' lang='lat' dir='ltr'>res</span> <span class='ocrx_word' id='word_1_171' title='bbox 345 2385 498 2425; x_wconf 80' lang='lat' dir='ltr'>praeseita,</span> <span class='ocrx_word' id='word_1_172' title='bbox 515 2386 615 2416; x_wconf 87' lang='lat' dir='ltr'>minui</span> <span class='ocrx_word' id='word_1_173' title='bbox 630 2387 713 2426; x_wconf 80' lang='lat' dir='ltr'>quit,</span> <span class='ocrx_word' id='word_1_174' title='bbox 731 2392 760 2417; x_wconf 87' lang='lat' dir='ltr'>et</span> <span class='ocrx_word' id='word_1_175' title='bbox 775 2389 936 2418; x_wconf 77' lang='lat' dir='ltr'>evacuari.</span> 
     </span>
     <span class='ocr_line' id='line_1_37' title="bbox 207 2438 976 2480; baseline 0.005 -12"><span class='ocrx_word' id='word_1_176' title='bbox 207 2438 301 2469; x_wconf 88' lang='lat' dir='ltr'>Plura</span> <span class='ocrx_word' id='word_1_177' title='bbox 315 2441 415 2478; x_wconf 84' lang='lat' dir='ltr'>potest</span> <span class='ocrx_word' id='word_1_178' title='bbox 429 2440 517 2476; x_wconf 82' lang='lat' dir='ltr'>seire,</span> <span class='ocrx_word' id='word_1_179' title='bbox 534 2448 631 2478; x_wconf 84' lang='lat' dir='ltr'>quam</span> <span class='ocrx_word' id='word_1_180' title='bbox 648 2440 704 2470; x_wconf 79' lang='lat' dir='ltr'>seit</span> <span class='ocrx_word' id='word_1_181' title='bbox 714 2464 723 2477; x_wconf 83' lang='grc'>,</span> <span class='ocrx_word' id='word_1_182' title='bbox 738 2441 761 2470; x_wconf 81' lang='lat' dir='ltr'>si</span> <span class='ocrx_word' id='word_1_183' title='bbox 776 2441 976 2480; x_wconf 74' lang='lat' dir='ltr'>discutiatur,</span> 
     </span>
     <span class='ocr_line' id='line_1_38' title="bbox 208 2492 930 2534; baseline 0.004 -12"><span class='ocrx_word' id='word_1_184' title='bbox 208 2492 291 2530; x_wconf 87' lang='lat' dir='ltr'>Quot</span> <span class='ocrx_word' id='word_1_185' title='bbox 307 2493 452 2532; x_wconf 80' lang='lat' dir='ltr'>praescire</span> <span class='ocrx_word' id='word_1_186' title='bbox 467 2492 566 2522; x_wconf 77' lang='lat' dir='ltr'>modis</span> <span class='ocrx_word' id='word_1_187' title='bbox 585 2501 603 2522; x_wconf 83' lang='lat' dir='ltr'>a</span> <span class='ocrx_word' id='word_1_188' title='bbox 620 2493 732 2522; x_wconf 79' lang='lat' dir='ltr'>sanctis</span> <span class='ocrx_word' id='word_1_189' title='bbox 749 2494 930 2534; x_wconf 73' lang='lat' dir='ltr'>accipiatur.</span> 
     </span>
     <span class='ocr_line' id='line_1_39' title="bbox 210 2544 976 2586; baseline 0.005 -11"><span class='ocrx_word' id='word_1_190' title='bbox 210 2544 279 2575; x_wconf 91' lang='lat' dir='ltr'>Non</span> <span class='ocrx_word' id='word_1_191' title='bbox 294 2547 399 2576; x_wconf 87' lang='lat' dir='ltr'>tamen</span> <span class='ocrx_word' id='word_1_192' title='bbox 414 2545 480 2585; x_wconf 86' lang='lat' dir='ltr'>ipse</span> <span class='ocrx_word' id='word_1_193' title='bbox 495 2545 609 2583; x_wconf 82' lang='lat' dir='ltr'>sciens,</span> <span class='ocrx_word' id='word_1_194' title='bbox 627 2546 679 2575; x_wconf 88' lang='lat' dir='ltr'>sed</span> <span class='ocrx_word' id='word_1_195' title='bbox 695 2547 779 2586; x_wconf 90' lang='lat' dir='ltr'>quod</span> <span class='ocrx_word' id='word_1_196' title='bbox 794 2547 901 2586; x_wconf 79' lang='lat' dir='ltr'>scitur,</span> <span class='ocrx_word' id='word_1_197' title='bbox 920 2558 976 2579; x_wconf 85' lang='lat' dir='ltr'>va-</span> 
     </span>
    </p>

    <p class='ocr_par' dir='ltr' id='par_1_21' title="bbox 291 2598 402 2629">
     <span class='ocr_line' id='line_1_40' title="bbox 291 2598 402 2629; baseline 0.009 -1"><span class='ocrx_word' id='word_1_198' title='bbox 291 2598 402 2629; x_wconf 85' lang='lat' dir='ltr'>riatur.</span> 
     </span>
    </p>
   </div>
   <div class='ocr_carea' id='block_1_16' title="bbox 212 2678 977 2745">
    <p class='ocr_par' dir='ltr' id='par_1_22' title="bbox 212 2678 977 2745">
     <span class='ocr_line' id='line_1_41' title="bbox 244 2678 977 2711; baseline 0 -10"><span class='ocrx_word' id='word_1_199' title='bbox 244 2678 274 2707; x_wconf 81' lang='grc' dir='ltr'>(ιι)</span> <span class='ocrx_word' id='word_1_200' title='bbox 293 2679 352 2703; x_wconf 79' lang='lat' dir='ltr'>Caet.</span> <span class='ocrx_word' id='word_1_201' title='bbox 368 2679 427 2703; x_wconf 69' lang='lat' dir='ltr'>erm.</span> <span class='ocrx_word' id='word_1_202' title='bbox 444 2686 489 2703; x_wconf 79' lang='lat' dir='ltr'>non</span> <span class='ocrx_word' id='word_1_203' title='bbox 504 2679 591 2702; x_wconf 57' lang='lat' dir='ltr'>liabent</span> <span class='ocrx_word' id='word_1_204' title='bbox 607 2679 679 2703; x_wconf 73' lang='lat' dir='ltr'>‹le.-</span> <span class='ocrx_word' id='word_1_205' title='bbox 692 2679 725 2708; x_wconf 70' lang='grc' dir='ltr'>(ὸ)</span> <span class='ocrx_word' id='word_1_206' title='bbox 742 2679 835 2703; x_wconf 64' lang='lat' dir='ltr'>Forsan</span> <span class='ocrx_word' id='word_1_207' title='bbox 847 2680 977 2711; x_wconf 59' lang='lat' dir='ltr'>leyemlum</span> 
     </span>
     <span class='ocr_line' id='line_1_42' title="bbox 212 2713 790 2745; baseline 0.002 -8"><span class='ocrx_word' id='word_1_208' title='bbox 212 2713 358 2738; x_wconf 66' lang='lat' dir='ltr'>rectificare.</span> <span class='ocrx_word' id='word_1_209' title='bbox 375 2727 403 2732; x_wconf 97' lang='lat'>—</span> <span class='ocrx_word' id='word_1_210' title='bbox 420 2715 447 2745; x_wconf 70' lang='lat' dir='ltr'>(c)</span> <span class='ocrx_word' id='word_1_211' title='bbox 467 2715 526 2738; x_wconf 68' lang='lat' dir='ltr'>Cret.</span> <span class='ocrx_word' id='word_1_212' title='bbox 543 2714 602 2738; x_wconf 75' lang='lat' dir='ltr'>erlzl.</span> <span class='ocrx_word' id='word_1_213' title='bbox 619 2714 790 2745; x_wconf 70' lang='lat' dir='ltr'>praedestinat.</span> 
     </span>
    </p>
   </div>
   <div class='ocr_carea' id='block_1_17' title="bbox 719 230 1290 263">
    <p class='ocr_par' dir='ltr' id='par_1_23' title="bbox 719 230 1290 263">
     <span class='ocr_line' id='line_1_43' title="bbox 719 230 1290 263; baseline 0.004 -2"><span class='ocrx_word' id='word_1_214' title='bbox 719 230 950 262; x_wconf 79' lang='lat' dir='ltr'>SENTENTIAE</span> <span class='ocrx_word' id='word_1_215' title='bbox 971 230 1290 263; x_wconf 78' lang='lat' dir='ltr'>SENTENTIARUM.</span> 
     </span>
    </p>
   </div>
   <div class='ocr_carea' id='block_1_18' title="bbox 1031 298 1799 662">
    <p class='ocr_par' dir='ltr' id='par_1_24' title="bbox 1032 298 1799 391">
     <span class='ocr_line' id='line_1_44' title="bbox 1032 298 1799 343; baseline 0.008 -14"><span class='ocrx_word' id='word_1_216' title='bbox 1032 298 1146 330; x_wconf 86' lang='lat' dir='ltr'>Curam</span> <span class='ocrx_word' id='word_1_217' title='bbox 1171 300 1209 330; x_wconf 84' lang='lat' dir='ltr'>de</span> <span class='ocrx_word' id='word_1_218' title='bbox 1234 300 1334 330; x_wconf 89' lang='lat' dir='ltr'>brutis</span> <span class='ocrx_word' id='word_1_219' title='bbox 1354 301 1447 332; x_wconf 87' lang='lat' dir='ltr'>habet</span> <span class='ocrx_word' id='word_1_220' title='bbox 1469 302 1535 340; x_wconf 82' lang='lat' dir='ltr'>ipse</span> <span class='ocrx_word' id='word_1_221' title='bbox 1560 302 1641 334; x_wconf 80' lang='lat' dir='ltr'>Deus</span> <span class='ocrx_word' id='word_1_222' title='bbox 1663 312 1799 343; x_wconf 85' lang='lat' dir='ltr'>genera-</span> 
     </span>
     <span class='ocr_line' id='line_1_45' title="bbox 1109 354 1192 391; baseline 0.012 -8"><span class='ocrx_word' id='word_1_223' title='bbox 1109 354 1170 384; x_wconf 62' lang='lat' dir='ltr'>lom</span> <span class='ocrx_word' id='word_1_224' title='bbox 1185 364 1192 391; x_wconf 90' lang='lat'>;</span> 
     </span>
    </p>

    <p class='ocr_par' dir='ltr' id='par_1_25' title="bbox 1031 406 1676 448">
     <span class='ocr_line' id='line_1_46' title="bbox 1031 406 1676 448; baseline 0.005 -12"><span class='ocrx_word' id='word_1_225' title='bbox 1031 406 1072 436; x_wconf 78' lang='lat' dir='ltr'>De</span> <span class='ocrx_word' id='word_1_226' title='bbox 1090 406 1233 437; x_wconf 80' lang='lat' dir='ltr'>rationali</span> <span class='ocrx_word' id='word_1_227' title='bbox 1247 416 1356 438; x_wconf 78' lang='lat' dir='ltr'>curam</span> <span class='ocrx_word' id='word_1_228' title='bbox 1372 408 1485 438; x_wconf 87' lang='lat' dir='ltr'>retinet</span> <span class='ocrx_word' id='word_1_229' title='bbox 1500 409 1676 448; x_wconf 79' lang='lat' dir='ltr'>speclalem.</span> 
     </span>
    </p>

    <p class='ocr_par' dir='ltr' id='par_1_26' title="bbox 1031 458 1798 543">
     <span class='ocr_line' id='line_1_47' title="bbox 1031 458 1798 500; baseline 0.008 -12"><span class='ocrx_word' id='word_1_230' title='bbox 1031 458 1286 500; x_wconf 85' lang='lat' dir='ltr'>Cunctorumque</span> <span class='ocrx_word' id='word_1_231' title='bbox 1308 461 1401 491; x_wconf 85' lang='lat' dir='ltr'>simul</span> <span class='ocrx_word' id='word_1_232' title='bbox 1426 462 1580 492; x_wconf 84' lang='lat' dir='ltr'>rati0ne1n</span> <span class='ocrx_word' id='word_1_233' title='bbox 1603 462 1659 492; x_wconf 84' lang='lat' dir='ltr'>scit</span> <span class='ocrx_word' id='word_1_234' title='bbox 1683 472 1798 494; x_wconf 86' lang='lat' dir='ltr'>nume-</span> 
     </span>
     <span class='ocr_line' id='line_1_48' title="bbox 1110 512 1219 543; baseline 0.009 -1"><span class='ocrx_word' id='word_1_235' title='bbox 1110 512 1219 543; x_wconf 81' lang='lat' dir='ltr'>raleul.</span> 
     </span>
    </p>

    <p class='ocr_par' dir='ltr' id='par_1_27' title="bbox 1032 565 1736 608">
     <span class='ocr_line' id='line_1_49' title="bbox 1032 565 1736 608; baseline 0.007 -13"><span class='ocrx_word' id='word_1_236' title='bbox 1032 565 1094 596; x_wconf 88' lang='lat' dir='ltr'>llos</span> <span class='ocrx_word' id='word_1_237' title='bbox 1103 575 1182 605; x_wconf 80' lang='lat' dir='ltr'>quos</span> <span class='ocrx_word' id='word_1_238' title='bbox 1197 566 1305 605; x_wconf 81' lang='lat' dir='ltr'>elegit,</span> <span class='ocrx_word' id='word_1_239' title='bbox 1322 568 1405 607; x_wconf 84' lang='lat' dir='ltr'>ipsos</span> <span class='ocrx_word' id='word_1_240' title='bbox 1418 568 1600 608; x_wconf 73' lang='lat' dir='ltr'>praedesque</span> <span class='ocrx_word' id='word_1_241' title='bbox 1613 568 1736 600; x_wconf 88' lang='lat' dir='ltr'>tinavit.</span> 
     </span>
    </p>

    <p class='ocr_par' dir='ltr' id='par_1_28' title="bbox 1032 618 1797 662">
     <span class='ocr_line' id='line_1_50' title="bbox 1032 618 1797 662; baseline 0.007 -14"><span class='ocrx_word' id='word_1_242' title='bbox 1032 618 1128 649; x_wconf 83' lang='lat' dir='ltr'>Porro</span> <span class='ocrx_word' id='word_1_243' title='bbox 1144 619 1299 658; x_wconf 79' lang='lat' dir='ltr'>praescivit</span> <span class='ocrx_word' id='word_1_244' title='bbox 1312 620 1460 660; x_wconf 80' lang='lat' dir='ltr'>reliquos,</span> <span class='ocrx_word' id='word_1_245' title='bbox 1476 621 1534 651; x_wconf 82' lang='lat' dir='ltr'>hoe</span> <span class='ocrx_word' id='word_1_246' title='bbox 1547 623 1593 651; x_wconf 86' lang='lat' dir='ltr'>est</span> <span class='ocrx_word' id='word_1_247' title='bbox 1605 622 1797 662; x_wconf 82' lang='lat' dir='ltr'>reprobavit.</span> 
     </span>
    </p>
   </div>
   <div class='ocr_carea' id='block_1_19' title="bbox 1266 732 1564 764">
    <p class='ocr_par' dir='ltr' id='par_1_29' title="bbox 1266 732 1564 764">
     <span class='ocr_line' id='line_1_51' title="bbox 1266 732 1564 764; baseline 0.007 -2"><span class='ocrx_word' id='word_1_248' title='bbox 1266 732 1481 763; x_wconf 78' lang='lat' dir='ltr'>DISTINCTIO</span> <span class='ocrx_word' id='word_1_249' title='bbox 1504 732 1564 764; x_wconf 79' lang='lat' dir='ltr'>XL.</span> 
     </span>
    </p>
   </div>
   <div class='ocr_carea' id='block_1_20' title="bbox 1030 810 1800 888">
    <p class='ocr_par' dir='ltr' id='par_1_30' title="bbox 1030 810 1800 888">
     <span class='ocr_line' id='line_1_52' title="bbox 1030 810 1800 844; baseline 0 -8"><span class='ocrx_word' id='word_1_250' title='bbox 1030 810 1073 836; x_wconf 81' lang='grc' dir='ltr'>Λη</span> <span class='ocrx_word' id='word_1_251' title='bbox 1095 810 1196 844; x_wconf 69' lang='lat' dir='ltr'>aliquis</span> <span class='ocrx_word' id='word_1_252' title='bbox 1216 810 1464 844; x_wconf 63' lang='lat' dir='ltr'>praedestinatorum</span> <span class='ocrx_word' id='word_1_253' title='bbox 1481 810 1568 844; x_wconf 78' lang='lat' dir='ltr'>possit</span> <span class='ocrx_word' id='word_1_254' title='bbox 1592 810 1735 844; x_wconf 80' lang='lat' dir='ltr'>damnari,</span> <span class='ocrx_word' id='word_1_255' title='bbox 1758 811 1800 836; x_wconf 82' lang='lat' dir='ltr'>vel</span> 
     </span>
     <span class='ocr_line' id='line_1_53' title="bbox 1269 854 1559 888; baseline 0.003 -8"><span class='ocrx_word' id='word_1_256' title='bbox 1269 854 1437 888; x_wconf 79' lang='lat' dir='ltr'>reproborum</span> <span class='ocrx_word' id='word_1_257' title='bbox 1448 854 1559 881; x_wconf 78' lang='lat' dir='ltr'>salvari.</span> 
     </span>
    </p>
   </div>
   <div class='ocr_carea' id='block_1_21' title="bbox 1153 934 1675 965">
    <p class='ocr_par' dir='ltr' id='par_1_31' title="bbox 1153 934 1675 965">
     <span class='ocr_line' id='line_1_54' title="bbox 1153 934 1675 965; baseline 0.002 -7"><span class='ocrx_word' id='word_1_258' title='bbox 1153 934 1344 958; x_wconf 71' lang='lat' dir='ltr'>Praedestiuatio</span> <span class='ocrx_word' id='word_1_259' title='bbox 1357 941 1418 958; x_wconf 78' lang='lat' dir='ltr'>vero</span> <span class='ocrx_word' id='word_1_260' title='bbox 1431 937 1468 958; x_wconf 79' lang='lat' dir='ltr'>est</span> <span class='ocrx_word' id='word_1_261' title='bbox 1482 934 1513 958; x_wconf 80' lang='lat' dir='ltr'>de</span> <span class='ocrx_word' id='word_1_262' title='bbox 1526 934 1614 965; x_wconf 78' lang='lat' dir='ltr'>bouis,</span> <span class='ocrx_word' id='word_1_263' title='bbox 1628 937 1675 959; x_wconf 69' lang='lat' dir='ltr'>etc.</span> 
     </span>
    </p>
   </div>
   <div class='ocr_carea' id='block_1_22' title="bbox 1027 996 1796 1197">
    <p class='ocr_par' dir='ltr' id='par_1_32' title="bbox 1027 996 1796 1197">
     <span class='ocr_line' id='line_1_55' title="bbox 1070 996 1757 1036; baseline 0.003 -10"><span class='ocrx_word' id='word_1_264' title='bbox 1070 996 1107 1026; x_wconf 73' lang='lat' dir='ltr'>Ut</span> <span class='ocrx_word' id='word_1_265' title='bbox 1125 997 1342 1036; x_wconf 63' lang='lat' dir='ltr'>praesdtorurn</span> <span class='ocrx_word' id='word_1_266' title='bbox 1359 997 1467 1027; x_wconf 83' lang='lat' dir='ltr'>nullus</span> <span class='ocrx_word' id='word_1_267' title='bbox 1481 997 1551 1036; x_wconf 90' lang='lat' dir='ltr'>quit</span> <span class='ocrx_word' id='word_1_268' title='bbox 1568 997 1738 1035; x_wconf 82' lang='lat' dir='ltr'>glorificari</span> <span class='ocrx_word' id='word_1_269' title='bbox 1749 1021 1757 1035; x_wconf 93' lang='lat'>‚</span> 
     </span>
     <span class='ocr_line' id='line_1_56' title="bbox 1028 1050 1688 1090; baseline 0 -9"><span class='ocrx_word' id='word_1_270' title='bbox 1028 1050 1077 1081; x_wconf 74' lang='lat' dir='ltr'>Sic</span> <span class='ocrx_word' id='word_1_271' title='bbox 1093 1050 1264 1080; x_wconf 67' lang='lat' dir='ltr'>eles-torum</span> <span class='ocrx_word' id='word_1_272' title='bbox 1280 1060 1373 1080; x_wconf 84' lang='lat' dir='ltr'>nemo</span> <span class='ocrx_word' id='word_1_273' title='bbox 1385 1051 1495 1090; x_wconf 87' lang='lat' dir='ltr'>poterit</span> <span class='ocrx_word' id='word_1_274' title='bbox 1508 1051 1668 1090; x_wconf 81' lang='lat' dir='ltr'>reprobari</span> <span class='ocrx_word' id='word_1_275' title='bbox 1681 1062 1688 1081; x_wconf 77' lang='lat' dir='ltr'>z</span> 
     </span>
     <span class='ocr_line' id='line_1_57' title="bbox 1027 1104 1796 1143; baseline 0.001 -9"><span class='ocrx_word' id='word_1_276' title='bbox 1027 1104 1163 1134; x_wconf 77' lang='lat' dir='ltr'>Junctim</span> <span class='ocrx_word' id='word_1_277' title='bbox 1189 1104 1237 1133; x_wconf 75' lang='lat' dir='ltr'>(lie</span> <span class='ocrx_word' id='word_1_278' title='bbox 1262 1113 1395 1141; x_wconf 65' lang='lat' dir='ltr'>verum,</span> <span class='ocrx_word' id='word_1_279' title='bbox 1427 1104 1606 1143; x_wconf 74' lang='lat' dir='ltr'>disjunctim</span> <span class='ocrx_word' id='word_1_280' title='bbox 1630 1104 1796 1136; x_wconf 78' lang='lat' dir='ltr'>falsificari.</span> 
     </span>
     <span class='ocr_line' id='line_1_58' title="bbox 1028 1158 1752 1197; baseline 0.001 -9"><span class='ocrx_word' id='word_1_281' title='bbox 1028 1158 1079 1188; x_wconf 84' lang='lat' dir='ltr'>Est</span> <span class='ocrx_word' id='word_1_282' title='bbox 1096 1158 1256 1193; x_wconf 82' lang='lat' dir='ltr'>indurare,</span> <span class='ocrx_word' id='word_1_283' title='bbox 1274 1166 1408 1197; x_wconf 70' lang='lat' dir='ltr'>pravum</span> <span class='ocrx_word' id='word_1_284' title='bbox 1426 1166 1488 1188; x_wconf 85' lang='lat' dir='ltr'>non</span> <span class='ocrx_word' id='word_1_285' title='bbox 1506 1158 1686 1196; x_wconf 79' lang='lat' dir='ltr'>gratificare</span> <span class='ocrx_word' id='word_1_286' title='bbox 1703 1159 1752 1197; x_wconf 76' lang='lat' dir='ltr'>(b).</span> 
     </span>
    </p>
   </div>
   <div class='ocr_carea' id='block_1_23' title="bbox 1257 1267 1572 1299">
    <p class='ocr_par' dir='ltr' id='par_1_33' title="bbox 1257 1267 1572 1299">
     <span class='ocr_line' id='line_1_59' title="bbox 1257 1267 1572 1299; baseline 0.003 -1"><span class='ocrx_word' id='word_1_287' title='bbox 1257 1267 1474 1299; x_wconf 82' lang='lat' dir='ltr'>DISTINCTIO</span> <span class='ocrx_word' id='word_1_288' title='bbox 1496 1268 1572 1299; x_wconf 87' lang='lat' dir='ltr'>XLI.</span> 
     </span>
    </p>
   </div>
   <div class='ocr_carea' id='block_1_24' title="bbox 1073 1345 1755 1415">
    <p class='ocr_par' dir='ltr' id='par_1_34' title="bbox 1073 1345 1755 1415">
     <span class='ocr_line' id='line_1_60' title="bbox 1073 1345 1755 1379; baseline 0.001 -8"><span class='ocrx_word' id='word_1_289' title='bbox 1073 1346 1165 1372; x_wconf 64' lang='lat' dir='ltr'>timim</span> <span class='ocrx_word' id='word_1_290' title='bbox 1178 1345 1289 1379; x_wconf 70' lang='lat' dir='ltr'>aliquod</span> <span class='ocrx_word' id='word_1_291' title='bbox 1303 1345 1340 1371; x_wconf 77' lang='lat' dir='ltr'>sz&#39;t</span> <span class='ocrx_word' id='word_1_292' title='bbox 1356 1346 1480 1371; x_wconf 78' lang='lat' dir='ltr'>meritum</span> <span class='ocrx_word' id='word_1_293' title='bbox 1495 1345 1698 1378; x_wconf 75' lang='lat' dir='ltr'>obdurationis,</span> <span class='ocrx_word' id='word_1_294' title='bbox 1713 1346 1755 1372; x_wconf 81' lang='lat' dir='ltr'>vel</span> 
     </span>
     <span class='ocr_line' id='line_1_61' title="bbox 1312 1389 1510 1415; baseline -0.005 0"><span class='ocrx_word' id='word_1_295' title='bbox 1312 1389 1510 1415; x_wconf 63' lang='lat' dir='ltr'>misericordae.</span> 
     </span>
    </p>
   </div>
   <div class='ocr_carea' id='block_1_25' title="bbox 1028 1469 1800 1730">
    <p class='ocr_par' dir='ltr' id='par_1_35' title="bbox 1028 1469 1800 1730">
     <span class='ocr_line' id='line_1_62' title="bbox 1074 1469 1752 1500; baseline 0.003 -8"><span class='ocrx_word' id='word_1_296' title='bbox 1074 1469 1097 1493; x_wconf 91' lang='lat' dir='ltr'>Si</span> <span class='ocrx_word' id='word_1_297' title='bbox 1113 1471 1197 1493; x_wconf 82' lang='lat' dir='ltr'>autem</span> <span class='ocrx_word' id='word_1_298' title='bbox 1213 1469 1351 1500; x_wconf 59' lang='lat' dir='ltr'>quatrinius</span> <span class='ocrx_word' id='word_1_299' title='bbox 1365 1469 1482 1493; x_wconf 82' lang='lat' dir='ltr'>meritum</span> <span class='ocrx_word' id='word_1_300' title='bbox 1498 1469 1671 1494; x_wconf 81' lang='lat' dir='ltr'>obdurationis</span> <span class='ocrx_word' id='word_1_301' title='bbox 1681 1489 1687 1500; x_wconf 77' lang='lat'><em>‚</em></span> <span class='ocrx_word' id='word_1_302' title='bbox 1704 1471 1752 1494; x_wconf 78' lang='lat' dir='ltr'>ete.</span> 
     </span>
     <span class='ocr_line' id='line_1_63' title="bbox 1069 1531 1800 1571; baseline 0.003 -10"><span class='ocrx_word' id='word_1_303' title='bbox 1069 1532 1138 1562; x_wconf 91' lang='lat' dir='ltr'>Non</span> <span class='ocrx_word' id='word_1_304' title='bbox 1162 1531 1244 1562; x_wconf 81' lang='lat' dir='ltr'>eadit</span> <span class='ocrx_word' id='word_1_305' title='bbox 1266 1532 1298 1561; x_wconf 90' lang='lat' dir='ltr'>in</span> <span class='ocrx_word' id='word_1_306' title='bbox 1323 1532 1434 1562; x_wconf 84' lang='lat' dir='ltr'>merito</span> <span class='ocrx_word' id='word_1_307' title='bbox 1449 1532 1667 1571; x_wconf 75' lang='lat' dir='ltr'>praedestinar,</span> <span class='ocrx_word' id='word_1_308' title='bbox 1685 1533 1718 1570; x_wconf 81' lang='lat' dir='ltr'>(c)</span> <span class='ocrx_word' id='word_1_309' title='bbox 1745 1534 1800 1563; x_wconf 89' lang='lat' dir='ltr'>aut</span> 
     </span>
     <span class='ocr_line' id='line_1_64' title="bbox 1108 1585 1289 1624; baseline -0.006 -9"><span class='ocrx_word' id='word_1_310' title='bbox 1108 1585 1289 1624; x_wconf 72' lang='lat' dir='ltr'>reprobare.</span> 
     </span>
     <span class='ocr_line' id='line_1_65' title="bbox 1028 1638 1731 1677; baseline 0.001 -8"><span class='ocrx_word' id='word_1_311' title='bbox 1028 1639 1059 1669; x_wconf 86' lang='lat' dir='ltr'>Si</span> <span class='ocrx_word' id='word_1_312' title='bbox 1074 1639 1121 1668; x_wconf 79' lang='lat' dir='ltr'>vis</span> <span class='ocrx_word' id='word_1_313' title='bbox 1140 1638 1322 1677; x_wconf 79' lang='lat' dir='ltr'>simpliciter</span> <span class='ocrx_word' id='word_1_314' title='bbox 1339 1638 1503 1676; x_wconf 80' lang='lat' dir='ltr'>signatum</span> <span class='ocrx_word' id='word_1_315' title='bbox 1520 1638 1731 1677; x_wconf 83' lang='lat' dir='ltr'>considerare,</span> 
     </span>
     <span class='ocr_line' id='line_1_66' title="bbox 1028 1690 1736 1730; baseline 0.001 -8"><span class='ocrx_word' id='word_1_316' title='bbox 1028 1691 1131 1722; x_wconf 73' lang='lat' dir='ltr'>Cessat</span> <span class='ocrx_word' id='word_1_317' title='bbox 1146 1691 1291 1730; x_wconf 65' lang='lat' dir='ltr'>praescire</span> <span class='ocrx_word' id='word_1_318' title='bbox 1308 1690 1476 1730; x_wconf 83' lang='lat' dir='ltr'>praesentia</span> <span class='ocrx_word' id='word_1_319' title='bbox 1489 1714 1496 1728; x_wconf 80' lang='grc'><em>,</em></span> <span class='ocrx_word' id='word_1_320' title='bbox 1515 1699 1577 1721; x_wconf 90' lang='lat' dir='ltr'>non</span> <span class='ocrx_word' id='word_1_321' title='bbox 1594 1700 1631 1722; x_wconf 86' lang='lat' dir='ltr'>ea</span> <span class='ocrx_word' id='word_1_322' title='bbox 1647 1692 1736 1723; x_wconf 84' lang='lat' dir='ltr'>scire.</span> 
     </span>
    </p>
   </div>
   <div class='ocr_carea' id='block_1_26' title="bbox 1249 1801 1578 1833">
    <p class='ocr_par' dir='ltr' id='par_1_36' title="bbox 1249 1801 1578 1833">
     <span class='ocr_line' id='line_1_67' title="bbox 1249 1801 1578 1833; baseline 0 -1"><span class='ocrx_word' id='word_1_323' title='bbox 1249 1801 1468 1833; x_wconf 80' lang='lat' dir='ltr'>DISTINCTIO</span> <span class='ocrx_word' id='word_1_324' title='bbox 1488 1802 1578 1833; x_wconf 90' lang='lat' dir='ltr'>XLII.</span> 
     </span>
    </p>
   </div>
   <div class='ocr_carea' id='block_1_27' title="bbox 1067 1879 1763 1958">
    <p class='ocr_par' dir='ltr' id='par_1_37' title="bbox 1067 1879 1763 1958">
     <span class='ocr_line' id='line_1_68' title="bbox 1067 1879 1763 1913; baseline 0.001 -7"><span class='ocrx_word' id='word_1_325' title='bbox 1067 1880 1103 1906; x_wconf 84' lang='lat' dir='ltr'>De</span> <span class='ocrx_word' id='word_1_326' title='bbox 1116 1880 1306 1913; x_wconf 75' lang='lat' dir='ltr'>omnipotentia</span> <span class='ocrx_word' id='word_1_327' title='bbox 1324 1879 1371 1905; x_wconf 82' lang='lat' dir='ltr'>Dez&#39;</span> <span class='ocrx_word' id='word_1_328' title='bbox 1381 1888 1389 1909; x_wconf 90' lang='lat'>‚·</span> <span class='ocrx_word' id='word_1_329' title='bbox 1404 1879 1450 1904; x_wconf 85' lang='lat' dir='ltr'>ubi</span> <span class='ocrx_word' id='word_1_330' title='bbox 1467 1880 1544 1912; x_wconf 80' lang='lat' dir='ltr'>prius</span> <span class='ocrx_word' id='word_1_331' title='bbox 1563 1879 1763 1911; x_wconf 78' lang='lat' dir='ltr'>consideratur,</span> 
     </span>
     <span class='ocr_line' id='line_1_69' title="bbox 1221 1922 1611 1958; baseline 0.005 -9"><span class='ocrx_word' id='word_1_332' title='bbox 1221 1930 1302 1956; x_wconf 80' lang='lat' dir='ltr'>quare</span> <span class='ocrx_word' id='word_1_333' title='bbox 1313 1922 1420 1949; x_wconf 69' lang='lat' dir='ltr'>de&#39;catur</span> <span class='ocrx_word' id='word_1_334' title='bbox 1435 1925 1611 1958; x_wconf 77' lang='lat' dir='ltr'>omnipotens.</span> 
     </span>
    </p>
   </div>
   <div class='ocr_carea' id='block_1_28' title="bbox 1143 2002 1688 2034">
    <p class='ocr_par' dir='ltr' id='par_1_38' title="bbox 1143 2002 1688 2034">
     <span class='ocr_line' id='line_1_70' title="bbox 1143 2002 1688 2034; baseline 0.004 -8"><span class='ocrx_word' id='word_1_335' title='bbox 1143 2003 1214 2026; x_wconf 85' lang='lat' dir='ltr'>Nunc</span> <span class='ocrx_word' id='word_1_336' title='bbox 1226 2005 1311 2026; x_wconf 80' lang='lat' dir='ltr'>autem</span> <span class='ocrx_word' id='word_1_337' title='bbox 1321 2003 1352 2026; x_wconf 81' lang='lat' dir='ltr'>de</span> <span class='ocrx_word' id='word_1_338' title='bbox 1363 2002 1548 2034; x_wconf 76' lang='lat' dir='ltr'>omnipotentia</span> <span class='ocrx_word' id='word_1_339' title='bbox 1563 2003 1625 2034; x_wconf 85' lang='lat' dir='ltr'>Dei,</span> <span class='ocrx_word' id='word_1_340' title='bbox 1640 2005 1688 2028; x_wconf 61' lang='lat' dir='ltr'>etac.</span> 
     </span>
    </p>
   </div>
   <div class='ocr_carea' id='block_1_29' title="bbox 1070 2065 1804 2158">
    <p class='ocr_par' dir='ltr' id='par_1_39' title="bbox 1070 2065 1804 2158">
     <span class='ocr_line' id='line_1_71' title="bbox 1070 2065 1804 2107; baseline 0.003 -11"><span class='ocrx_word' id='word_1_341' title='bbox 1070 2065 1275 2105; x_wconf 78' lang='lat' dir='ltr'>Omnipotens</span> <span class='ocrx_word' id='word_1_342' title='bbox 1298 2066 1379 2097; x_wconf 82' lang='lat' dir='ltr'>Deus</span> <span class='ocrx_word' id='word_1_343' title='bbox 1394 2068 1460 2103; x_wconf 82' lang='lat' dir='ltr'>est,</span> <span class='ocrx_word' id='word_1_344' title='bbox 1476 2066 1551 2106; x_wconf 84' lang='lat' dir='ltr'>quia</span> <span class='ocrx_word' id='word_1_345' title='bbox 1572 2068 1683 2097; x_wconf 78' lang='lat' dir='ltr'>cuncta</span> <span class='ocrx_word' id='word_1_346' title='bbox 1702 2069 1804 2107; x_wconf 79' lang='lat' dir='ltr'>potest</span> 
     </span>
     <span class='ocr_line' id='line_1_72' title="bbox 1110 2128 1245 2158; baseline 0 -9"><span class='ocrx_word' id='word_1_347' title='bbox 1110 2128 1245 2158; x_wconf 75' lang='lat' dir='ltr'>operam.</span> 
     </span>
    </p>
   </div>
   <div class='ocr_carea' id='block_1_30' title="bbox 1245 2226 1590 2258">
    <p class='ocr_par' dir='ltr' id='par_1_40' title="bbox 1245 2226 1590 2258">
     <span class='ocr_line' id='line_1_73' title="bbox 1245 2226 1590 2258; baseline 0.009 -3"><span class='ocrx_word' id='word_1_348' title='bbox 1245 2226 1461 2257; x_wconf 70' lang='lat' dir='ltr'>DISTINCTIO</span> <span class='ocrx_word' id='word_1_349' title='bbox 1485 2226 1590 2258; x_wconf 82' lang='lat' dir='ltr'>XLIII.</span> 
     </span>
    </p>
   </div>
   <div class='ocr_carea' id='block_1_31' title="bbox 1035 2304 1804 2382">
    <p class='ocr_par' dir='ltr' id='par_1_41' title="bbox 1035 2304 1804 2382">
     <span class='ocr_line' id='line_1_74' title="bbox 1035 2304 1804 2340; baseline 0.003 -10"><span class='ocrx_word' id='word_1_350' title='bbox 1035 2304 1114 2330; x_wconf 82' lang='lat' dir='ltr'>Error</span> <span class='ocrx_word' id='word_1_351' title='bbox 1127 2304 1300 2338; x_wconf 76' lang='lat' dir='ltr'>quorumdam</span> <span class='ocrx_word' id='word_1_352' title='bbox 1315 2304 1459 2331; x_wconf 74' lang='lat' dir='ltr'>(licentium</span> <span class='ocrx_word' id='word_1_353' title='bbox 1470 2325 1478 2338; x_wconf 92' lang='lat'><em>‚</em></span> <span class='ocrx_word' id='word_1_354' title='bbox 1495 2306 1576 2332; x_wconf 83' lang='lat' dir='ltr'>Deum</span> <span class='ocrx_word' id='word_1_355' title='bbox 1590 2305 1631 2331; x_wconf 82' lang='lat' dir='ltr'>nil</span> <span class='ocrx_word' id='word_1_356' title='bbox 1642 2312 1717 2340; x_wconf 83' lang='lat' dir='ltr'>posse</span> <span class='ocrx_word' id='word_1_357' title='bbox 1726 2325 1734 2339; x_wconf 93' lang='lat'><strong><em>,</em></strong></span> <span class='ocrx_word' id='word_1_358' title='bbox 1750 2306 1804 2332; x_wconf 82' lang='lat' dir='ltr'>nisi</span> 
     </span>
     <span class='ocr_line' id='line_1_75' title="bbox 1359 2349 1518 2382; baseline 0 -7"><span class='ocrx_word' id='word_1_359' title='bbox 1359 2349 1428 2382; x_wconf 78' lang='lat' dir='ltr'>quod</span> <span class='ocrx_word' id='word_1_360' title='bbox 1441 2350 1518 2382; x_wconf 79' lang='lat' dir='ltr'>facit.</span> 
     </span>
    </p>
   </div>
   <div class='ocr_carea' id='block_1_32' title="bbox 1126 2430 1710 2461">
    <p class='ocr_par' dir='ltr' id='par_1_42' title="bbox 1126 2430 1710 2461">
     <span class='ocr_line' id='line_1_76' title="bbox 1126 2430 1710 2461; baseline 0 -7"><span class='ocrx_word' id='word_1_361' title='bbox 1126 2430 1233 2459; x_wconf 85' lang='lat' dir='ltr'>Quidam</span> <span class='ocrx_word' id='word_1_362' title='bbox 1243 2432 1294 2454; x_wconf 83' lang='lat' dir='ltr'>tam</span> <span class='ocrx_word' id='word_1_363' title='bbox 1309 2430 1339 2454; x_wconf 79' lang='lat' dir='ltr'>de</span> <span class='ocrx_word' id='word_1_364' title='bbox 1349 2438 1395 2455; x_wconf 75' lang='lat' dir='ltr'>suo</span> <span class='ocrx_word' id='word_1_365' title='bbox 1408 2437 1483 2454; x_wconf 78' lang='lat' dir='ltr'>seusu</span> <span class='ocrx_word' id='word_1_366' title='bbox 1494 2430 1630 2461; x_wconf 80' lang='lat' dir='ltr'>gloriantes</span> <span class='ocrx_word' id='word_1_367' title='bbox 1640 2448 1647 2456; x_wconf 89' lang='grc'><em>,</em></span> <span class='ocrx_word' id='word_1_368' title='bbox 1661 2432 1710 2454; x_wconf 78' lang='lat' dir='ltr'>etc.</span> 
     </span>
    </p>
   </div>
   <div class='ocr_carea' id='block_1_33' title="bbox 1034 2493 1804 2746">
    <p class='ocr_par' dir='ltr' id='par_1_43' title="bbox 1034 2493 1804 2746">
     <span class='ocr_line' id='line_1_77' title="bbox 1073 2493 1804 2533; baseline 0.003 -10"><span class='ocrx_word' id='word_1_369' title='bbox 1073 2493 1244 2524; x_wconf 85' lang='lat' dir='ltr'>Summum</span> <span class='ocrx_word' id='word_1_370' title='bbox 1259 2493 1302 2523; x_wconf 90' lang='lat' dir='ltr'>nil</span> <span class='ocrx_word' id='word_1_371' title='bbox 1317 2502 1423 2533; x_wconf 76' lang='lat' dir='ltr'>posse,</span> <span class='ocrx_word' id='word_1_372' title='bbox 1440 2493 1501 2523; x_wconf 88' lang='lat' dir='ltr'>nisi</span> <span class='ocrx_word' id='word_1_373' title='bbox 1515 2493 1599 2533; x_wconf 82' lang='lat' dir='ltr'>quod</span> <span class='ocrx_word' id='word_1_374' title='bbox 1618 2493 1702 2531; x_wconf 80' lang='lat' dir='ltr'>facit,</span> <span class='ocrx_word' id='word_1_375' title='bbox 1721 2502 1804 2525; x_wconf 72' lang='lat' dir='ltr'>asse-</span> 
     </span>
     <span class='ocr_line' id='line_1_78' title="bbox 1114 2548 1245 2577; baseline 0 -1"><span class='ocrx_word' id='word_1_376' title='bbox 1114 2548 1245 2577; x_wconf 88' lang='lat' dir='ltr'>ruerunt</span> 
     </span>
     <span class='ocr_line' id='line_1_79' title="bbox 1034 2599 1800 2639; baseline 0.001 -9"><span class='ocrx_word' id='word_1_377' title='bbox 1034 2599 1183 2638; x_wconf 85' lang='lat' dir='ltr'>Quidam:</span> <span class='ocrx_word' id='word_1_378' title='bbox 1193 2599 1243 2629; x_wconf 74' lang='lat' dir='ltr'>secl</span> <span class='ocrx_word' id='word_1_379' title='bbox 1256 2600 1352 2630; x_wconf 73' lang='lat' dir='ltr'>saneti</span> <span class='ocrx_word' id='word_1_380' title='bbox 1360 2600 1438 2631; x_wconf 84' lang='lat' dir='ltr'>bene</span> <span class='ocrx_word' id='word_1_381' title='bbox 1447 2609 1561 2631; x_wconf 82' lang='lat' dir='ltr'>verum</span> <span class='ocrx_word' id='word_1_382' title='bbox 1569 2600 1800 2639; x_wconf 80' lang='lat' dir='ltr'>disseruerunt,</span> 
     </span>
     <span class='ocr_line' id='line_1_80' title="bbox 1034 2652 1801 2694; baseline 0 -10"><span class='ocrx_word' id='word_1_383' title='bbox 1034 2654 1070 2684; x_wconf 86' lang='lat' dir='ltr'>Et</span> <span class='ocrx_word' id='word_1_384' title='bbox 1085 2653 1170 2693; x_wconf 86' lang='lat' dir='ltr'>quod</span> <span class='ocrx_word' id='word_1_385' title='bbox 1190 2652 1282 2692; x_wconf 82' lang='lat' dir='ltr'>plura</span> <span class='ocrx_word' id='word_1_386' title='bbox 1300 2654 1417 2692; x_wconf 84' lang='lat' dir='ltr'>potest,</span> <span class='ocrx_word' id='word_1_387' title='bbox 1436 2663 1532 2694; x_wconf 83' lang='lat' dir='ltr'>quam</span> <span class='ocrx_word' id='word_1_388' title='bbox 1552 2654 1634 2693; x_wconf 85' lang='lat' dir='ltr'>vult,</span> <span class='ocrx_word' id='word_1_389' title='bbox 1652 2653 1703 2685; x_wconf 86' lang='lat' dir='ltr'>vel</span> <span class='ocrx_word' id='word_1_390' title='bbox 1724 2653 1801 2694; x_wconf 78' lang='lat' dir='ltr'>agit,</span> 
     </span>
     <span class='ocr_line' id='line_1_81' title="bbox 1117 2708 1299 2746; baseline -0.005 -8"><span class='ocrx_word' id='word_1_391' title='bbox 1117 2708 1299 2746; x_wconf 84' lang='lat' dir='ltr'>posuerunt.</span> 
     </span>
    </p>
   </div>
  </div>
 </body>
</html>
