1991 3006
565 221 662 253 DIST.
686 220 788 251 XLlV.
813 219 927 251 PART.
951 219 988 250 Il.
1015 219 1105 250 ART.
1127 219 1165 250 H.
1189 218 1340 256 QUAEST.
1366 221 1390 252 Ι.

177 289 293 320 coelum
308 289 438 329 plenum
458 288 569 326 stellis,
589 291 619 318 et
643 296 729 318 mare
744 287 898 327 piscibus,
916 289 947 316 et

178 343 334 374 mundum
350 343 544 373 hominibus.
561 341 590 373 Si
607 345 714 372 autem
728 350 854 381 quaeras
869 341 946 370 ima-

177 396 339 434 ginatione
360 396 399 435 (a)
421 396 554 435 qualiter
573 395 715 434 capiatur
739 394 838 431 istud,
861 393 947 433 quod

176 450 263 478 tanta
276 448 443 478 hominum
460 448 629 479 multitudo
644 448 701 478 sub
717 449 800 477 terra
812 447 867 483 sit;
886 446 945 476 dici

175 503 284 540 potest,
300 501 381 540 quod
399 511 509 532 omnes
518 502 677 538 homines,
690 501 745 540 qui
758 509 844 530 nunc
859 501 944 537 sunt,

175 553 230 584 vix
250 556 397 593 caperent
420 554 621 584 millesimam
644 555 765 593 partem
792 555 902 589 terrae,
920 552 946 581 si

175 606 269 637 simul
293 609 407 637 essent.
432 606 465 637 Si
488 615 566 645 ergo
583 615 692 637 omnes
714 606 874 642 homines,
891 605 945 644 qui

174 658 305 689 suerunt
319 660 358 689 ab
377 659 466 689 initio
482 668 582 699 usque
598 660 631 689 in
651 659 746 689 finem
757 682 766 696 ‚
783 659 838 688 vix
854 667 945 687 exce-

175 712 254 742 dunt
275 712 419 743 homines
440 713 495 752 qui
519 722 604 743 nunc
627 714 698 742 sunt
722 712 755 742 in
778 711 946 741 millesima

175 765 385 804 proportione,
401 774 511 795 omnes
525 765 670 795 homines
686 765 739 795 vix
757 766 945 803 occuparent

175 818 371 857 superficiem
389 820 492 848 terrae.
509 817 540 848 Si
556 827 634 856 ergo
649 817 826 848 concavitas
844 818 944 855 maj0-

174 871 218 900 ris
245 873 291 901 est
318 871 496 910 capacitatis
508 896 515 909 ,
548 880 643 910 quain
674 872 713 901 sit
744 870 944 910 superflum,

174 924 274 954 multo
290 925 393 963 magis
407 926 555 964 poterunt
569 924 639 964 capi
651 925 682 954 in
699 923 947 954 concavitatibus

174 980 285 1007 terrae:
303 986 374 1016 quae
392 978 539 1017 quamvis
563 977 653 1007 nobis
676 986 741 1007 non
755 978 943 1016 appareant,

173 1032 279 1060 tamen
292 1030 402 1060 multae
417 1033 508 1067 sunt,
522 1030 601 1060 sicut
615 1030 784 1060 ostendunt
795 1029 946 1059 decursus

173 1091 330 1122 aquarum
341 1083 378 1113 de
393 1083 567 1120 montibus,
581 1085 610 1113 et
620 1082 840 1113 concussiones
851 1084 945 1112 terrae

173 1137 321 1166 motuum
335 1147 340 1165 :
357 1138 387 1166 et
400 1135 542 1166 infernus
558 1135 696 1166 creditur
712 1144 778 1165 esse
795 1135 945 1165 maximae

172 1188 394 1226 concavitatis,
420 1198 456 1218 ac
487 1197 542 1228 per
565 1188 625 1218 hoc
648 1190 677 1218 et
701 1196 828 1226 magnae
853 1196 944 1227 capa—

173 1240 285 1271 citatis.

214 1296 242 1324 5.
280 1295 325 1325 Ad
360 1295 437 1325 illud
473 1294 555 1333 quod
583 1294 697 1324 ultimo
727 1293 876 1332 objicitur
907 1293 945 1323 (16

173 1347 282 1377 ordine
295 1347 342 1378 vel
353 1347 390 1377 de
401 1348 462 1377 situ
475 1347 507 1376 in
519 1347 660 1386 partibus
673 1347 822 1384 hominis,
840 1346 946 1377 volue-

174 1402 249 1430 runt
263 1400 360 1439 aliqui
385 1400 503 1437 dicere,
522 1400 606 1439 quod
626 1399 704 1430 illud
727 1399 809 1438 quod
831 1402 878 1430 est
893 1409 946 1429 cor

174 1453 206 1482 in
227 1462 357 1492 corpore
373 1453 513 1483 hominis
526 1477 533 1490 ,
551 1453 610 1482 hoc
624 1455 670 1482 est
692 1462 806 1491 corpus
821 1453 895 1482 solis
913 1453 946 1482 in

173 1505 276 1535 medio
288 1505 414 1542 munsli;
428 1507 458 1535 et
469 1505 643 1535 secundum
656 1505 747 1535 istam
763 1505 848 1536 viam
861 1508 946 1536 terra

173 1567 235 1588 non
250 1558 413 1597 jiidicatur
426 1559 531 1589 media
549 1567 631 1596 esse,
651 1559 704 1589 sed
721 1559 826 1597 magis
841 1561 945 1589 extre-

173 1620 260 1641 mum
273 1635 280 1648 ‚
302 1613 332 1641 et
351 1614 531 1641 extremum
547 1611 707 1641 infimum.
730 1611 828 1641 Aliter
843 1614 945 1650 potest

173 1664 249 1701 (lici,
271 1665 356 1703 quod
378 1674 440 1694 non
465 1667 511 1694 est
534 1665 651 1702 simile,
677 1665 848 1704 quodcum
871 1665 945 1694 uni-

174 1725 302 1747 versum
319 1717 358 1747 sit
377 1718 553 1747 orbiculare
564 1741 571 1754 ,
595 1720 625 1747 et
639 1718 891 1748 circumferentia
906 1717 946 1747 sit

173 1771 314 1810 ejusdem
340 1773 481 1807 naturae,
515 1780 573 1810 pro
597 1780 634 1800 eo
657 1770 741 1809 quod
767 1772 945 1799 extremum

172 1826 257 1854 tenet
271 1824 425 1853 rationem
441 1823 607 1860 inferioris,
621 1823 690 1853 ideo
704 1823 845 1852 medium
861 1824 946 1852 tenet

173 1877 328 1907 rationem
342 1877 456 1906 infimi.
480 1876 514 1906 In
531 1876 659 1906 homine
679 1878 785 1905 autem
802 1884 866 1905 non
882 1875 925 1905 sic
936 1899 943 1913 ,

173 1930 248 1969 quia
267 1939 331 1959 una
345 1930 546 1966 extremitas,
564 1931 599 1959 ut
621 1931 729 1968 caput,
750 1928 864 1958 dicitur
878 1937 945 1958 esse

175 1982 339 2021 superius;
356 1982 432 2019 alia,
458 1984 492 2012 ut
513 1982 621 2022 pedes,
638 1982 752 2012 dicitur
777 1990 842 2011 esse
865 1981 943 2011 infe-

174 2034 260 2065 rius:
277 2037 307 2065 et
330 2035 398 2065 ideo
422 2035 619 2065 mediocritas
643 2044 700 2065 nec
721 2034 868 2071 inferum,
887 2043 945 2064 nec

173 2089 321 2128 superius
356 2091 418 2124 est,
456 2088 509 2118 sed
546 2088 641 2118 habet
677 2088 876 2118 influentiam
905 2087 943 2117 ad

172 2144 367 2182 utrumque:
394 2141 464 2172 ideo
485 2141 600 2171 nobilis
625 2150 697 2180 pars
720 2141 811 2171 (lebet
833 2141 943 2171 situari

173 2195 205 2225 in
219 2195 349 2225 homine
368 2195 401 2225 in
423 2195 545 2232 inedi03
563 2204 626 2225 non
651 2195 695 2224 sic
716 2195 748 2224 in
771 2194 940 2231 universo,

173 2247 225 2277 sed
242 2247 344 2286 potius
359 2247 391 2277 in
406 2250 560 2278 extremo.

399 2366 641 2400 ARTICULUS
668 2366 708 2398 11.

219 2459 468 2500 Consequenter,
503 2463 656 2500 quantum
693 2461 732 2491 ad
767 2460 940 2490 secundnm

173 2513 362 2551 articulum,
388 2514 546 2554 quaeritur
574 2515 610 2544 de
642 2514 814 2554 quidditate
838 2522 940 2552 poenae

205 2611 210 2623 ¹
226 2609 266 2639 Cf.
280 2611 306 2634 S.
319 2610 419 2640 Thomq
441 2612 464 2634 in
485 2610 571 2642 Snppl.
593 2618 617 2641 p.
635 2612 676 2640 tu,
701 2618 724 2641 q.
748 2616 829 2639 xcvn,
845 2613 892 2634 art.
910 2612 936 2640 53

173 2644 319 2675 Richanlns,
337 2647 366 2669 tv
383 2647 460 2677 Sem,
485 2647 541 2670 dist.
556 2652 627 2675 κων,
643 2649 689 2670 art.
706 2649 728 2676 2,
748 2653 772 2677 q.
792 2652 833 2676 ηις
849 2646 936 2676 Stepli.

174 2680 278 2711 Brutef„
293 2681 324 2705 Ν
341 2682 419 2712 Sent.,
435 2682 490 2707 dist.
509 2688 576 2711 κων,
593 2689 617 2712 q.
638 2688 679 2712 1x;
700 2683 766 2706 Petr.
781 2682 811 2705 de
827 2682 939 2712 Tarum„

1714 220 1772 250 493

1003 286 1185 324 infernalis;
1213 290 1243 317 et
1269 288 1351 318 circa
1378 288 1438 318 hoc
1464 288 1526 318 duo
1555 288 1772 327 quaeruntur:

1002 340 1105 379 primo
1120 340 1275 379 quaeritur
1288 343 1396 371 utrum
1412 341 1558 379 affligens
1570 340 1603 370 in
1615 339 1667 369 illa
1682 348 1774 379 poena

1003 393 1042 422 sit
1066 393 1151 431 ignis
1175 402 1288 430 verus,
1318 394 1470 429 secundo,
1496 395 1605 423 utrum
1626 393 1666 423 sit
1689 392 1772 431 ignis

1003 446 1102 476 solus.

1273 540 1452 576 QUAESTIO
1474 541 1498 571 I.

1119 625 1162 651 Αη
1181 626 1252 658 ignis
1269 626 1372 658 inferni*
1391 626 1426 652 sit
1448 633 1524 653 verus
1543 628 1614 661 ignis
1634 629 1651 652 ¹.

1043 710 1155 740 Utrum
1171 710 1316 749 affligens
1336 711 1368 741 in
1384 711 1505 742 inferno
1523 712 1561 742 sit
1578 712 1662 751 ignis
1678 721 1772 743 verus
1789 726 1822 747 Ad
1841 728 1895 753 «ψῃ

1002 763 1120 793 habens
1145 764 1300 801 formam,
1327 766 1356 794 ct
1388 767 1553 803 naturam,
1581 767 1611 795 et
1637 766 1771 805 speciem

1002 816 1104 855 ignis3
1122 819 1152 847 et
1172 817 1256 857 quod
1277 827 1360 855 non,
1384 818 1519 848 videtur.
1546 818 1769 857 Damascenus,

1002 870 1034 899 in
1059 871 1122 901 fine
1142 871 1213 900 libri
1233 871 1281 901 sui
1300 883 1306 901 2
1335 883 1348 899 α
1375 871 1552 902 Tradentur
1575 872 1718 902 diabolus
1744 874 1774 902 ct

1003 923 1092 962 impii
1114 923 1146 953 in
1171 924 1281 963 ignem
1307 927 1463 955 aeternnm
1480 934 1544 955 non
1565 925 1772 962 materialem,

1001 975 1102 1014 qualis
1125 977 1208 1016 apud
1230 986 1287 1007 nos
1306 979 1368 1013 est,
1393 978 1445 1008 sed
1469 978 1595 1018 qualem
1620 978 1701 1009 Deus
1717 987 1775 1009 no-

1001 1029 1056 1058 vit.
1074 1040 1087 1056 »
1108 1029 1194 1068 Ergo
1215 1030 1355 1067 videtur,
1375 1031 1459 1069 quod
1475 1040 1538 1061 non
1551 1031 1666 1062 habeat
1681 1034 1775 1062 natu-

1002 1091 1070 1111 ram
1085 1082 1171 1121 ignis
1189 1083 1297 1113 nostri.

1041 1138 1070 1165 Εἰ.
1089 1135 1165 1165 Item
1181 1137 1302 1166 ratione
1315 1137 1458 1174 videtur,
1475 1138 1549 1177 quia
1564 1138 1774 1177 extinguibile

1001 1190 1030 1218 et
1051 1189 1296 1227 inextinguibile
1316 1190 1466 1221 differunt
1479 1192 1560 1221 sicut
1572 1192 1774 1232 corruptibile

1001 1244 1030 1271 et
1043 1241 1281 1281 incorruptibile
1296 1254 1302 1273 :
1321 1243 1375 1274 sed
1388 1244 1398 1260 ²
1414 1245 1615 1284 corruptibile
1630 1248 1660 1275 et
1674 1246 1775 1276 incor-

1002 1295 1151 1333 ruptibile
1178 1296 1303 1326 variant
1325 1306 1391 1327 rem
1418 1306 1473 1336 per
1495 1298 1682 1336 essentiam,
1700 1308 1773 1329 cum

1003 1348 1205 1378 materialiter
1220 1348 1269 1378 vel
1287 1349 1473 1380 naturaliter
1496 1350 1539 1380 ibi
1559 1351 1618 1388 sit,
1634 1361 1697 1381 non
1719 1360 1775 1391 per

1003 1401 1157 1438 gratiam:
1175 1401 1199 1431 si
1213 1410 1293 1440 ergo
1306 1402 1391 1440 ignis
1406 1402 1568 1433 infernalis
1577 1407 1624 1434 est
1639 1404 1774 1435 inextin-

1001 1453 1150 1491 guibilis,
1177 1454 1260 1493 apud
1287 1464 1344 1484 nos
1364 1457 1410 1484 est
1431 1455 1668 1494 extinguibilis,
1694 1466 1771 1495 ergo

1001 1515 1064 1535 non
1081 1508 1154 1536 sunt
1167 1507 1310 1546 ejusdem
1324 1509 1448 1538 naturae
1462 1510 1492 1538 et
1506 1509 1632 1547 speciei.

1041 1562 1069 1589 3.
1095 1559 1171 1589 ltem
1190 1560 1245 1590 lux
1270 1569 1332 1591 non
1353 1562 1463 1592 accidit
1485 1562 1570 1601 igni7
1588 1563 1651 1594 imo
1671 1566 1717 1594 est
1736 1565 1773 1594 (lv

1002 1613 1086 1651 ignis
1111 1614 1306 1650 substantia,
1330 1617 1360 1644 et
1385 1616 1588 1655 consequitur
1610 1617 1720 1656 ignem
1742 1618 1773 1647 in

1000 1666 1087 1695 omni
1103 1667 1245 1704 materia,
1261 1667 1293 1696 in
1307 1676 1371 1706 qua
1386 1668 1527 1698 salvatur
1541 1670 1659 1708 species
1670 1671 1771 1709 ignis:

1000 1719 1053 1749 sed
1078 1719 1161 1757 ignis
1184 1719 1345 1749 infernalis
1372 1723 1457 1751 caret
1480 1721 1569 1760 luce,
1596 1724 1770 1754 secundum

1000 1771 1083 1809 quod
1112 1771 1226 1801 dicitur
1248 1774 1258 1789 ³
1286 1783 1292 1801 ε
1319 1773 1428 1804 Nonne
1458 1774 1517 1805 luoe
1541 1776 1638 1814 impii
1664 1778 1770 1808 excin-

999 1827 1113 1861 quetur
1128 1824 1143 1854 P
1158 1828 1187 1853 et
1203 1825 1283 1855 sicut
1302 1826 1414 1856 melius
1430 1828 1547 1866 patebit
1562 1828 1642 1859 infra
1657 1832 1682 1867 ⁴,
1700 1839 1772 1860 cum

999 1876 1150 1907 (licuntur
1179 1877 1268 1917 impii
1306 1879 1415 1918 proJici
1451 1881 1484 1910 in
1512 1882 1655 1912 tenebras
1685 1885 1772 1913 exte—

999 1938 1109 1959 nores.

1039 1984 1067 2012 4.
1091 1982 1166 2013 Item
1191 1985 1333 2023 operatio
1356 1987 1561 2026 consequitur
1584 1988 1718 2019 formam
1741 1992 1771 2020 et

999 2035 1136 2074 speciem
1154 2046 1160 2066 :
1178 2045 1257 2075 ergo
1270 2046 1342 2076 quae
1357 2038 1474 2069 habent
1488 2040 1647 2071 diversam
1662 2051 1770 2082 opera-

997 2088 1136 2126 tionem,
1163 2092 1237 2119 sunt
1263 2090 1389 2121 diversa
1416 2093 1590 2124 secundum
1606 2095 1765 2126 formam:

998 2141 1051 2171 sed
1067 2141 1150 2179 ignis
1167 2142 1235 2180 iste,
1250 2144 1281 2172 et
1296 2143 1465 2183 infernalis,
1480 2146 1637 2177 diversam
1652 2148 1770 2180 habent

997 2195 1225 2234 operationem,
1248 2197 1323 2236 quia
1342 2197 1400 2228 iste
1421 2201 1579 2230 consumit
1598 2203 1723 2240 agendo
1737 2205 1767 2233 et

997 2247 1029 2276 in
1044 2256 1135 2278 suam
1155 2251 1302 2280 naturam
1319 2252 1490 2290 convertit,
1507 2253 1558 2284 ille
1575 2264 1651 2285 vero
1672 2255 1766 2286 mini-

996 2308 1047 2330 me
1065 2311 1071 2330 :
1089 2310 1179 2340 ergo,
1197 2304 1255 2333 etc.

1037 2355 1064 2383 5.
1097 2354 1173 2384 ltem
1196 2356 1359 2395 spirituale
1382 2360 1412 2388 et
1431 2360 1592 2398 corporale
1615 2361 1767 2392 differunt

996 2415 1060 2436 non
1088 2410 1213 2438 tantum
1250 2411 1424 2441 secundum
1459 2413 1593 2452 speciem
1607 2439 1614 2452 ,
1651 2424 1763 2446 verum

996 2460 1091 2490 etiam
1106 2462 1282 2492 secundum
1299 2472 1422 2502 genus:
1448 2466 1500 2495 sed
1515 2466 1600 2505 ignis
1619 2468 1675 2497 iste
1695 2477 1764 2498 cor-

996 2514 1110 2552 poralis
1126 2517 1189 2554 est,
1212 2516 1296 2554 iguis
1311 2526 1386 2548 vero
1405 2518 1567 2549 infernalis
1580 2520 1761 2560 spiritualis⁷

997 2598 1028 2621 tV
1043 2598 1120 2627 δοιώ,
1134 2598 1191 2622 dist.
1208 2605 1275 2630 xciv,
1290 2608 1314 2631 q.
1329 2608 1384 2625 xnx.
1395 2615 1425 2619 —
1437 2603 1539 2633 ²Arist.,
1552 2603 1658 2634 Metaplz.
1675 2604 1717 2629 lib.
1733 2605 1763 2636 X,

996 2635 1063 2658 cont.
1077 2636 1115 2658 20.
1126 2635 1172 2651 —3
1188 2635 1247 2665 Job,
1261 2642 1333 2666 xviii,
1349 2638 1370 2661 ὅ,
1384 2637 1431 2654 —4
1443 2638 1504 2661 Dist.
1522 2638 1575 2668 ult„
1588 2641 1634 2662 art.
1650 2642 1669 2669 t,
1686 2646 1709 2670 q.
1722 2646 1762 2665 111.

1026 2683 1059 2714 (a)
1076 2683 1144 2707 Edit.
1165 2684 1220 2708 Ven.
1236 2684 1452 2716 imaginationem.
