1991 3006
67 1289 132 1316 Opin.
153 1290 172 1308 2.

653 198 750 230 DIST.
775 198 880 229 XLIII.
905 197 993 229 ART.
1020 199 1043 228 l.
1069 197 1220 234 QUAEST.
1245 199 1294 229 IV.

181 269 308 308 propter
322 266 519 297 identitatem
533 265 675 295 materiae
691 267 721 296 et
736 266 856 303 formae,
871 265 945 305 quia

182 321 326 352 identitas
341 320 496 356 materiae,
511 320 542 349 et
557 319 736 358 principalis
751 319 871 351 formae,
889 319 948 348 erit

182 374 214 403 in
221 372 460 411 resurgentibus
469 372 507 409 (ai
515 395 520 401 .
527 371 604 401 Hinc
616 371 751 410 estquod
760 371 947 401 resurrectio

182 429 228 456 est
242 426 276 455 in
288 425 416 456 eisdem.
434 424 522 461 Quod
539 433 616 463 ergo
631 424 704 454 dicit
720 423 945 463 Philosophus,

181 479 266 518 quod
284 479 385 509 forma
408 479 566 516 corrupta,
584 479 613 507 et
634 477 749 507 iterum
776 479 946 515 generata,

181 533 227 561 est
237 530 298 561 alia
312 539 455 567 numero,
470 529 617 567 intelligit
630 529 668 559 de
682 529 740 558 ista
757 529 947 559 diversitate.

182 583 241 614 Sed
256 583 339 613 istud
356 592 420 614 non
435 582 560 613 videtur
575 582 712 611 multum
736 581 923 612 rationabile
939 592 945 611 ε

183 637 322 676 primum
338 636 463 676 quidem
475 659 484 673 ,
502 635 576 674 quia
600 636 733 665 stultum
753 635 879 665 videtur
901 635 947 665 di-

182 698 251 719 cere
266 713 274 726 ,
297 689 382 727 quod
400 688 481 718 Deus
503 697 567 719 non
587 688 684 727 possit
710 688 840 717 omnino
866 688 949 718 idem

182 750 295 781 corpus
311 742 482 772 reformare
505 742 666 772 identitate
689 741 862 771 secundum
888 750 949 771 nu-

183 803 319 824 merum.
341 794 507 834 Amplius,
524 794 669 824 identitas
692 794 868 825 secundum
890 804 948 825 nu-

182 853 308 879 merum
330 847 362 877 in
378 847 553 877 substantia
572 856 636 877 non
651 847 737 877 venit
757 857 797 878 ex
811 848 952 878 acciden-

183 901 278 937 tibus,
294 901 365 931 licet
380 909 435 939 per
445 900 498 930 illa
518 900 554 938 (b)
571 900 762 937 innotescat,
781 910 838 930 nec
857 901 949 942 etiam

183 954 358 984 diversitas.
376 952 413 983 Et
426 953 550 990 iterum,
566 953 650 992 quod
661 953 904 984 discontinuatio
919 954 951 984 in

184 1015 252 1037 esse
266 1015 329 1036 non
353 1005 482 1035 inducat
502 1005 716 1036 diversitatem
741 1006 773 1035 in
795 1016 950 1044 numero,

185 1058 309 1089 videtur
329 1067 476 1098 expresse
500 1058 532 1088 in
559 1058 753 1096 artificiatis,
777 1061 813 1089 ut
832 1059 857 1088 si
882 1068 954 1090 arca

185 1111 384 1149 dissolvatur,
401 1113 431 1141 et
446 1111 561 1141 iterum
577 1120 616 1141 ex
632 1111 749 1141 eisdem
765 1112 880 1142 tabulis
893 1136 900 1149 ‚
924 1114 953 1141 et

187 1164 360 1194 secundum
376 1164 523 1194 eumdem
538 1163 680 1194 ordinem
697 1167 872 1203 reparetur,
891 1173 954 1195 non

187 1217 302 1248 dicitur
315 1217 377 1247 alia
390 1226 463 1247 arca
477 1226 629 1254 numero,
648 1217 701 1247 sed
716 1217 824 1247 eadem
837 1228 844 1254 3
862 1219 891 1247 et
906 1219 952 1247 ta-

188 1279 262 1301 men
278 1271 368 1301 desiit
383 1280 448 1301 esse
468 1280 551 1301 arca.
573 1270 611 1300 Et
630 1272 756 1310 propter
773 1270 832 1300 hoc
847 1270 955 1300 dicunt

188 1324 241 1355 alii
258 1324 358 1361 aliter,
375 1324 459 1363 quod
474 1324 589 1363 duplex
604 1327 649 1354 est
665 1323 825 1363 corruptio
844 1335 850 1353 z
867 1333 953 1363 quae-

188 1377 260 1407 dam
276 1386 331 1416 per
355 1377 592 1407 dissolutionem
605 1401 613 1414 ,
639 1377 704 1407 sive
726 1377 955 1416 separationem

187 1430 414 1470 principiorum
431 1430 701 1470 componentium,
715 1430 783 1460 sive
799 1430 952 1469 partium;

187 1483 334 1522 quaedam
349 1491 405 1522 per
417 1483 653 1522 corruptionem
667 1484 786 1512 sormae.
806 1483 839 1512 In
856 1483 956 1522 prima

186 1535 332 1575 possibile
358 1538 403 1566 est
418 1535 500 1566 idem
522 1545 657 1566 numero
680 1536 819 1575 reparari
839 1536 883 1572 ei,
902 1537 956 1575 qui

186 1589 243 1619 scit
258 1589 297 1619 ad
311 1589 458 1619 eumdem
480 1588 628 1626 modum,
645 1590 676 1618 et
696 1589 735 1618 ad
755 1589 865 1618 eadem
889 1589 957 1619 loca

187 1642 348 1672 reducere.
366 1641 401 1671 In
416 1641 561 1679 secunda,
579 1642 655 1681 quia
670 1641 753 1681 quod
768 1644 956 1681 corruptum

189 1697 236 1724 est
251 1703 314 1725 non
329 1696 430 1734 potest
443 1704 510 1724 esse
526 1695 607 1725 idem
620 1718 629 1731 ,
646 1695 798 1734 quoniam
814 1704 896 1725 nova
911 1698 957 1725 est

187 1747 320 1778 essentia
335 1747 456 1784 sormae,
473 1747 498 1776 si
512 1747 545 1786 (θ’)
563 1747 600 1777 de
618 1756 701 1778 novo
711 1748 956 1785 generatur,di-

188 1802 262 1830 cunt
276 1800 359 1839 quod
375 1800 550 1830 necessario
572 1801 693 1839 oportet
713 1809 780 1830 esse
802 1800 886 1830 aliud
903 1811 910 1830 2
928 1802 958 1830 et

187 1853 225 1883 de
242 1852 300 1882 hac
316 1853 465 1891 intelligit
480 1852 701 1892 Philosophus.
720 1853 900 1892 Reparatio,
929 1855 959 1883 et

187 1905 350 1936 dissolutio
365 1906 506 1944 corporis
521 1906 655 1935 humani
681 1908 727 1936 est
742 1908 899 1945 quantum
919 1907 959 1936 ad

188 1958 327 1993 primurn
343 1958 474 1988 modum
492 1969 498 1988 z
515 1958 584 1988 ideo
601 1960 766 1997 reparatur
788 1958 870 1988 idem
886 1983 892 1996 ,
913 1959 958 1988 si—

188 2013 240 2041 cut
255 2010 475 2048 artificiatum,
496 2011 573 2050 quia
598 2011 681 2041 salva
704 2012 811 2041 anima
833 2014 863 2041 et
888 2020 959 2041 cor-

189 2072 263 2102 pore
278 2064 313 2093 fit
328 2064 481 2102 separatio
504 2064 600 2094 unius
620 2064 659 2094 ab
674 2064 745 2101 alio,
763 2066 793 2094 et
812 2066 881 2103 post
896 2064 957 2095 sal-

188 2117 235 2147 vis
251 2116 393 2156 partibus
407 2117 546 2147 materiae
562 2117 599 2147 fit
611 2117 814 2148 incineratio:
832 2120 860 2148 et
877 2118 959 2149 Deus

187 2169 268 2199 sicut
284 2169 386 2199 bonus
404 2169 517 2199 artifex
531 2169 651 2200 cineres
668 2170 805 2208 colligit,
822 2173 852 2200 et
869 2171 957 2208 unit,

189 2224 220 2251 et
234 2222 383 2252 reformat
397 2222 481 2252 idem
500 2232 614 2261 corpus
627 2247 634 2260 ‚
659 2225 688 2253 et
713 2223 863 2262 quoniam
882 2224 959 2255 illud

189 2283 304 2314 corpus
331 2275 426 2305 habet
449 2275 591 2305 eamdem
618 2276 840 2314 perfectionem
857 2301 864 2314 ,
891 2277 959 2307 ideo

190 2329 290 2358 totum
302 2330 557 2358 consummatum
568 2330 615 2358 est
625 2329 718 2359 idem.
734 2328 794 2359 Sed
806 2329 883 2359 illud
895 2339 960 2360 non

191 2380 284 2411 solvit
308 2381 499 2411 sufficienter
520 2392 526 2410 t
550 2383 672 2411 eertum
697 2384 744 2412 est
762 2383 847 2412 enim
872 2383 959 2422 quod

192 2433 293 2463 forma
304 2434 406 2463 carnis
416 2433 566 2464 humanae
577 2435 802 2474 corrumpitur,
815 2436 892 2466 dum
906 2446 961 2475 ge-

192 2488 321 2516 neratur
342 2486 414 2516 inde
434 2486 567 2524 vermis,
597 2489 627 2516 ct
651 2496 798 2526 serpens3
822 2491 852 2518 et
881 2489 961 2519 sicut

192 2541 295 2578 potest
309 2539 469 2579 corrumpi
485 2540 517 2570 in
528 2549 656 2570 carnem
672 2542 835 2580 serpentis,
850 2542 899 2572 vel
914 2543 958 2572 al-

194 2592 292 2622 terius
305 2592 465 2630 animalis,
494 2593 538 2623 sic
560 2593 673 2624 resolvi
693 2596 811 2633 potest,
828 2595 909 2625 sicut
932 2598 961 2625 et

195 2645 272 2676 illud
287 2644 416 2683 animal,
429 2645 461 2676 iu
475 2648 611 2686 quatuor
621 2645 786 2685 elementa,
803 2650 835 2678 et
848 2657 961 2679 unum-

1711 203 1767 232 457

1004 265 1151 305 quodque
1164 264 1393 296 elementorum
1406 266 1567 305 corrumpi
1581 266 1614 296 in
1627 266 1722 303 aliud,
1739 270 1768 297 et

1004 318 1047 348 ita
1061 321 1310 358 corrumpuntur
1322 320 1431 349 formae
1440 319 1543 355 mixti,
1557 321 1587 349 et
1600 319 1746 350 elementi
1761 331 1767 349 :

1004 380 1083 409 ergo
1099 380 1225 401 necesse
1239 373 1286 401 est
1301 371 1362 401 alia
1376 372 1529 402 elementa
1542 381 1608 402 esse
1623 382 1767 411 numero,

1005 426 1035 453 et
1049 423 1143 453 aliam
1156 432 1283 453 carnem
1298 434 1304 453 ι
1323 426 1353 453 et
1368 424 1410 453 ita
1424 433 1486 454 non
1502 427 1603 463 potest
1617 427 1699 456 stare
1711 427 1769 457 ista

1005 476 1178 515 responsio.
1194 476 1231 506 Et
1247 479 1412 515 propterea
1426 478 1612 515 notandum,
1627 479 1710 517 quod
1725 481 1770 510 est

1006 529 1194 561 resurrectio
1207 529 1347 567 ejusdem
1354 539 1500 565 numere,
1513 531 1590 569 quia
1603 531 1692 562 aliter
1706 542 1769 563 non

1005 584 1084 612 esset
1097 582 1294 612 resurrectio.
1314 581 1345 612 Si
1361 591 1485 621 quaeras
1506 593 1524 612 a
1540 593 1589 614 me
1610 586 1770 623 quomodo

1006 635 1063 664 hoc
1080 644 1145 664 esse
1170 635 1280 674 possit,
1300 635 1368 664 diro
1387 635 1470 673 quod
1493 636 1552 665 hoc
1580 639 1678 675 potest
1704 648 1771 669 esse

1006 697 1061 727 per
1076 688 1225 718 virtutem
1245 687 1385 718 divinam
1396 712 1405 725 ,
1430 689 1577 727 quamvis
1593 699 1657 720 non
1674 693 1772 730 possit

1006 750 1072 771 esse
1087 750 1141 780 per
1161 743 1306 771 naturam
1322 752 1327 770 ·.
1345 743 1375 770 et
1390 741 1474 771 istud
1493 742 1671 781 intelligere
1700 754 1770 783 pos-

1006 803 1117 824 sumus
1131 794 1193 823 sic:
1209 793 1431 833 Supponamus
1446 804 1542 832 nuuc,
1560 797 1645 834 quod
1660 800 1773 829 natura

1007 847 1124 886 aliquid
1138 849 1214 885 agat
1231 857 1237 876 z
1255 849 1286 877 et
1302 847 1378 877 illud
1393 856 1455 877 non
1472 848 1538 886 agit
1550 858 1590 878 ex
1606 849 1703 880 nihilo
1718 862 1724 887 3
1743 853 1773 881 et

1007 909 1080 929 cuni
1101 902 1175 938 agat
1194 900 1227 929 in
1251 900 1430 937 materiam,
1454 903 1576 940 oportet
1594 902 1677 941 quod
1700 912 1773 942 pro-

1008 953 1099 983 ducat
1115 954 1247 982 sormam
1257 963 1266 985 ;
1282 955 1312 983 et
1328 962 1401 983 cum
1420 954 1550 983 materia
1566 963 1630 984 non
1646 955 1686 985 sit
1701 965 1774 995 pars

1008 1006 1128 1041 formas,
1147 1014 1202 1035 nec
1215 1005 1317 1035 forma
1329 1006 1383 1035 fiat
1398 1015 1470 1045 pars
1484 1007 1634 1045 materiae,
1650 1017 1775 1040 necesse

1009 1060 1054 1088 est
1077 1058 1182 1097 aliquo
1213 1058 1307 1088 modo
1330 1059 1448 1088 formas
1470 1059 1630 1090 naturales
1654 1070 1720 1092 esse
1744 1062 1778 1092 in

1009 1112 1157 1148 materia,
1183 1114 1353 1151 antequam
1378 1112 1591 1151 producantur
1617 1124 1622 1143 :
1649 1116 1679 1144 et
1700 1115 1776 1145 sub-

1011 1165 1124 1194 stantia
1139 1165 1279 1194 materiae
1295 1173 1466 1204 praegnans
1479 1168 1523 1195 est
1540 1167 1689 1197 omnibus
1704 1179 1710 1197 z
1728 1177 1777 1198 er-

1011 1226 1053 1256 go
1081 1218 1219 1247 rationes
1247 1217 1414 1247 seminales
1435 1218 1580 1248 omnium
1603 1219 1778 1251 formarum

1011 1274 1084 1301 sunt
1105 1271 1137 1301 in
1156 1271 1232 1310 ipsa.
1259 1271 1317 1301 Sed
1338 1271 1376 1301 ad
1392 1271 1469 1301 iilud
1484 1274 1543 1302 stat
1567 1273 1734 1311 resolutio,
1761 1284 1779 1304 a

1011 1331 1074 1361 quo
1090 1322 1197 1361 incipit
1211 1322 1375 1360 generatio
1389 1333 1395 1352 2
1408 1332 1487 1361 ergo
1499 1323 1588 1353 nulla
1603 1324 1698 1354 forma
1713 1334 1779 1354 om-

1012 1375 1088 1404 nino
1100 1375 1326 1414 corrumpitur,
1339 1375 1393 1405 sed
1407 1377 1513 1404 manet
1525 1375 1557 1405 in
1569 1377 1699 1406 materia
1712 1380 1781 1416 post

1012 1428 1257 1467 corruptionem,
1270 1428 1350 1458 sicut
1365 1428 1512 1458 manebat
1522 1431 1692 1467 antequam
1707 1439 1779 1468 pro*

1011 1481 1201 1510 duceretur:
1224 1485 1254 1510 et
1278 1481 1320 1510 sic
1345 1481 1417 1510 dicit
1438 1481 1636 1519 Augustinus
1653 1486 1676 1519 ι;
1696 1483 1780 1514 unde

1012 1534 1129 1563 formas
1152 1534 1183 1563 in
1207 1534 1339 1564 materia
1361 1535 1432 1564 ante
1450 1534 1688 1572 productionem
1710 1536 1783 1566 dicit

1012 1595 1079 1616 esse
1100 1589 1257 1626 quantum
1281 1587 1319 1617 ad
1342 1587 1480 1617 rationes
1504 1587 1681 1618 seminales.
1707 1588 1784 1619 Dicit

1012 1640 1107 1670 etiam
1124 1640 1239 1670 resolvi
1255 1640 1293 1670 ad
1311 1640 1476 1670 materiam
1488 1664 1496 1677 ,
1515 1641 1595 1671 sicut
1616 1641 1655 1671 ad
1677 1642 1781 1672 occul-

1012 1693 1147 1723 tissimos
1157 1694 1245 1723 sinus
1256 1695 1392 1730 naturae,
1408 1694 1490 1724 idern
1505 1697 1639 1734 utroque
1654 1696 1784 1726 nomine

1013 1746 1189 1776 secundum
1205 1746 1337 1776 alteram
1362 1748 1392 1776 et
1414 1746 1546 1776 alteram
1562 1747 1717 1777 rationem
1734 1748 1784 1778 in-

1013 1799 1113 1837 telligi
1138 1799 1258 1829 volens.
1287 1799 1367 1835 Quid
1388 1801 1496 1829 autem
1520 1799 1588 1829 haec
1611 1799 1688 1837 sint,
1710 1801 1784 1830 alibi

1013 1852 1125 1882 melius
1141 1854 1240 1891 patet,
1265 1851 1381 1881 scilicet
1396 1852 1428 1881 in
1445 1852 1592 1882 secundo.
1620 1852 1711 1883 Nunc
1726 1863 1784 1884 au-

1014 1907 1076 1934 tem
1091 1905 1161 1935 haec
1177 1905 1293 1935 dixisse
1308 1904 1442 1935 sufficiat
1455 1928 1462 1942 ‚
1488 1906 1572 1944 quod
1595 1914 1704 1937 omnes
1720 1908 1783 1937 for-

1014 1968 1093 1997 mae,
1109 1969 1180 1989 cuin
1200 1961 1460 1998 corrumpuntur,
1478 1968 1542 1988 non
1566 1960 1696 1990 omnino
1713 1970 1783 1991 cor-

1014 2015 1220 2051 rumpuntur,
1241 2012 1295 2042 sed
1317 2014 1446 2042 manent
1470 2012 1578 2051 aliquo
1606 2013 1700 2043 modo
1723 2025 1729 2043 :
1755 2016 1786 2044 et

1014 2065 1088 2095 huic
1109 2065 1275 2095 concordat
1292 2065 1387 2102 ratio,
1406 2068 1437 2095 et
1456 2066 1626 2096 auctoritas
1643 2066 1783 2097 Philoso-

1014 2119 1087 2158 phi,
1104 2120 1134 2148 et
1149 2118 1319 2148 auctoritas
1336 2118 1416 2148 beati
1442 2118 1631 2156 Augustini,
1649 2121 1679 2149 et
1700 2120 1784 2158 quod

1014 2172 1117 2209 majus
1129 2174 1189 2209 est,
1206 2171 1375 2201 auctoritas
1390 2180 1488 2201 sacrae
1504 2170 1677 2210 Scripturae
1687 2195 1696 2208 ‚
1709 2181 1783 2212 quae

1014 2226 1059 2254 est
1080 2224 1248 2254 auctoritas
1267 2224 1401 2264 Spiritus
1421 2225 1530 2254 sancti.
1554 2224 1618 2254 Hoc
1640 2234 1784 2265 praesup-

1014 2276 1114 2315 posito
1126 2300 1134 2313 ,
1154 2276 1336 2313 dicendum,
1355 2277 1439 2316 quod
1456 2278 1604 2316 quamvis
1619 2279 1721 2308 forma
1746 2279 1785 2308 sit

1014 2329 1055 2359 ibi
1070 2329 1176 2368 aliquo
1202 2329 1294 2360 modo
1316 2333 1384 2369 post
1399 2330 1650 2369 corruptionem,
1679 2334 1785 2362 tamen

1014 2384 1128 2412 natura
1142 2391 1205 2412 non
1223 2385 1323 2421 potest
1339 2383 1511 2422 producere
1529 2384 1576 2421 ad,
1590 2384 1673 2414 idem
1696 2394 1762 2415 esse
1773 2408 1782 2422 ,

1014 2435 1098 2475 quod
1115 2435 1225 2465 habuit
1240 2436 1338 2475 prius.
1366 2436 1402 2466 Et
1417 2437 1497 2466 ratio
1513 2437 1610 2476 hujus
1626 2440 1692 2475 est,
1711 2437 1786 2476 quia

1015 2497 1114 2527 agens
1129 2488 1274 2518 naturale
1290 2488 1449 2520 influendo
1464 2489 1543 2527 agit,
1560 2492 1590 2520 et
1605 2490 1786 2529 impertien-

1015 2541 1054 2571 do
1067 2541 1186 2581 aliquid
1200 2542 1267 2579 sui,
1284 2550 1347 2581 quo
1364 2542 1521 2572 mediante
1540 2542 1661 2581 perficit
1687 2542 1762 2572 illud
1775 2566 1783 2580 ‚

1050 2628 1053 2635 ·
1072 2621 1170 2652 Aliquid
1185 2621 1232 2644 tale
1248 2621 1338 2652 legitur
1354 2622 1419 2651 apud
1436 2621 1618 2651 Augustiuum,
1638 2620 1667 2643 de
1686 2621 1785 2651 Trinit„

1015 2656 1137 2688 lib.111‚c.
1148 2662 1233 2681 V111.—
1244 2657 1277 2688 (u)
1287 2656 1784 2688 Al.surgentibus.—(b)‘illam—(usic.

1785 493 1850 519 Opin.
1867 494 1889 512 3.

1785 530 1832 550 quie
1859 526 1889 543 cst

1786 554 1890 574 Doctoris.

1789 585 1883 611 Explica.

1807 2237 1891 2263 Applic.
