1991 3006
145 2238 178 2256 Αι1
189 2242 231 2255 0111-

132 2265 242 2287 nesliorui-

134 2297 239 2318 nesveliut

134 2335 179 2347 esst·
194 2329 239 2347 lmu-

254 185 311 210 5436
811 181 1116 212 sENTENTlARvu
1145 183 1214 212 [AB.
1239 182 1286 213 lV.

768 331 1130 378 DISTINCTIO
1172 333 1326 378 XLIX

492 445 534 465 DE
565 444 685 466 STATU
720 445 761 465 ET
794 444 1036 467 CONDITIONE
1071 445 1249 468 BONORUM
1285 447 1373 469 POST
1407 447 1601 469 JUDICIUM.

964 558 1078 594 PARS
1109 560 1130 594 l.

284 647 321 668 DE
343 646 541 670 mFFERENTIA
562 648 739 670 MANSIONUM
764 649 792 669 IN
815 648 916 676 COELO,
942 648 978 668 ΕΤ
1000 648 1029 668 IN
1053 649 1205 670 lessnxo:
1232 650 1269 671 DE
1292 651 1435 672 ArrETlTU
1458 650 1665 672 BEATlTUDlle
1687 651 1718 672 IN
1739 650 1810 679 VIA,

717 697 753 718 ET
775 698 813 718 DE
834 697 1014 718 COGNl'rIONE
1035 697 1178 720 atomos]
1202 699 1237 719 ET
1259 698 1380 721 GAUDIO.

298 786 303 801 ¹
322 779 424 812 «Post
440 779 708 811 resurrectionem
732 789 807 810 vero
830 778 912 810 facto
933 779 1085 811 universo
1103 780 1304 823 impletoque
1315 780 1443 824 judicio
1457 806 1465 820 ‚
1484 791 1559 812 suos
1580 781 1662 813 fines
1677 780 1846 814 habebunt

252 837 397 870 civitates
411 836 483 868 duze
502 848 508 867 z
526 847 592 868 una
615 835 732 868 Christi
749 862 756 876 ,
783 835 847 868 alia
869 836 991 869 diaboli
1007 849 1015 877 ;
1034 848 1100 870 una
1122 838 1307 879 bonorum,
1331 838 1433 871 altera
1457 838 1620 871 malorum
1637 851 1644 878 ;
1670 842 1844 883 utramque

253 899 361 927 tamen
375 894 568 936 angelorum
584 897 614 925 ct
629 893 815 926 hominum.
837 894 907 925 [stis
923 894 1076 927 voluntas
1092 921 1099 935 ‚
1118 895 1183 927 illis
1199 895 1337 928 facultas
1359 907 1424 928 non
1447 896 1565 940 poterit
1587 907 1654 929 esse
1668 895 1821 940 peccandi
1835 921 1843 937 ,

253 953 304 985 vel
328 952 395 984 ulla
415 950 558 984 conditio
575 951 747 983 moriendi.
766 951 838 983 Istis
861 951 894 983 iu
921 956 1043 984 aeterna
1064 952 1131 984 vita
1153 952 1290 985 feliciter
1307 953 1498 985 viventibus
1513 979 1521 994 ,
1541 953 1607 986 illis
1622 953 1796 986 infeliciter
1810 953 1844 986 in

253 1014 374 1043 aeterna
398 1013 499 1042 morte
522 1009 590 1041 sine
614 1009 774 1041 moriendi
801 1012 956 1052 potestate
987 1009 1206 1050 durantibus,
1236 1011 1393 1054 quoniam
1418 1011 1550 1055 utrique
1578 1011 1649 1043 sine
1671 1011 1749 1043 fine.
1781 1009 1845 1044 Sed

255 1068 288 1099 in
304 1066 505 1099 beatitudine
522 1066 573 1098 isti
588 1092 594 1107 ‚
613 1066 698 1098 alius
713 1066 778 1098 alio
795 1066 1013 1110 praestabilius
1028 1080 1035 1107 ;
1054 1067 1087 1099 in
1112 1067 1242 1100 miseria
1260 1079 1336 1100 vero
1353 1068 1402 1100 illi
1418 1094 1425 1109 ‚
1443 1068 1528 1100 alius
1552 1068 1616 1100 alio
1643 1067 1844 1101 tolerabilius

254 1124 502 1169 permanebunt.
517 1138 532 1155 »
546 1124 593 1156 Ex
609 1124 659 1156 his
671 1128 826 1168 apparet,
843 1124 931 1168 quod
948 1124 1030 1156 sicut
1045 1125 1122 1157 boui
1141 1125 1335 1157 differenter
1349 1125 1639 1168 glorificabuntur,
1656 1125 1712 1158 alii
1727 1125 1842 1169 magiS,

254 1182 308 1214 alii
325 1182 455 1221 minus;
474 1182 518 1214 ita
532 1186 561 1214 et
579 1181 655 1213 mali
677 1181 866 1214 differenter
881 1181 915 1213 iu
932 1182 1060 1214 inferno
1078 1182 1269 1225 punientur.
1288 1182 1380 1215 Sicut
1394 1183 1480 1215 enim
1498 1183 1532 1215 ιή
1556 1182 1652 1215 domo
1665 1183 1793 1223 Putris,
1811 1182 1844 1216 id

253 1243 317 1280 est,
335 1239 367 1271 in
384 1250 484 1282 regno
500 1239 654 1272 coeloruui
671 1240 858 1272 mansiones
883 1240 998 1272 multoe
1014 1246 1091 1272 sunt
1108 1246 1130 1281 ²,
1152 1240 1184 1272 id
1200 1244 1266 1282 est,
1286 1240 1495 1284 praemiorum
1517 1240 1710 1273 differentiae
1724 1253 1732 1282 ;
1750 1241 1796 1274 ita
1813 1244 1845 1274 et

255 1297 287 1329 in
302 1296 451 1339 gehenna
464 1296 598 1329 diversae
615 1302 691 1329 sunt
719 1297 925 1338 mansiones,
943 1297 973 1329 id
999 1302 1067 1339 est,
1093 1298 1332 1342 suppliciorum
1358 1298 1563 1332 differentiae.
1591 1300 1708 1332 Omnes
1733 1303 1842 1332 tamen

254 1358 410 1387 aeternam
426 1365 555 1398 [menam
573 1354 736 1398 patientur
751 1381 758 1395 ‚
775 1355 857 1387 sicut
872 1366 985 1387 omnes
1000 1355 1093 1388 electi
1114 1355 1266 1388 eumdem
1283 1356 1450 1389 habebunt
1465 1357 1656 1398 denarium,
1672 1368 1772 1401 quem
1788 1368 1844 1402 pa-

255 1412 445 1445 terfamilias
457 1411 545 1444 dedit
561 1412 715 1444 omnibus
731 1413 789 1456 qui
810 1413 931 1456 operati
951 1417 1026 1445 suut
1041 1413 1075 1445 in
1092 1414 1187 1446 vinea
1199 1416 1220 1446 ³.
1238 1413 1378 1447 Nomine
1394 1414 1520 1447 denarii
1544 1414 1669 1459 aliquid
1692 1414 1844 1448 omnibus

254 1469 362 1502 electis
377 1480 550 1501 commune
565 1469 782 1513 intelligitur,
802 1470 922 1503 scilicet
939 1471 1004 1503 vita
1018 1475 1139 1504 aelerna
1154 1498 1162 1513 ,
1181 1472 1266 1505 Deus
1280 1473 1347 1516 ipse
1362 1499 1369 1513 ‚
1388 1484 1454 1516 quo
1470 1484 1581 1505 omnes
1597 1473 1750 1506 fruentur
1763 1499 1771 1515 ,
1788 1473 1842 1507 sed

255 1527 435 1572 impariter.
453 1526 534 1559 Nam
551 1527 633 1559 sicut
653 1527 713 1560 erit
729 1528 884 1560 differens
899 1528 1096 1571 glorificatio
1111 1541 1286 1574 corporum
1300 1556 1308 1571 ‚
1327 1531 1369 1562 ita
1385 1530 1539 1563 differens
1560 1531 1664 1574 gloria
1689 1531 1750 1563 erit
1772 1531 1843 1564 ani-

255 1596 394 1617 marum.
413 1585 515 1617 Stella
531 1585 617 1617 enim
641 1597 661 1617 α
687 1586 800 1627 stella,
818 1586 850 1618 id
866 1591 933 1627 est,
952 1587 1072 1619 electus
1096 1587 1136 1619 ab
1152 1587 1252 1620 electo
1267 1614 1274 1628 ‚
1291 1587 1406 1631 differt
1431 1588 1465 1620 in
1491 1588 1663 1621 claritate*
1679 1588 1798 1621 mentis
1812 1591 1843 1621 et

253 1642 407 1686 corporis.
434 1642 501 1674 Alii
521 1643 608 1674 enim
631 1643 704 1675 aliis
726 1643 866 1675 vicinius
894 1643 1080 1688 clariusque
1105 1645 1162 1677 Dei
1194 1645 1332 1688 speciem
1357 1645 1689 1689 contemplabuntur,
1713 1650 1745 1678 et
1772 1645 1844 1690 ipsa

255 1700 496 1743 contemplandi
519 1700 702 1733 differentia
724 1701 895 1733 diversitas
919 1702 1128 1734 mansionum
1151 1706 1294 1735 vocatur.
1321 1703 1444 1735 Domus
1465 1713 1542 1745 ergo
1558 1707 1605 1735 est
1623 1714 1710 1744 una,
1728 1703 1762 1737 id
1775 1706 1841 1745 est,

254 1757 407 1790 denarius
436 1761 482 1790 est
507 1769 612 1798 unus3
646 1758 698 1790 sed
724 1758 893 1790 diversitas
924 1763 970 1790 est
996 1759 1041 1791 ibi
1073 1759 1280 1792 mansionum
1302 1787 1308 1801 ,
1335 1760 1367 1792 id
1391 1764 1438 1792 est
1461 1760 1646 1793 differentia
1672 1761 1839 1802 claritatis,

254 1815 332 1859 quia
358 1826 460 1847 unum
487 1819 533 1847 est
558 1826 724 1847 summum
749 1816 872 1848 honum
902 1816 1069 1849 beatitudo
1087 1821 1117 1849 et
1143 1817 1209 1849 vita
1233 1818 1404 1858 omnium,
1429 1817 1461 1849 id
1489 1822 1536 1850 est
1563 1818 1649 1851 Deus
1670 1818 1749 1862 ipse.
1774 1818 1842 1852 Hoc

254 1873 339 1905 bono
359 1884 471 1905 omnes
492 1872 582 1904 electi
604 1873 831 1916 perfruentur,
849 1874 902 1906 sed
925 1874 979 1906 alii
1007 1874 1079 1906 aliis
1095 1874 1233 1918 plenius.
1257 1875 1474 1907 Perfruentur
1499 1879 1608 1908 autem
1634 1875 1775 1909 videndo
1785 1887 1842 1919 per

253 1930 407 1974 speciem,
430 1942 494 1963 non
518 1942 577 1975 per
599 1931 763 1975 speculum
789 1932 822 1963 z'n
852 1933 1031 1975 ceniymate
1055 1932 1075 1964 ⁵.
1108 1932 1235 1965 Habere
1259 1944 1334 1975 ergo
1360 1933 1460 1965 vitam
1476 1959 1485 1972 ‚
1512 1937 1559 1965 est
1583 1933 1693 1966 videre
1717 1933 1840 1976 vitam,

254 1988 283 2020 id
305 1992 370 2028 est,
395 1999 586 2031 cognoscere
607 1988 711 2021 Deum
741 1989 773 2020 in
801 1990 914 2032 specie.
946 1989 1037 2021 Unde
1063 1989 1180 2021 veritus
1213 1990 1257 2022 ait
1281 1990 1315 2022 in
1340 1990 1517 2033 Evangelio
1533 1994 1567 2022 ⁶:
1594 1992 1674 2024 Hoec
1701 1997 1747 2024 est
1772 1992 1842 2025 vita

255 2052 400 2087 (eterna,
422 2052 457 2077 ut
483 2052 679 2089 coynoscant
699 2052 729 2078 ce
746 2058 857 2078 verum
880 2048 996 2085 Dema,
1016 2054 1045 2079 et
1072 2059 1165 2091 quem
1189 2047 1310 2080 misisti
1329 2049 1439 2080 lesum
1457 2048 1627 2081 Christum
1653 2060 1719 2082 esse
1735 2061 1840 2083 unum

254 2107 285 2135 et
299 2103 405 2136 solum
423 2114 536 2136 verum
551 2104 674 2144 Deum;
693 2104 750 2137 hoc
768 2109 814 2136 est
830 2104 948 2137 hahere
969 2105 1068 2137 vitam
1082 2131 1089 2145 ‚
1107 2105 1137 2137 id
1156 2109 1202 2137 cst
1217 2131 1223 2145 ,
1242 2116 1434 2148 cognoscere
1451 2110 1481 2138 te
1500 2119 1506 2137 2
1529 2117 1594 2138 non
1616 2111 1663 2139 est
1682 2107 1752 2151 ipsa
1765 2119 1843 2150 eog-

255 2160 335 2192 nitio
347 2187 355 2202 ‚
373 2172 447 2205 qnae
464 2165 498 2193 tu
514 2172 547 2193 es
558 2187 565 2201 ‚
584 2161 637 2193 sed
656 2173 711 2205 per
724 2162 947 2204 cognitionem
963 2162 1080 2195 habere
1096 2163 1221 2195 bonum
1233 2189 1240 2203 ,
1257 2163 1345 2208 quod
1369 2168 1400 2196 tu
1418 2176 1450 2196 es
1461 2190 1468 2204 ‚
1485 2164 1517 2196 id
1533 2168 1601 2205 est,
1619 2165 1696 2197 vita.

299 2217 389 2250 Solet
402 2218 498 2250 etiam
514 2218 616 2262 quaeri
631 2219 670 2251 de
692 2219 892 2252 beatitudine
906 2246 913 2260 ‚
932 2224 1043 2252 utrum
1065 2232 1134 2252 eam
1162 2231 1274 2253 omnes
1290 2221 1411 2262 velint,
1429 2225 1460 2254 et
1483 2222 1586 2254 sciant
1606 2233 1681 2266 quae
1702 2223 1743 2255 sit
1764 2234 1842 2256 vera

256 2275 433 2308 beatitudo.
452 2275 497 2308 De
515 2275 574 2308 hoc
595 2277 802 2318 Augustinus
824 2278 857 2309 in
883 2278 966 2310 libro
981 2277 1020 2310 (le
1039 2279 1063 2309 T
1062 2278 1198 2311 rinitccte
1213 2279 1256 2310 ita
1272 2278 1400 2311 disserit
1414 2282 1423 2296 ⁷
1442 2290 1448 2310 :
1467 2292 1483 2309 (1
1500 2279 1621 2312 Mirum
1639 2283 1686 2312 est
1699 2291 1775 2313 cum
1789 2292 1842 2313 ca·

256 2332 419 2376 pessendae
433 2359 441 2374 ‚
460 2333 700 2378 retinendaeque
724 2335 933 2367 beatitudiuis
948 2336 1100 2368 voluntas
1120 2347 1187 2368 una
1207 2336 1248 2368 sit
1263 2336 1412 2368 omnium
1426 2362 1433 2376 ,
1452 2336 1538 2369 unde
1556 2341 1645 2370 tanta
1660 2338 1776 2370 existat
1800 2338 1840 2371 de

253 2390 323 2434 ipsa
341 2389 541 2422 beatitudine
563 2402 676 2424 rursus
695 2392 865 2426 diversitas
891 2393 1099 2426 voluntatum
1118 2405 1124 2425 :
1142 2404 1206 2425 nou
1224 2393 1311 2437 quod
1331 2404 1401 2425 eam
1419 2393 1539 2438 aliquis
1556 2394 1655 2435 nolit,
1675 2395 1730 2427 sed
1748 2395 1838 2439 quod

252 2458 319 2480 non
335 2458 447 2480 omnes
462 2459 531 2480 eam
555 2449 673 2481 norint.
693 2449 727 2482 Si
750 2450 836 2483 enim
858 2462 929 2483 eam
954 2462 1066 2483 omnes
1087 2455 1276 2491 noscerent,
1295 2462 1360 2483 non
1384 2451 1423 2483 ab
1445 2451 1518 2484 aliis
1533 2456 1705 2496 putaretur
1719 2464 1786 2486 esse
1801 2453 1838 2486 iu

250 2505 372 2538 virtute
387 2505 510 2547 animi,
529 2507 569 2538 ab
584 2507 655 2539 aliis
676 2507 709 2539 iu
726 2508 891 2552 voluptate
909 2509 1071 2552 corporis,
1090 2508 1130 2541 ab
1146 2508 1218 2541 aliis
1239 2512 1336 2552 atque
1359 2508 1431 2541 aliis
1452 2508 1541 2542 alibi.
1567 2509 1740 2548 Quomodo
1759 2521 1839 2554 ergo

283 2579 289 2594 ¹
303 2580 377 2611 Aug„
393 2580 715 2609 Εηι·Ι11’)-ίι1.,60151μὲ9,
729 2596 755 2599 -
770 2584 777 2597 ²
790 2583 935 2614 Jowz.,x1v‚
952 2586 974 2607 ὲ.
986 2598 1011 2600 -
1025 2585 1032 2596 ¹
1044 2584 1144 2613 Matth.,
1158 2590 1199 2613 xx,
1212 2585 1233 2613 9,
1251 2585 1285 2613 10,
1299 2586 1338 2613 13;
1353 2584 1482 2615 Chrysost.
1497 2584 1521 2607 in
1533 2584 1601 2608 hunc
1614 2585 1672 2612 loc..
1683 2584 1752 2609 110111.
1769 2591 1837 2615 miv,

250 2614 281 2637 al.
299 2620 356 2644 ων,
373 2622 388 2638 11
414 2617 435 2645 3,
452 2617 477 2639 in
494 2616 613 2640 Mami.—
625 2617 651 2640 ὁΙ
668 2617 736 2644 Cor..
754 2623 795 2647 xv,
811 2620 877 2642 :ilfi
892 2620 918 2642 ⁵1
937 2620 1003 2647 Corn,
1022 2625 1080 2649 xm,
1100 2621 1134 2642 12.
1147 2631 1175 2635 —-
1191 2619 1199 2632 Β
1211 2619 1290 2645 loun..
1308 2621 1408 2643 xv11.3.
1420 2632 1448 2637 —
1462 2618 1470 2635 7
1485 2620 1559 2649 Aug„
1574 2619 1603 2642 de
1618 2620 1694 2650 Trin„
1710 2619 1753 2643 lib.
1770 2620 1835 2650 Xlll,

252 2656 273 2672 e.
290 2655 324 2680 iv,
340 2656 365 2674 n.
379 2652 401 2674 Ἰ.
