1991 3006
717 190 751 220 ΙΝ
777 189 850 220 LlB.
877 185 1199 218 SENTENTIARUM.

157 263 447 304 appropriatorum,
463 270 482 291 a
497 259 661 298 trigesima
675 257 787 297 quinta
801 255 924 286 distinc—

157 318 241 348 tione
261 315 412 356 usquein
426 314 536 344 finem.
561 313 604 342 De
626 319 707 351 gyro
728 309 858 340 unitatis
876 317 924 338 es-

157 370 266 400 sentiae
296 370 328 399 in
360 366 502 407 personis
526 366 628 404 potest
651 362 808 401 intelligi,
841 361 926 401 quod

156 422 310 462 scriptum
331 423 376 450 est
389 421 419 450 ¹:
456 419 579 450 Corona
600 425 697 448 aurea
718 424 774 456 per
799 422 924 455 myrum.

157 474 236 506 Cum
256 474 341 504 enim
361 474 454 511 caput
476 471 590 501 Christi
610 470 650 500 sit
673 469 754 499 Deus
767 492 774 506 ‚
800 469 835 498 ut
854 467 927 497 dicit

156 527 326 567 Apostolus
336 530 358 564 Ξ,
371 528 400 556 et
414 526 447 555 in
461 525 602 556 canticis
618 522 785 562 legamus³
799 532 806 551 :
825 521 926 560 Caput

158 582 227 621 ejus
242 590 357 614 aurum
374 581 548 620 optimum7·
563 587 678 609 corona
693 587 789 608 aurea
803 585 857 616 per
871 585 927 616 gy-

155 645 230 666 rum
245 638 290 666 est
304 635 410 666 unitas
425 632 598 664 divinitatis
610 631 641 661 in
657 631 757 661 tribus
772 629 923 669 personis,

155 691 191 719 ut
206 689 249 718 ita
263 688 398 718 dixerim
414 688 561 726 regyrata
572 709 579 723 ‚
604 693 669 715 non
683 685 861 714 numerata.
886 682 926 712 Dc

156 751 238 782 gyro
253 739 557 771 circumincessionis
572 745 781 778 personarum
797 736 830 765 iu
846 735 926 766 invi-

155 803 223 824 cem
255 795 355 834 potest
382 792 517 831 intelligi
548 791 632 831 quod
657 790 809 829 scriptum
835 791 881 819 est
893 789 902 805 b
917 799 924 820 ε

158 848 294 887 Gyrcwit
316 846 426 878 ccelmn
455 847 491 876 in
519 845 655 876 circuitu
679 843 798 883 gylorice.
826 842 927 873 Arcus

154 900 205 930 ille
225 902 272 930 est
292 899 431 930 Verbum
457 899 635 928 increatum
655 899 685 927 et
706 897 903 926 incarnatum
917 920 924 933 ,

154 953 262 983 radius
279 952 360 983 Solis
379 952 513 990 ingeniti
536 952 685 989 exceptus
702 949 734 979 in
750 949 833 979 nube
851 958 924 978 cou-

154 1016 231 1036 cava
252 1005 459 1036 humanitatis
480 1005 663 1043 assumptae.
688 1002 747 1032 Iste
766 1011 875 1039 arch
896 1001 926 1032 id

154 1063 219 1098 est,
236 1059 319 1090 istud
334 1059 474 1089 Verbum
490 1058 563 1095 Dei,
587 1060 683 1097 ςῃνατ
698 1057 808 1088 coelum
822 1056 925 1086 Trini-

154 1113 226 1142 tatis
242 1124 248 1143 z
267 1112 310 1142 sic
323 1111 408 1142 enim
422 1111 550 1141 tertium
567 1110 681 1141 coelum
697 1111 787 1139 vocat
800 1109 925 1147 Augus-

156 1167 272 1196 tinus‘.
290 1166 328 1196 Ιη
345 1166 484 1197 circuitu
499 1164 628 1204 9lorioe,
654 1164 727 1203 quia
743 1165 772 1193 et
786 1162 925 1193 Verbum

153 1220 187 1250 in
204 1219 312 1257 Patre,
339 1221 369 1249 et
395 1219 483 1249 Pater
498 1218 531 1248 in
546 1217 649 1247 Verbo
666 1219 729 1255 est,
746 1219 776 1247 et
790 1216 881 1246 Pater
897 1219 927 1246 et

153 1272 293 1304 Verbum
309 1273 339 1302 in
356 1271 476 1311 Spiritu
492 1273 599 1301 sancto
615 1295 621 1309 a
639 1273 668 1300 ct
683 1269 819 1310 Spiritus
832 1279 926 1299 sanc-

153 1328 205 1356 tus
221 1326 252 1356 in
267 1325 358 1356 Patre
374 1328 404 1355 et
420 1323 521 1355 Verbo
536 1326 592 1354 est.
610 1323 650 1353 De
665 1323 796 1353 circuitu
813 1331 927 1361 appro-

153 1380 348 1419 priatorum,
366 1379 395 1408 id
411 1381 456 1407 est
472 1377 620 1417 potentiae
636 1379 666 1407 et
679 1377 813 1406 aliorum
830 1376 922 1405 intel-

154 1432 210 1471 ligi
226 1434 323 1472 potest
339 1431 422 1471 quod
437 1431 589 1470 scriplum
605 1429 671 1460 cst⁶
688 1440 693 1459 :
713 1429 850 1460 Potentes
865 1438 924 1468 yy-

154 1494 231 1517 rcms
246 1486 383 1524 mz'qrare
399 1485 483 1523 fecit.
506 1483 571 1513 Hoc
587 1486 632 1513 est
647 1483 766 1514 labium
785 1485 925 1513 (θηριων

154 1539 239 1579 qnod
260 1539 340 1569 Deus
362 1538 510 1578 prfecepit
530 1537 598 1567 fieri
620 1537 651 1566 iv.
673 1546 767 1575 gyro.
792 1535 926 1566 Labium

102 1597 107 1602 ‘
154 1592 239 1622 enim
254 1591 425 1631 quamdam
447 1590 681 1630 protensionem
697 1592 727 1619 et
742 1590 927 1629 prominen-

45 2082 135 2103 Materia

38 2112 141 2164 libksscnt.

155 1645 229 1675 tiam
246 1645 339 1674 babet
352 1668 359 1682 ,
382 1646 412 1674 et
430 1643 590 1682 significat
601 1643 743 1673 divinam
759 1643 925 1672 essentiam

155 1707 210 1737 per
237 1697 436 1737 appropriata
457 1696 495 1726 ad
516 1698 674 1725 creaturas
696 1698 922 1734 comparatam.

156 1750 241 1781 Istud
262 1750 382 1780 labium
410 1751 455 1779 est
478 1749 510 1778 in
535 1757 636 1788 gyro,
663 1748 738 1787 quia
764 1748 924 1786 potenba,

155 1803 325 1843 sapientia,
343 1805 373 1833 et
384 1802 507 1841 justitia
523 1803 596 1831 sunt
611 1801 693 1831 idem
711 1801 744 1830 in
760 1800 821 1831 Deo
833 1824 840 1837 ‚
856 1801 926 1831 licet

156 1866 220 1886 nou
234 1856 295 1886 sint
310 1856 419 1886 eadem
435 1856 611 1885 connotata.

196 1908 340 1939 Secundo
357 1917 460 1948 gyrus
474 1908 609 1947 sphaerae
625 1907 679 1947 qui
692 1909 738 1937 est
750 1908 850 1946 major
865 1907 924 1937 cir-

156 1963 247 1993 culus
268 1963 403 2002 sphzerae
422 1961 578 1991 transiens
593 1970 648 2000 per
665 1963 811 1991 centrum
828 1961 927 2000 sphae—

157 2025 221 2053 rae,
248 2016 354 2055 signat
371 2015 535 2046 materiam
557 2014 687 2045 secundi
709 2014 781 2044 libri
799 2015 923 2045 Senten-

158 2070 290 2107 tiarum,
312 2069 344 2098 in
364 2078 428 2108 quo
448 2068 556 2107 agitur
573 2067 610 2097 de
628 2067 785 2098 creatione
803 2067 923 2097 mundi.

156 2123 234 2154 Nam
260 2124 291 2152 et
314 2122 420 2152 omnia
445 2130 576 2161 corpora
606 2120 715 2150 mundi
742 2120 926 2159 principalia

156 2177 229 2206 sunt
241 2175 405 2214 sphaerica.
424 2174 541 2213 Figura
553 2174 638 2204 enim
652 2174 803 2213 sphaeriffl
815 2183 926 2214 corpo-

156 2228 245 2258 ribus
262 2227 469 2266 liomogeneis
500 2227 638 2257 maxime
657 2229 782 2266 aptatur
798 2238 804 2257 ε
823 2228 926 2266 primo

156 2283 282 2320 proptor
300 2280 491 2320 primitatem
504 2304 513 2318 ,
535 2290 609 2310 nam
625 2282 656 2311 et
670 2281 707 2310 (le
724 2281 826 2320 prima
841 2282 925 2319 tigu-

156 2343 265 2364 rarum
292 2333 521 2364 multilaterum
550 2334 701 2373 probatur
725 2334 828 2373 prima
854 2343 924 2373 pas-

156 2387 202 2417 sio
217 2396 271 2426 per
284 2387 451 2425 circulum,
469 2389 499 2417 et
510 2396 566 2426 per
578 2387 664 2417 illam
682 2387 926 2426 propositionem

157 2440 292 2470 Euclidis
304 2440 325 2478 ⁸,
344 2450 438 2480 super
453 2441 558 2471 (latam
574 2441 706 2478 lineam,
727 2440 926 2479 triangulum

156 2492 377 2532 aequilaterum
414 2493 564 2524 collocare
585 2505 592 2531 3
625 2493 760 2524 secundo
801 2496 927 2533 propter

189 2555 195 2570 ¹
209 2554 300 2582 Eccozl„
316 2561 421 2585 xxxvii,
437 2560 459 2579 2.
472 2569 501 2573 -
517 2556 546 2578 ΞΙ
567 2556 633 2583 (3012,
651 2562 689 2585 xi,
706 2558 727 2580 3.
747 2570 772 2573 —
788 2556 798 2571 ³
812 2556 884 2579 Cant.
903 2562 924 2585 v,

158 2591 194 2612 tl.
208 2602 232 2606 —
249 2589 259 2605 ⁴
270 2590 358 2620 Eccli„
374 2596 447 2621 ηιμ,
465 2592 499 2614 13.
511 2604 540 2608 —
555 2592 565 2608 ⁵
578 2592 652 2622 Aug„
670 2591 699 2614 cle
715 2592 800 2615 Ganos.
815 2590 848 2614 (ιᾶ
863 2591 925 2619 ΗΜ,

156 2623 198 2647 lib.
219 2625 278 2655 ΧΗ,
297 2632 319 2649 c.
340 2631 433 2656 xxvllt,
453 2634 479 2649 u.
498 2628 536 2649 56.
555 2640 580 2643 —
603 2627 611 2640 ⁸
630 2626 718 2657 Eceli„
741 2632 816 2654 xxix,
837 2628 874 2650 25.
896 2639 926 2643 —

157 2659 164 2670 ⁷
178 2660 267 2691 Exod„
283 2666 343 2690 xxv,
358 2662 404 2692 24;
424 2667 526 2688 xxxvn.
543 2664 578 2686 11.
595 2675 623 2680 —
641 2661 651 2678 ⁸
669 2662 775 2691 Euclid.,
793 2661 923 2688 Element..

1695 182 1753 212 623

983 253 1185 293 capacitatem
1197 276 1205 289 ,
1225 259 1301 281 nam
1317 251 1387 290 plus
1407 250 1490 289 capit
1506 248 1754 287 circumscriptio

982 305 1161 346 superficiei
1180 304 1344 344 sphaericae
1358 328 1365 342 ,
1387 311 1484 342 quam
1499 302 1524 332 si
1539 301 1648 332 eadem
1666 310 1753 331 com-

982 360 1138 399 primatur
1160 359 1192 388 in
1213 357 1350 394 cubum;
1374 356 1466 386 tertio
1486 356 1613 395 propter
1634 354 1753 394 perfec-

983 412 1099 442 tionem
1112 435 1119 449 ,
1134 411 1210 451 quia
1225 410 1259 440 in
1274 419 1311 440 ea
1328 409 1467 449 primum
1482 407 1689 447 conjungitur
1704 406 1753 437 ul-

982 466 1072 496 timo.

1023 519 1142 559 Agitur
1157 520 1264 549 autem
1281 517 1315 547 in
1330 516 1466 546 secundo
1483 515 1565 545 libro
1584 515 1621 545 de
1639 514 1755 553 triplici

987 583 1087 613 gyro7
1106 572 1143 603 de
1162 580 1244 612 gyro
1261 569 1428 600 creationis
1441 571 1471 599 et
1485 568 1698 608 productionis
1710 577 1756 598 re-

982 635 1066 663 rum,
1081 635 1099 655 a
1112 624 1265 665 principio
1278 631 1380 662 usque
1392 622 1431 652 ad
1444 621 1676 652 distinctionem
1687 630 1752 658 xxm

983 679 1020 709 de
1043 687 1125 718 gyro
1146 677 1310 709 tentatoris
1331 678 1361 706 et
1381 674 1642 705 circumventoris
1656 674 1753 713 potis-

983 732 1072 762 simae
1083 732 1128 762 rei
1139 740 1157 761 a
1170 731 1207 769 (al
1220 729 1417 760 distinctione
1428 737 1484 758 xm
1497 737 1504 757 :
1522 727 1641 758 Victens
1654 727 1756 766 igitur

982 786 1128 819 diabolus
1140 811 1147 824 ‚
1164 788 1236 823 etc.)
1252 794 1352 824 usque
1370 784 1409 814 ad
1424 783 1658 813 distinctionem
1673 792 1751 813 xxx.

982 841 1024 872 De
1035 851 1117 881 gyro
1131 838 1416 881 praevaricationis,
1431 840 1461 868 et
1473 837 1675 868 involutionis
1687 846 1754 877 pec-

982 895 1058 932 cati,
1077 905 1094 925 a
1110 893 1307 924 distinctione
1322 902 1400 929 xxx,
1418 900 1519 931 usque
1534 891 1573 921 ad
1588 890 1695 921 finem.
1713 890 1755 921 De

984 958 1066 989 gyro
1083 947 1251 979 creationis
1264 971 1271 985 ‚
1290 949 1320 977 et
1335 944 1552 986 productionis
1568 953 1676 974 rerum
1693 953 1754 983 gy-

982 1001 1170 1040 ratarumffl)
1197 1000 1331 1039 intelligi
1352 1001 1472 1039 potest,
1495 998 1579 1038 quod
1602 997 1676 1028 (licit
1698 997 1755 1027 Sa-

983 1055 1099 1095 pientia
1117 1055 1148 1084 2:
1183 1055 1336 1085 Dominus
1357 1052 1501 1092 possedit
1527 1060 1573 1082 me
1598 1052 1634 1082 in
1658 1051 1755 1082 initio

984 1110 1109 1139 ι’ῖανιιιη
1124 1115 1275 1140 suarum.
1295 1111 1466 1146 antequam
1478 1104 1655 1144 quidquam
1669 1104 1753 1143 face-

982 1165 1027 1194 ret
1041 1171 1060 1193 α
1074 1162 1248 1201 principio.
1266 1160 1311 1192 Ab
1326 1163 1439 1192 ceterno
1455 1159 1607 1190 ordinata
1622 1166 1707 1195 sum,
1725 1162 1755 1190 et

982 1223 1024 1246 esc
1044 1215 1190 1254 αηῑίίμιὶε
1207 1217 1377 1252 antequam
1400 1216 1480 1244 terra
1501 1212 1601 1250 fieret.
1624 1211 1755 1247 Quando

979 1268 1184 1308 pumen-abac
1206 1268 1311 1304 coelos,
1345 1266 1475 1297 aderam
1484 1277 1495 1304 ;
1519 1265 1647 1305 quamdo
1671 1268 1755 1296 certa

982 1323 1056 1362 leae,
1070 1325 1098 1353 et
1108 1330 1186 1362 ωηο
1196 1320 1335 1352 vallabat
1347 1320 1486 1360 abyssos.
1500 1319 1541 1350 De
1556 1328 1637 1358 gyro
1650 1321 1755 1349 tenta-

983 1377 1058 1407 toris
1072 1379 1103 1407 et
1118 1375 1379 1406 circnmventoris
1396 1375 1567 1414 potissimae
1582 1374 1628 1404 rei
1640 1398 1647 1411 ‚
1666 1373 1697 1404 id
1709 1375 1756 1404 est

982 1429 1131 1465 hominis,
1149 1429 1297 1459 scribitur
1319 1428 1351 1457 in
1369 1427 1427 1457 Job
1439 1428 1458 1446 '0
1474 1439 1479 1457 z
1505 1427 1700 1459 Obsede-runt
1719 1427 1755 1458 z'n

981 1491 1059 1523 gyyro
1073 1481 1309 1514 tabernaculum
1321 1480 1387 1520 effus
1397 1481 1544 1519 spiritus,
1562 1480 1678 1511 scilicet
1691 1488 1755 1510 ma-

982 1536 1074 1575 ligni.
1101 1534 1261 1571 Quantum
1281 1534 1320 1564 ad
1343 1543 1463 1573 gyrum
1487 1532 1755 1573 praevaricationis

982 1591 1012 1619 et
1026 1588 1231 1620 involutionis
1247 1589 1445 1627 peccatorum
1457 1611 1464 1625 ,
1482 1587 1633 1617 scribitur
1647 1586 1685 1616 de
1700 1595 1753 1616 eo-

982 1642 1053 1672 ‹lem
1074 1642 1162 1672 hoste
1179 1641 1320 1680 maligno
1333 1642 1350 1657 ¹¹
1371 1651 1377 1670 :
1395 1641 1452 1671 Per
1473 1648 1588 1680 pyrum
1609 1640 1756 1671 dentium

982 1695 1048 1733 ejus
1067 1693 1216 1733 formido.
1240 1694 1314 1733 Gyri
1335 1694 1479 1724 dentium
1499 1695 1571 1723 snut
1593 1693 1756 1723 involucra

982 1750 1191 1787 peccatorum,
1206 1746 1321 1786 quibus
1337 1749 1478 1785 peccator
1492 1746 1637 1785 glutitur,
1653 1748 1683 1776 et
1696 1748 1756 1776 tra-

979 1801 1089 1839 jicitur
1105 1801 1136 1830 in
1151 1809 1265 1839 corpus
1280 1799 1406 1829 diaboli.

1023 1855 1136 1894 Gyrus,
1154 1854 1209 1893 qui
1223 1855 1269 1883 est
1282 1853 1437 1883 revolutio
1450 1861 1670 1892 quaecumque,
1689 1853 1755 1884 sive

983 1907 1021 1937 sit
1039 1907 1177 1937 circulus
1194 1906 1342 1946 obliquus
1353 1930 1360 1943 ‚
1378 1906 1444 1936 sive
1460 1908 1562 1936 rectus
1575 1930 1582 1943 ‚
1598 1906 1756 1945 Significat

983 1960 1216 1999 congruissime
1240 1960 1405 1990 materiam
1429 1960 1511 1990 tertii
1535 1959 1606 1989 libri
1627 1960 1755 1992 Senten-

983 2015 1124 2051 tiarum,
1150 2014 1184 2043 in
1207 2021 1271 2053 quo
1298 2013 1425 2052 quidem
1449 2013 1558 2051 agitur
1582 2013 1619 2043 de
1642 2014 1755 2054 triplici

983 2076 1064 2106 gyro
1080 2076 1088 2097 z
1106 2066 1218 2106 primo,
1235 2066 1273 2097 de
1289 2075 1371 2105 gyro
1388 2066 1628 2104 incarnationis,
1644 2066 1677 2097 in
1692 2076 1756 2107 qua

983 2120 1122 2159 primum
1146 2120 1353 2159 conjunctum
1377 2121 1422 2149 est
1443 2118 1575 2156 ultimo;
1599 2120 1752 2158 secundo,

982 2173 1019 2202 ‹le
1033 2181 1114 2211 gyro
1128 2172 1283 2211 passionis
1294 2175 1323 2202 ct
1336 2172 1573 2211 redemptionis
1590 2181 1755 2212 perquam

984 2226 1132 2256 ultimum
1161 2225 1326 2256 reunitum
1356 2227 1402 2255 est
1431 2225 1534 2264 primo
1549 2236 1555 2262 ;
1581 2226 1689 2264 tertio,
1719 2227 1756 2258 dc

985 2287 1066 2317 gyro
1093 2279 1244 2317 gratuitae
1269 2277 1502 2308 reformationis
1524 2287 1580 2317 per
1604 2279 1755 2317 virtutes,

983 2332 1083 2368 dona,
1099 2334 1129 2362 et
1144 2330 1364 2368 beatitudines,
1382 2339 1455 2370 qnae
1468 2333 1541 2360 sunt
1559 2331 1671 2368 media,
1687 2331 1757 2371 qui-

985 2385 1043 2415 bus
1056 2385 1204 2415 intimum
1218 2384 1334 2414 fruitur
1346 2392 1483 2414 summo.
1501 2383 1590 2414 Hunc
1603 2384 1756 2423 triplicem

985 2447 1103 2477 gyrum
1114 2437 1272 2467 subtiliter
1284 2436 1387 2475 tangit
1400 2436 1615 2474 Ecclesiastes,
1631 2437 1756 2476 quando

984 2491 1058 2521 (licit
1069 2491 1089 2508 ¹⁴²
1103 2501 1109 2520 ε
1127 2491 1238 2522 Oritur
1254 2489 1310 2521 Sol
1323 2500 1333 2520 .·
1348 2489 1420 2520 vide
1434 2499 1554 2529 gyrum
1570 2490 1756 2520 incarnatio-

984 2548 1026 2571 lib.
1044 2549 1061 2578 1,
1076 2555 1149 2579 prop.
1168 2551 1186 2571 l.
1203 2561 1232 2565 —-
1250 2548 1260 2564 ⁹
1280 2548 1363 2577 Prona,
1381 2553 1441 2575 Vlll,
1461 2548 1489 2570 22
1504 2549 1528 2570 et
1553 2554 1606 2578 seq.
1622 2561 1649 2564 —
1669 2548 1687 2564 ¹0
1701 2547 1754 2578 lob,

984 2586 1127 2614 x1.x',l2.-⁴
1148 2586 1162 2597 ⁴¹
1177 2583 1241 2613 lob„
1256 2589 1310 2613 xm,
1326 2584 1348 2606 ὅ.
1363 2595 1391 2599 -—
1407 2584 1422 2596 ¹-'
1437 2582 1526 2612 Ena-le.²
1543 2588 1560 2611 ι,
1577 2586 1599 2606 ὓ,

1015 2623 1049 2654 (a)
1074 2624 1134 2647 (λεί.
1158 2623 1216 2647 edit.
1242 2623 1278 2646 in.
1298 2635 1328 2640 —
1357 2621 1389 2651 (b)
1414 2622 1508 2645 Forsan
1533 2622 1661 2653 leyendum
1687 2630 1757 2647 creu-

984 2661 1073 2683 larum.

1778 2126 1867 2149 Materia

1772 2159 1810 2179 lib.
1818 2158 1875 2179 Sem.

1803 2189 1850 2211 111.
