1991 3006
645 187 738 217 DlS'l'.
763 187 893 217 xxxin.
919 186 1006 216 AR'r.
1035 187 1055 216 Ι.
1079 186 1226 222 QUAEs'r.
1254 187 1274 215 1.

159 256 234 295 cipit
254 264 402 295 expresse
421 255 640 285 fornicatorem
666 256 799 283 inter-izei
816 255 874 283 nisi
899 254 928 283 in

159 317 244 345 casu,
259 309 338 338 sicut
348 310 432 348 patet
447 309 475 345 ¹,
494 310 598 337 tamen
614 306 763 346 implicite
775 306 930 336 clauditur

160 361 202 391 ibi
217 365 227 380 ¹
240 371 247 391 :
265 362 335 392 Non
353 360 574 398 moechaber1787·
589 359 643 389 ubi
659 359 843 398 prohibetur
858 367 928 388 om-

160 414 209 444 nis
225 414 339 448 coitus,
356 414 415 443 nisi
431 412 679 443 matrimonialis.
698 412 811 442 Contra
824 411 929 449 legem

160 466 379 504 evangelicam
401 468 446 495 est
468 474 633 504 expresse:
656 474 730 495 nam
751 464 824 495 dicit
839 465 848 480 ³
864 465 928 502 for-

159 520 300 550 nicarios
325 526 389 549 non
405 518 515 549 habere
536 521 661 556 partem
684 519 720 548 in
742 525 836 556 reyno
852 517 928 554 Dei,

159 573 190 601 et
215 571 289 601 dicit
311 571 320 586 ⁸
344 571 427 610 quod
453 570 565 602 habeat
594 572 812 609 unusquisque
838 578 930 601 snam

159 627 288 663 propter
307 624 551 662 fornicationem
570 623 743 653 vitandam.
766 623 856 653 Ratio
872 633 930 653 au-

160 680 224 707 tem
248 676 465 716 praeceptionis
491 678 537 706 est
560 678 793 706 sacramentum
819 676 930 705 inatri—

161 730 270 765 monii,
287 729 372 768 quod
387 732 432 759 est
454 729 633 759 institutum
655 738 672 758 a
697 728 758 758 Deo
773 729 804 758 in
821 728 929 766 signa-

161 782 278 812 tionem
303 784 333 812 et
358 782 391 811 in
416 782 635 812 curationem:
660 781 692 810 in
719 781 930 819 signationem

160 837 232 864 aute
253 835 397 874 lapsum,
416 835 469 865 sed
496 835 527 864 in
552 834 747 864 curationem
772 836 841 872 post
863 833 929 873 lap-

160 897 243 917 sum.
269 887 348 924 Quia
370 888 455 917 enim
485 890 632 926 corrupta
660 889 704 916 est
731 886 783 916 illa
806 887 873 924 vis,
901 888 932 915 ct

161 940 361 977 deordinata,
393 943 429 970 ut
461 940 578 970 dietum
606 942 652 969 est
684 941 824 979 supra⁵,
854 940 931 969 adeo

163 993 248 1032 quod
264 1002 328 1023 non
345 993 408 1023 exit
422 993 453 1022 in
468 995 575 1022 actum
586 1017 593 1029 ‚
615 993 691 1031 quin
711 1002 849 1031 regnum
863 993 930 1022 ani-

161 1054 222 1075 mae
244 1047 459 1084 pervertatur,
478 1054 540 1075 non
562 1048 663 1084 potest
684 1045 752 1074 fieri
771 1048 840 1084 post
862 1046 930 1085 lap-

160 1107 231 1128 sum
255 1099 321 1128 sine
343 1100 483 1137 peceato,
510 1098 571 1128 nisi
596 1100 766 1128 excusetur
786 1107 841 1138 per
863 1109 928 1129 ma-

160 1151 366 1181 trimonium:
390 1151 459 1181 ideo
483 1150 587 1181 taliter
604 1160 795 1190 cognoscere
813 1160 931 1182 concu-

162 1203 280 1240 binam,
297 1206 342 1234 est
358 1206 519 1243 peccatum
530 1226 538 1241 ,
556 1206 711 1243 quantum
729 1206 774 1233 est
789 1204 826 1234 dc
841 1214 885 1242 se,
902 1207 932 1235 et

161 1260 269 1287 contra
288 1257 416 1296 Legem,
435 1259 465 1287 et
479 1257 704 1295 Evangelium,
722 1257 808 1286 etita
824 1260 933 1287 contra

159 1311 212 1349 jus
233 1310 377 1340 naturale
400 1310 611 1340 communiter
632 1310 762 1339 dictum.
789 1309 933 1341 Secundo

163 1362 256 1393 modo
281 1363 395 1393 dicitur
420 1362 565 1402 proprie,
594 1364 623 1391 et
653 1362 695 1391 sic
723 1362 877 1392 diffinitur
901 1363 932 1393 in

163 1415 317 1455 principio
333 1415 535 1446 Decretorum
549 1425 555 1444 :
567 1413 622 1444 Jus
635 1415 776 1445 naturale
792 1416 933 1454 estquod

163 1470 208 1498 est
219 1477 386 1498 commune
400 1468 544 1497 omnium
559 1468 727 1497 nationum
741 1479 746 1498 :
764 1470 794 1498 et
809 1468 868 1498 hoc
879 1470 934 1507 jus

163 1523 228 1557 est,
245 1520 329 1560 quod
345 1520 436 1551 dictat
451 1520 529 1549 ratio
549 1522 643 1549 recta.
660 1520 772 1550 Contra
787 1521 863 1551 illud
879 1521 933 1551 ad-

164 1573 227 1603 huc
238 1575 283 1602 est
296 1582 486 1612 cognoscere
497 1573 563 1602 sive
576 1572 691 1602 habere
705 1574 913 1603 concubinam
925 1583 932 1611 3

164 1628 194 1655 et
208 1626 268 1656 hoc
290 1628 373 1665 patet
386 1650 393 1663 ‚
411 1626 485 1665 quia
502 1627 555 1665 jus
577 1626 721 1656 naturale
743 1626 837 1656 dictat
851 1627 933 1666 quod

165 1679 355 1709 conveniant
366 1679 416 1709 vir
426 1682 455 1708 et
471 1679 584 1709 mulier
596 1679 626 1708 in
639 1679 691 1708 tali
705 1681 777 1709 actu
791 1680 828 1709 ad
841 1690 936 1719 gene-

167 1732 322 1762 rationem
343 1731 455 1770 prolis,
472 1741 544 1771 quae
569 1732 695 1771 utrique
719 1733 881 1771 succedat,
907 1736 937 1764 et

165 1785 214 1815 cui
253 1785 465 1815 communiter
495 1785 640 1824 praesint,
670 1787 699 1815 et
733 1785 786 1815 illa
808 1786 935 1825 utrique

165 1838 329 1878 aequaliter
352 1838 452 1868 subsit
469 1848 475 1867 :
499 1840 529 1867 et
548 1838 698 1876 quoniam
722 1840 811 1867 actus
826 1839 876 1868 ille
892 1842 935 1868 est

166 1891 336 1922 consimilis
352 1891 383 1920 in
399 1891 512 1929 specie,
528 1893 558 1920 et
570 1890 609 1920 ad
624 1890 842 1928 generandum
862 1901 935 1921 con-

167 1944 302 1973 similem
326 1944 357 1973 in
382 1943 502 1982 specie,
521 1943 614 1972 dictat
638 1945 751 1973 natura
774 1945 809 1973 ut
823 1953 938 1974 conve—

167 1996 257 2026 niant
281 1996 313 2026 in
335 1995 472 2035 quadam
495 1996 694 2035 aequalitate:
716 1996 768 2026 sed
792 1996 851 2026 hoc
874 1999 934 2035 cst,

168 2058 241 2079 cum
252 2051 339 2088 pater
354 2049 564 2087 conjungitur
579 2048 622 2078 illi
634 2051 669 2079 ut
684 2049 723 2078 sit
734 2059 817 2079 uxor
829 2052 859 2080 et
874 2059 938 2080 ma-

168 2101 370 2132 terfamilias:
387 2103 417 2131 et
440 2101 509 2131 ideo
529 2104 612 2131 recta
637 2102 717 2132 ratio
736 2102 830 2132 dictat
855 2103 937 2142 quod

167 2163 231 2185 non
263 2154 452 2191 conveniat,
487 2154 553 2184 sive
582 2155 796 2194 conjungatur
827 2155 871 2185 illi
904 2158 936 2185 ut

168 2207 363 2237 concubinae.
382 2207 441 2237 Sed
457 2207 515 2237 ista
535 2207 567 2236 in
584 2207 692 2237 multis
714 2210 758 2237 est
779 2209 940 2239 obfuscata

168 2269 224 2298 per
247 2260 431 2297 libidinem;
458 2260 510 2289 sed
535 2262 640 2289 tamen
665 2260 752 2290 salva
780 2264 884 2291 manet
908 2261 938 2290 in

169 2312 236 2350 his,
254 2313 308 2352 qui
329 2322 393 2343 non
418 2313 593 2352 depravant
606 2313 762 2351 judicium
780 2323 834 2353 per
858 2314 940 2344 mala

169 2374 274 2404 opera.
305 2364 409 2396 Tertio
438 2365 532 2395 modo
567 2365 681 2395 dicitur
711 2367 766 2405 jus
800 2367 940 2397 naturale

170 2418 407 2457 propriissime,
437 2419 521 2458 quod
555 2421 670 2449 natura
700 2420 805 2449 docuit
834 2421 941 2450 omnia

171 2470 338 2500 animalia:
357 2475 387 2501 et
400 2472 460 2501 hoe
474 2471 568 2501 modo
585 2481 648 2502 non
665 2475 712 2502 est
724 2476 832 2503 contra
847 2477 938 2504 natu-

173 2532 262 2561 ram,
286 2532 343 2554 nec
363 2525 470 2554 tamen
493 2525 625 2554 omnino
649 2526 823 2557 secundum
845 2529 939 2557 natu—

207 2605 210 2616 ¹
228 2602 338 2631 Deuter.,
352 2608 420 2632 ΠΗ,
437 2606 474 2627 21,
488 2616 514 2620 -
531 2605 540 2619 ²
554 2604 643 2633 Emi,
660 2612 703 2634 xx,
724 2607 759 2629 14.
777 2620 803 2623 —
823 2607 830 2619 ³
850 2607 856 2629 l
875 2607 941 2630 Cor..

179 2644 212 2667 vi,
228 2640 251 2662 9.
263 2652 290 2655 -—
304 2639 310 2654 ¹
324 2638 395 2664 Ibid..
409 2645 453 2668 vn,
466 2641 489 2662 2.
503 2653 532 2657 -
544 2641 554 2656 Β
566 2640 627 2663 Disr.
645 2647 714 2670 xxx1,
727 2643 772 2664 art.
788 2643 808 2664 Ξ)4

292 2691 364 2713 Toni.
389 2691 432 2713 vl.

1695 193 1751 220 305

985 262 1071 282 ram:
1089 256 1119 282 et
1139 254 1212 289 hoc,
1230 254 1305 291 quia
1327 253 1472 291 quaedam
1495 254 1644 284 animalia
1659 256 1751 285 bruta

984 308 1077 342 sunt,
1102 305 1171 334 lieet
1187 313 1250 334 non
1271 306 1397 343 omnia,
1414 315 1486 346 quae
1508 308 1752 346 conjunguntur

984 367 1039 396 per
1055 358 1252 388 individuam
1268 359 1410 397 copulam
1425 383 1433 396 ,
1450 362 1485 390 ut
1504 362 1578 390 sunt
1593 363 1749 398 turtures3

984 413 1013 440 et
1027 411 1177 449 quoniam
1191 435 1198 447 ,
1217 411 1298 440 sicut
1317 411 1385 441 vult
1401 411 1624 452 Philosophus,
1642 423 1752 444 omnes

984 463 1128 501 virtutes5
1144 472 1216 502 quae
1231 465 1305 493 sunt
1331 464 1363 493 in
1387 465 1578 496 animalibus
1592 466 1750 506 dispersae,

984 515 1017 545 in
1031 515 1160 545 homine
1175 516 1391 554 colliguntur,
1410 517 1489 547 sicut
1504 527 1593 548 arma
1607 519 1751 550 omnium

984 569 1171 599 animalium
1188 569 1219 598 in
1236 578 1334 598 mann
1354 569 1491 599 bominis
1504 581 1510 600 :
1525 572 1673 610 quamvis
1688 582 1752 603 non

984 622 1088 651 omnia
1118 622 1179 651 alia
1204 621 1354 651 animalia
1382 621 1518 652 habeant
1547 624 1730 655 instinctum
1744 649 1750 661 ‚

985 676 1090 704 tamen
1106 676 1220 704 natura
1236 674 1377 704 hominis
1394 674 1523 705 habeat:
1541 677 1625 706 unde
1640 678 1679 707 ad
1694 678 1753 708 hoe

986 727 1153 757 inclinatur
1168 729 1252 757 recta
1268 729 1382 757 natura
1396 728 1546 766 hominis,
1563 731 1598 758 ut
1611 730 1635 758 si
1651 731 1754 761 adhae-

985 783 1032 810 ret
1051 780 1190 816 mulieri,
1215 780 1258 810 sic
1277 780 1456 818 adbaereat,
1474 783 1508 811 ut
1528 791 1585 820 pro
1607 782 1673 821 ipsa
1696 793 1752 822 pa-

985 835 1065 863 trem
1086 836 1116 863 et
1139 836 1271 863 matrem
1289 833 1428 871 deserat,
1449 836 1480 864 et
1503 835 1546 864 sic
1570 835 1701 874 accipiat
1721 836 1754 866 in

985 886 1130 925 copulam
1147 886 1355 916 individuam.
1373 886 1554 918 Secundum
1571 888 1639 918 haec
1656 888 1756 928 igitur

986 942 1084 977 patet⁷
1107 939 1191 977 quod
1212 939 1381 976 fornicari,
1399 949 1454 969 seu
1479 940 1595 971 habere
1620 942 1752 972 fornica-

986 992 1076 1028 riam,
1092 992 1141 1021 vel
1153 992 1372 1029 concubinam,
1387 1002 1449 1023 non
1461 994 1561 1024 solum
1573 997 1619 1025 est
1635 995 1754 1026 malum

986 1045 1060 1084 quia
1080 1045 1292 1084 prohibitum,
1310 1046 1363 1075 sed
1383 1046 1577 1085 prohibitum
1593 1049 1668 1087 quia
1687 1058 1754 1079 ma-

985 1097 1064 1127 lum.
1097 1097 1184 1128 Unde
1218 1098 1423 1129 concedendae
1451 1103 1525 1130 sunt
1551 1101 1689 1132 rationes
1717 1103 1755 1133 ad

986 1150 1056 1180 hoc.

1029 1207 1055 1233 fl.
1081 1203 1127 1233 Ad
1144 1203 1222 1234 illud
1238 1213 1315 1241 ergo
1331 1205 1415 1243 quod
1430 1205 1589 1245 objicitur,
1605 1209 1688 1246 quod
1704 1218 1757 1248 po-

987 1258 1047 1285 test
1062 1256 1106 1285 uti
1124 1266 1157 1285 rc
1174 1265 1242 1292 sua,
1259 1258 1332 1292 etc.⁷
1349 1257 1517 1288 dicendum
1534 1260 1618 1299 quod
1631 1270 1702 1300 quae
1718 1262 1757 1292 ad

987 1308 1082 1338 talem
1099 1318 1192 1338 usum
1210 1309 1373 1348 accipitur,
1390 1311 1427 1340 ad
1444 1312 1656 1350 aequalitatem
1672 1315 1755 1345 acci-

988 1362 1093 1400 pitur:
1110 1364 1140 1391 et
1156 1362 1181 1391 si
1196 1362 1337 1392 ordinate
1354 1364 1518 1403 accipitur7
1536 1368 1658 1405 oportet
1673 1368 1758 1407 quod

989 1414 1121 1453 aequalis
1145 1415 1199 1445 fiat
1216 1424 1223 1444 :
1241 1418 1271 1445 et
1286 1415 1355 1445 ideo
1370 1425 1535 1456 nunquam
1557 1422 1639 1450 recte
1656 1421 1759 1451 utitur

989 1477 1047 1498 nec
1062 1469 1184 1506 ancilla,
1203 1478 1259 1499 nec
1272 1469 1382 1507 libera,
1395 1471 1455 1501 nisi
1471 1481 1544 1502 cum
1557 1482 1593 1503 ea
1608 1476 1759 1514 tanquam

989 1530 1061 1551 cum
1077 1530 1176 1551 uxore
1192 1523 1366 1552 contrahat.

1032 1576 1060 1603 2.
1078 1574 1123 1604 Ad
1140 1574 1217 1604 illud
1230 1575 1312 1614 qaod
1328 1576 1487 1615 objicitur,
1501 1579 1583 1617 quod
1600 1580 1679 1610 nulli
1692 1581 1763 1612 facit

991 1627 1140 1665 injuriam
1156 1651 1163 1664 ,
1185 1628 1260 1667 quia
1283 1628 1335 1658 illa
1359 1629 1477 1667 voluit⁷
1495 1630 1663 1663 dicendum
1679 1635 1761 1673 quod

992 1679 1063 1709 facit
1078 1679 1120 1719 inj
1128 1680 1229 1710 uriam
1246 1681 1318 1718 Deo,
1334 1682 1409 1721 quia
1420 1687 1528 1714 contra
1539 1685 1593 1723 jus
1609 1688 1760 1717 statutum

993 1733 1082 1763 facit:
1101 1734 1171 1763 facit
1187 1735 1281 1764 etiam
1299 1735 1449 1773 injuriam
1464 1737 1538 1775 sibi,
1555 1748 1611 1777 pro
1626 1749 1663 1770 eo
1677 1741 1762 1779 quod

993 1795 1023 1816 se
1055 1786 1269 1817 deordinando
1296 1788 1328 1818 in
1356 1798 1472 1828 corpus
1499 1800 1595 1821 suum
1624 1797 1729 1831 peccat
1755 1805 1760 1824 :

995 1892 1078 1927 velit,
1103 1893 1177 1931 quia
1193 1896 1227 1922 ut
1245 1895 1394 1924 frenetica
1418 1895 1486 1925 vult
1509 1897 1629 1927 malum
1645 1908 1739 1929 suum
1754 1911 1760 1929 z

994 1947 1029 1974 ut.
1052 1945 1075 1974 si
1101 1946 1205 1985 aliqua
1229 1947 1322 1977 vellet
1350 1950 1383 1977 ut
1405 1958 1438 1978 se
1461 1949 1629 1988 occideret,
1654 1953 1704 1982 vel
1728 1963 1765 1983 ea

994 1998 1178 2028 abuteretur
1202 2002 1311 2029 contra
1341 2003 1487 2032 naturam
1501 2027 1507 2039 ‚
1537 2004 1608 2042 quis
1634 2006 1764 2036 auderet

994 2051 1095 2081 dicere
1112 2051 1170 2081 hoc
1185 2061 1248 2082 non
1263 2062 1330 2083 esse
1346 2054 1465 2084 malum
1476 2056 1490 2084 ?

1035 2106 1062 2134 3.
1088 2104 1134 2133 Ad
1150 2104 1225 2134 illud
1240 2106 1323 2144 quod
1340 2107 1496 2146 objicitur,
1514 2110 1597 2148 quod
1608 2111 1663 2149 jus
1676 2115 1765 2142 natu-

996 2157 1059 2186 rale
1075 2159 1121 2186 est
1131 2166 1311 2196 commune,
1328 2159 1494 2190 dicendum
1509 2162 1593 2201 quod
1606 2164 1764 2202 quoddam

996 2209 1101 2247 magis
1119 2212 1165 2238 est
1184 2213 1329 2249 apertum
1342 2235 1350 2249 ,
1368 2213 1525 2251 quoddam
1541 2216 1645 2254 magis
1660 2218 1763 2247 occul-

996 2265 1065 2292 tum
1083 2272 1089 2292 :
1108 2265 1138 2292 et
1152 2264 1327 2294 seeundum
1349 2266 1430 2304 quod
1453 2267 1524 2305 plus
1544 2271 1704 2308 apertum,
1721 2274 1765 2300 est

996 2316 1198 2345 communius
1213 2327 1219 2353 ;
1252 2318 1426 2348 secundum
1455 2320 1540 2358 quod
1566 2322 1671 2352 minus
1684 2347 1691 2360 ,
1721 2329 1766 2354 est

997 2368 1104 2397 minus
1124 2378 1295 2400 commune
1312 2379 1319 2400 τ
1343 2372 1373 2400 et
1395 2372 1545 2410 quoniam
1562 2374 1646 2405 istud
1663 2377 1766 2415 magis

997 2422 1043 2449 est
1058 2420 1229 2459 occultum,
1250 2422 1318 2452 ideo
1336 2423 1441 2454 minus
1455 2434 1643 2464 commune;
1661 2431 1765 2459 tamen

998 2474 1047 2503 lex
1061 2474 1254 2505 matrimonii
1269 2476 1353 2515 apud
1368 2486 1478 2508 omnes
1492 2480 1656 2518 reperitur.

1038 2529 1066 2556 4.
1091 2527 1136 2556 Ad
1159 2527 1237 2558 illud
1259 2529 1342 2568 quod
1362 2529 1529 2569 objicitur,
1551 2534 1634 2571 quod
1653 2534 1768 2565 mulier

999 2580 1094 2610 habet
1107 2582 1290 2619 potestatem
1305 2582 1444 2621 corporis
1456 2583 1528 2621 viri,
1543 2584 1710 2616 dicendum
1722 2590 1767 2617 est

999 2632 1082 2672 quod
1099 2633 1155 2662 etsi
1179 2636 1293 2664 caetera
1316 2635 1398 2665 bona
1415 2635 1477 2665 sint
1496 2639 1691 2677 communia,
1708 2640 1768 2670 hoc

1611 2693 1649 2722 20
