1991 3006
604 267 701 297 DIST.
725 267 855 298 XXXVI.
880 267 970 297 ART.
998 267 1033 297 ll.
1059 266 1207 303 QUAEST.
1233 267 1270 297 Il.

143 332 210 368 nio,
227 341 324 372 quam
347 332 400 362 alii
415 333 448 363 in
466 333 623 372 vigesimo
642 343 743 371 anno,
762 334 817 373 qui
838 343 909 373 pos-

142 388 216 415 sunt
229 385 432 416 contrahere:
449 394 537 424 ergo,
556 388 614 416 etc.

183 440 211 468 3.
225 437 301 468 Item
316 438 472 477 quaeritur
486 447 584 478 quare
598 441 724 478 tempus
736 439 910 478 pubertatis

142 490 233 519 citius
248 490 420 529 completur
436 491 468 520 in
487 491 637 528 muliere,
661 500 758 530 quam
776 491 809 521 in
824 491 909 527 viro;

141 545 172 572 et
185 543 310 573 videtur
325 543 409 582 quod
428 552 491 573 non
507 543 648 581 deberet,
666 544 741 582 quia
756 546 910 583 quantum

141 595 180 625 ad
196 596 352 634 sponsalia
374 596 587 627 contrahenda
601 597 639 627 ad
660 606 717 636 par
739 599 864 636 tempus
883 599 913 627 et

141 648 263 687 aequale
286 649 445 679 masculus
463 651 493 679 et
514 649 630 679 femina
643 649 837 688 judicantur,
859 652 912 679 ut-

141 703 216 739 puta
238 701 277 731 ad
300 701 521 740 septennium:
546 710 623 740 ergo
644 702 711 740 pari
734 702 854 732 ratione
874 702 911 731 ad

140 753 381 784 matrimonium
397 754 660 784 contrahendum.

415 871 639 903 CONCLUSIO.

140 957 262 989 Defectus
275 956 312 991 (a)
328 957 417 983 oetatis
427 956 539 991 impedit
554 958 770 990 matrimonium,
787 958 912 991 quoniam

177 1001 321 1034 impuberes
332 1000 368 1034 (b)
382 1001 486 1035 quinon
494 1003 556 1027 sunt
567 1002 626 1034 apti
633 1000 668 1026 ad
677 1001 777 1034 prolem
787 1008 914 1034 generan-

178 1044 250 1074 dam,
267 1052 317 1070 non
335 1044 506 1070 contrahunt.

182 1128 273 1167 Resp.
291 1128 329 1158 ad
344 1137 414 1166 arg.
431 1127 478 1158 Ad
494 1128 716 1167 praedictorum
731 1128 911 1167 intelligen-

141 1181 217 1211 tiam
237 1183 283 1211 est
298 1180 489 1218 notandum,
513 1181 595 1220 quod
613 1181 853 1211 matrimonium
868 1183 914 1211 est

142 1234 173 1263 in
189 1234 339 1270 officium,
352 1236 380 1264 et
396 1234 429 1263 in
441 1233 628 1269 remedium,
642 1236 671 1264 et
687 1234 720 1263 in
735 1243 911 1264 sacramen-

141 1288 222 1324 tum,
238 1287 289 1317 vel
303 1287 448 1326 signum:
467 1287 501 1316 in
516 1287 669 1324 officium,
685 1287 830 1326 inquam,
846 1296 914 1326 pro-

141 1340 266 1370 creandi
283 1340 419 1379 prolem'·‚
439 1340 470 1369 in
487 1340 664 1370 remedium
678 1342 786 1370 contra
797 1340 914 1379 impul-

142 1402 213 1424 sum
228 1393 381 1431 libidinis;
400 1396 430 1423 ct
446 1394 478 1423 in
491 1396 725 1423 sacramentum
738 1393 915 1423 insolubilis

143 1446 376 1485 conjunctionis
396 1448 584 1476 naturarum
606 1446 732 1476 Christi.
758 1445 913 1482 Quoniam

142 1499 241 1537 igitur
261 1502 332 1529 ante
357 1502 481 1538 tempus
505 1500 679 1539 pubertatis
699 1509 762 1529 non
783 1503 914 1539 possunt

141 1551 299 1582 masculus
320 1554 351 1582 et
374 1552 493 1582 femina
514 1561 687 1591 generare,
711 1561 768 1583 nec
790 1553 913 1583 fervore

140 1604 278 1635 libidinis
294 1605 483 1643 excitantur,
500 1608 651 1645 tanquam
669 1606 856 1645 impotentes
875 1605 912 1635 ad

140 1657 225 1688 hunc
246 1661 368 1692 actum,
391 1658 465 1697 quia
485 1659 579 1688 etiam
602 1661 673 1688 ante
692 1661 817 1697 tempus
833 1658 911 1688 illud

141 1714 214 1741 sunt
229 1711 407 1748 variabiles,
425 1714 455 1741 et
471 1712 714 1742 matrimonium
732 1715 778 1741 est
796 1712 914 1741 immu-

141 1764 234 1793 tabile
250 1773 257 1793 :
280 1764 488 1794 decreverunt
504 1766 579 1803 Jura
594 1764 671 1794 tales
685 1773 835 1803 personas
850 1773 913 1794 non

141 1826 209 1847 esse
223 1816 381 1856 legitimas
390 1841 397 1855 ,
409 1820 579 1857 antequam
594 1817 633 1847 ad
645 1819 770 1856 tempus
786 1818 914 1847 veniant

143 1870 328 1909 pubertatis.

185 1925 212 1952 1.
229 1922 276 1952 Ad
296 1922 373 1952 illud
392 1931 469 1961 ergo
490 1922 573 1961 quod
596 1922 743 1961 objicitur
759 1922 796 1952 de
811 1931 914 1952 sacra-

145 1975 258 2005 mentis
273 1975 356 2011 atiis,
372 1975 538 2005 dicendum
557 1975 642 2014 quod
656 1983 720 2004 non
736 1977 781 2004 est
796 1974 912 2012 simile,

146 2028 219 2067 quia
242 2028 331 2058 utilia
352 2030 381 2058 et
406 2027 582 2058 necessaria
601 2030 674 2058 sunt
695 2030 766 2057 ante
789 2029 915 2066 tempus

145 2081 330 2120 pubertatis.

185 2136 213 2164 2.
236 2133 283 2164 Ad
306 2133 384 2163 illud
408 2135 514 2163 autem
540 2133 623 2172 quod
647 2133 814 2173 quaeritur,
841 2133 915 2172 quid

144 2186 308 2226 impediat,
337 2186 504 2216 dicendum
531 2187 612 2226 quod
638 2186 776 2216 desectus
799 2186 914 2223 aetatis,

146 2240 266 2269 ratione
288 2239 499 2269 instabilitatis
521 2239 667 2278 puerilis,
698 2241 728 2269 et
758 2240 914 2278 impoten-

146 2293 198 2323 tiae
224 2292 257 2330 (c)
285 2292 415 2322 coeundi
440 2292 603 2322 naturalis.
635 2292 725 2328 Quod
751 2293 857 2331 objicit
880 2292 917 2322 de

145 2354 219 2376 sene
234 2347 263 2375 et
279 2345 416 2382 infirmo,
434 2354 498 2375 non
512 2347 558 2375 est
572 2345 686 2383 simite,
701 2346 776 2385 qnia
791 2345 918 2375 stabiles

147 2400 220 2428 sunt
239 2398 271 2427 in
292 2408 385 2428 sensu
400 2400 430 2428 et
450 2398 482 2428 in
497 2398 622 2428 affectu.
647 2398 707 2429 Sed
728 2399 811 2438 quod
827 2399 915 2435 (licit,

147 2450 232 2489 quod
251 2459 316 2481 non
330 2453 477 2490 possunt,
492 2451 659 2481 (licendum
675 2452 758 2490 quod
778 2453 851 2491 J'ura
862 2452 916 2490 ju-

148 2502 252 2533 dicant
273 2505 302 2533 et
322 2503 492 2534 instituunt
512 2513 575 2534 non
595 2505 769 2534 secundnm
789 2513 826 2534 ea
847 2513 918 2543 quae

149 2565 284 2595 semper,
308 2556 362 2587 sed
385 2557 559 2587 secundum
587 2566 623 2587 ea
650 2566 722 2596 quae
749 2558 832 2587 fiunt
856 2557 916 2587 fre-

184 2625 185 2629 *
200 2618 284 2645 Arist„
300 2617 373 2648 Phys.
386 2618 428 2641 lili.
445 2619 462 2647 l,
478 2621 544 2642 cont.
559 2620 636 2641 Sl.-
647 2620 654 2632 ²
669 2620 710 2648 ΓΙ.
726 2619 749 2642 S.
764 2619 882 2649 Thomas,
894 2619 918 2641 in

149 2654 235 2684 suppl.
252 2661 276 2683 p.
292 2654 333 2682 ΙΙΙ,
349 2661 373 2683 q.
390 2659 464 2683 Lvnr,
479 2656 524 2677 art.
543 2656 569 2683 53
587 2656 608 2677 et
626 2655 655 2677 tv
668 2654 746 2683 Sunt„
758 2655 814 2677 dist.
830 2660 918 2683 xxxvi,

150 2695 176 2719 q.
188 2695 205 2718 i,
216 2691 262 2712 nrt.
275 2690 297 2718 ἴς
310 2690 389 2718 scot„
405 2689 433 2711 tv
451 2690 529 2718 Seni„
540 2689 597 2712 (list.
611 2695 698 2719 xxxvi,
712 2696 736 2719 q,
752 2695 779 2720 113
792 2690 917 2719 {ticli-ard„

152 2725 181 2750 tv
201 2727 278 2754 sent„
296 2726 352 2747 dist.
375 2730 466 2752 xxxxi,
487 2728 533 2747 nrt.
553 2728 579 2755 ti,
603 2732 626 2754 q.
649 2729 672 2750 t:
695 2725 785 2749 Thoni.
804 2727 918 2755 argent„

1677 268 1735 297 355

966 336 1099 373 quenter
1113 344 1119 363 z
1135 335 1164 363 et
1179 333 1265 372 quia,
1279 332 1351 363 licet
1365 335 1436 364 ante
1446 336 1571 373 tempus
1581 333 1735 364 indictum

966 386 1063 426 aliqui
1088 386 1208 425 possint
1228 386 1310 416 coire
1331 389 1457 426 propter
1478 387 1735 418 accelerationem

966 442 1100 475 naturae,
1118 442 1225 470 tamen
1237 441 1271 469 ut
1283 439 1463 478 frequenter
1477 443 1549 471 ante
1564 441 1641 471 illud
1657 443 1736 471 tem-

966 502 1026 532 pus
1045 502 1107 522 non
1123 495 1273 532 possunt,
1292 493 1367 532 quia
1382 495 1486 523 tamen
1499 495 1574 532 jura
1588 494 1736 525 viderunt

967 546 1050 585 quod
1066 546 1163 585 aliqui
1180 548 1314 585 possent,
1332 546 1400 576 ideo
1415 556 1478 576 non
1495 549 1618 577 tantum
1634 549 1734 577 arcta-

967 601 1099 635 verunt,
1115 599 1193 638 quin
1213 599 1307 628 etiam
1327 599 1464 638 proximi
1482 599 1638 638 pubertati
1654 600 1736 630 circa

968 651 1107 681 mettium
1123 660 1244 681 annum
1260 651 1379 691 possint
1397 652 1594 682 contrahere.

1009 707 1037 734 3.
1060 705 1107 735 Ad
1131 704 1207 734 illud
1229 704 1312 743 quoti
1337 705 1505 743 quaeritur,
1528 714 1625 744 quare
1643 705 1736 736 citius

968 757 1142 796 completur
1158 759 1284 797 tempus
1297 757 1471 796 pubertatis
1487 758 1517 787 in
1534 757 1676 795 muliere,
1695 758 1737 789 di-

968 810 1102 840 cendum
1119 811 1203 850 quod
1223 813 1350 850 tempus
1371 810 1564 850 sponsalium
1586 810 1737 841 determi-

968 866 1062 893 natur
1075 865 1231 903 quantun]
1249 864 1287 894 ad
1301 864 1531 901 discretionem,
1545 863 1598 893 sed
1612 865 1738 902 tempus

968 917 1142 955 pubertatis
1159 919 1315 956 quantum
1333 917 1371 947 ad
1392 916 1564 956 potentiam
1582 916 1735 947 coeundi:

968 972 998 999 et
1009 971 1082 1009 quia
1095 971 1185 1000 citius
1196 973 1297 1010 potest
1310 971 1393 1001 coire
1408 971 1535 1005 femina,
1547 980 1645 1010 quam
1656 979 1738 1000 mas-

969 1023 1069 1059 culus,
1087 1024 1167 1061 ideo,
1184 1030 1242 1054 etc.
1260 1024 1339 1054 Situ
1357 1033 1493 1063 quaeras,
1511 1033 1609 1063 quare
1625 1023 1738 1054 mulier

968 1075 1060 1105 citius
1086 1079 1200 1115 potest,
1229 1086 1324 1116 quain
1352 1077 1525 1114 masculus,
1554 1076 1738 1115 responderi

969 1131 1070 1167 potest
1085 1129 1169 1168 quod
1182 1129 1240 1160 hoc
1250 1130 1285 1160 fit
1296 1129 1404 1160 multis
1415 1130 1605 1160 rationibus:
1621 1130 1737 1168 primo,

968 1182 1043 1221 quia
1071 1182 1158 1222 prius
1182 1183 1217 1213 fit
1242 1183 1355 1213 solutio
1384 1183 1590 1213 virtuositatis
1611 1186 1739 1222 propter

969 1238 1090 1265 meatus
1114 1235 1284 1274 largiores,
1309 1236 1457 1273 secundo,
1481 1236 1558 1275 quia
1581 1235 1739 1266 difficilius

968 1291 1013 1319 est
1033 1298 1141 1327 agere,
1161 1298 1258 1328 quam
1283 1290 1361 1328 pati3
1385 1290 1491 1326 tertio,
1510 1289 1606 1328 quia¹
1626 1292 1739 1319 natura

969 1342 1149 1381 imperfecta
1171 1343 1202 1372 in
1226 1342 1358 1372 muliere
1377 1343 1494 1382 appetit
1517 1343 1637 1379 virum,
1659 1342 1740 1372 sicut

971 1395 1101 1426 materia
1124 1396 1259 1426 formam
1281 1406 1287 1425 :
1314 1395 1398 1426 unde
1428 1398 1555 1434 propter
1583 1397 1737 1433 majorem

969 1448 1143 1487 appetitum
1159 1451 1281 1479 naturae
1296 1450 1398 1488 major
1414 1450 1448 1478 fit
1464 1448 1657 1479 acceleratio.

1217 1581 1418 1618 QUAESTto
1449 1581 1489 1612 11.

1031 1681 1075 1706 An
1089 1680 1204 1712 defectus
1219 1681 1307 1706 oetatz's
1323 1680 1453 1714 impediat
1468 1681 1676 1706 contractionem

1257 1726 1421 1758 sponsalium
1436 1724 1454 1750 ².

1010 1821 1121 1851 Utrum
1143 1821 1280 1851 defectus
1303 1822 1403 1851 aetatis
1426 1821 1577 1861 impediat
1598 1823 1739 1851 contrac-

970 1874 1087 1903 tionem
1111 1874 1325 1913 sponsalium;
1351 1877 1381 1904 et
1405 1874 1486 1913 quod
1513 1874 1572 1911 sic,
1594 1874 1738 1904 videtur:

970 1927 1046 1965 quia
1071 1927 1227 1966 sponsalia
1257 1927 1294 1957 sle
1321 1927 1503 1957 necessitate
1531 1927 1675 1965 obligant
1702 1927 1740 1957 ad

972 1979 1211 2009 matrimonium
1225 1989 1232 2009 z
1249 1980 1300 2010 sed
1324 1980 1564 2010 matrimonium
1582 1989 1645 2010 non
1662 1989 1739 2010 con-

970 2032 1108 2062 trahitur
1124 2032 1185 2062 nisi
1201 2032 1327 2072 propria
1342 2033 1505 2063 voluntate
1519 2042 1526 2062 z
1551 2041 1630 2071 ergo
1646 2042 1739 2072 spon-

971 2085 1047 2115 salia
1062 2094 1124 2115 non
1141 2086 1384 2122 contrahuntur,
1397 2085 1457 2115 nisi
1472 2085 1614 2125 placeant
1627 2095 1742 2125 sponso

971 2141 1001 2168 et
1016 2147 1137 2177 sponsae
1151 2149 1157 2168 z
1174 2138 1227 2168 sed
1240 2147 1303 2169 non
1319 2138 1414 2168 habet
1426 2148 1522 2168 usum
1535 2139 1665 2169 rationis
1680 2139 1742 2168 nisi

972 2191 1003 2220 in
1019 2191 1229 2221 determinata
1244 2193 1350 2228 aetate3
1367 2200 1456 2229 ergo,
1476 2193 1534 2221 etc.

1014 2243 1089 2273 Item
1116 2245 1190 2281 jura
1219 2243 1370 2274 canonica
1399 2244 1521 2279 dicunt,
1552 2244 1633 2274 sicut
1660 2246 1745 2283 patet

974 2296 1102 2326 Extrav.
1126 2295 1163 2326 de
1189 2296 1434 2334 Desponsatz'one
1462 2296 1667 2335 impuberum,
1688 2307 1744 2337 per

974 2351 1091 2385 totum,
1113 2349 1196 2387 quod
1216 2349 1269 2387 qui
1292 2348 1484 2379 contrahunt
1499 2349 1657 2389 sponsalia
1671 2352 1743 2380 ante

974 2401 1185 2440 septennium,
1202 2400 1280 2430 nihil
1296 2400 1434 2430 faciunt:
1453 2411 1543 2440 ergo,
1557 2404 1614 2432 etc.

1014 2454 1144 2483 Contra:
1166 2456 1194 2483 1.
1219 2453 1254 2483 ln
1276 2457 1472 2484 sacramento
1492 2454 1641 2494 baptismi
1662 2455 1742 2486 obli-

975 2509 1071 2545 gatur
1087 2506 1237 2545 parvulus
1253 2516 1307 2545 per
1326 2506 1424 2536 alium
1442 2508 1480 2537 ad
1496 2508 1744 2538 renuntiandum

975 2560 1102 2596 srccnlo,
1127 2561 1155 2588 et
1178 2559 1213 2588 ad
1236 2559 1488 2590 contrahendum
1505 2560 1745 2590 matrimonium

976 2618 1004 2639 tv
1032 2619 1112 2645 sunu,
1132 2617 1188 2640 «list.
1213 2623 1305 2646 xxxvi,
1327 2624 1349 2647 q.
1375 2624 1394 2647 i,
1416 2620 1462 2640 art.
1484 2619 1512 2646 4;
1534 2617 1619 2646 steph.
1647 2617 1747 2646 nrules„

976 2653 1006 2675 tv
1024 2654 1104 2681 sunl„
1116 2652 1173 2675 «list⁴
1188 2658 1276 2681 xxxxi,
1289 2660 1314 2682 *l-
1328 2658 1358 2680 v;
1376 2653 1438 2676 Pctr.
1453 2653 1483 2675 <lc
1499 2653 1611 2679 raram„
1625 2653 1655 2675 tv
1669 2654 1748 2681 Sem„

979 2688 1034 2711 dist.
1056 2693 1143 2712 ¹xxxvi,
1158 2694 1182 2717 q.
1201 2693 1224 2710 v.

1007 2725 1037 2752 (a)
1050 2724 1108 2746 Cret,
1121 2722 1180 2745 edit.
1194 2723 1319 2745 Slatus.—
1336 2722 1368 2752 (b)
1385 2723 1533 2753 puberes.—
1545 2724 1576 2753 (c)
1593 2723 1750 2753 impotentia.

1756 1835 1859 1855 Fundam.

1764 2464 1796 2484 Ad
1806 2469 1858 2489 opp.
