1991 3006
154 224 577 237 mwwkunmnumwwwmmvvwss
583 223 629 234 nun
634 221 855 234 wkuwwvwwvvu
861 220 942 230 mmm·
950 219 1019 230 „unu
1025 218 1095 228 umu-
1101 218 1107 227 ι
1115 221 1120 227 =
1126 219 1132 227 ι
1140 218 1172 227 w.
1179 217 1270 228 -ιιιιινιι-
1276 213 1720 228 vwwwnmmmwwwwwwwmmuw

553 383 974 430 COMPENDIOSUM
1010 380 1325 425 PRINCIPIUM

277 520 369 582 IN
429 518 759 581 LIBROS
820 512 1585 579 ὃΕΝἹἘΝΤΙΑΙίΙΠΙΙ1

748 805 1137 850 ARGUMENTUM

818 905 870 939 (Em
885 905 947 931 edit.
970 903 1070 938 Vatic.)

193 995 279 1034 Quid
296 995 329 1027 in
344 995 484 1038 singulis
500 994 744 1027 Sententiarum
766 993 856 1026 libris
872 993 1099 1033 continentur,
1118 991 1308 1024 summatim
1326 1017 1333 1032 ,
1351 990 1494 1023 breviter
1514 993 1546 1022 et
1566 988 1740 1022 artificiose

151 1052 210 1085 hoc
229 1053 385 1097 opusculo
400 1056 530 1084 sanctus
554 1052 786 1083 Bonaventura
809 1051 1056 1095 complectitur,
1083 1049 1312 1082 Ecclesiastici
1337 1048 1444 1081 verbis
1474 1060 1552 1080 usus
1577 1060 1583 1080 :
1613 1048 1739 1091 Gyrzcm

151 1110 225 1142 eceli
249 1109 384 1142 circuivi
397 1110 464 1142 sola
479 1136 485 1147 ,
503 1113 561 1141 etc.
581 1109 743 1148 Quoniam
763 1113 872 1141 autem
895 1108 930 1140 in
946 1108 1054 1152 primo
1069 1107 1154 1140 libro
1170 1106 1417 1139 Sententiarum
1439 1105 1618 1138 secundum
1636 1104 1741 1148 tripli-

150 1179 219 1200 cem
235 1179 354 1212 gyrum
374 1168 412 1200 de
428 1168 494 1199 Deo
510 1167 630 1210 agitur,
644 1171 679 1199 ut
694 1167 761 1211 ipse
776 1166 832 1207 ait,
849 1177 990 1210 quorum
1006 1177 1111 1198 unum
1125 1165 1163 1197 de
1181 1165 1245 1197 Deo
1264 1164 1444 1197 secundum
1460 1162 1741 1195 circumincessio-

152 1236 227 1257 nem
244 1236 455 1269 personarum
481 1236 547 1257 esse
572 1224 733 1265 affirmat,
751 1223 1066 1256 circumincessionis
1082 1223 1224 1255 nominis
1247 1223 1413 1255 notionem
1431 1222 1472 1265 (a)
1489 1248 1495 1262 ,
1512 1221 1649 1265 ejusque
1675 1220 1742 1252 vim

154 1287 218 1315 tam
236 1283 323 1327 apud
339 1283 458 1315 latinos
472 1283 617 1315 doctores
631 1282 858 1323 scholasticos,
876 1293 975 1325 quam
998 1281 1084 1325 apud
1108 1292 1227 1323 graecos
1248 1280 1417 1323 theologos
1437 1280 1608 1311 observare
1632 1278 1740 1310 libuit.

154 1340 422 1373 Circumineessio
438 1340 540 1382 igitur
556 1340 640 1372 idem
656 1343 721 1379 est,
739 1339 826 1384 quod
842 1350 945 1381 graece
965 1344 1165 1382 τεριχώρησις,
1183 1349 1256 1382 qnae
1274 1349 1348 1378 vox,
1367 1341 1403 1369 ut
1419 1340 1504 1380 patet
1520 1347 1559 1367 cx
1575 1335 1742 1379 Dionysio,

155 1398 194 1430 (le
208 1398 337 1430 Divinis
361 1398 558 1431 Nominibus
570 1425 578 1437 ,
597 1410 624 1430 c.
643 1409 697 1439 ix,
715 1401 745 1430 et
767 1409 803 1429 ex
825 1397 1040 1437 Damascene,
1058 1396 1141 1428 libro
1165 1396 1260 1428 tertio
1284 1394 1377 1427 Fidei
1400 1393 1609 1433 Ortltotloaeae,
1635 1405 1662 1426 c.
1679 1404 1700 1425 v
1715 1396 1745 1425 et

155 1467 220 1496 vn,
239 1460 387 1488 mutuam
406 1455 594 1499 aliquorum
612 1455 901 1496 commeationem,
918 1456 986 1487 sive
1012 1455 1095 1486 inter
1119 1466 1151 1486 se
1176 1454 1337 1485 incessum
1363 1452 1535 1495 significat.
1559 1452 1665 1491 Quam
1690 1461 1746 1483 vo-

154 1524 222 1545 cem
240 1525 278 1545 ex
294 1525 331 1546 eo
349 1513 482 1545 fortasse
503 1513 684 1545 scholastici
701 1512 795 1546 latini
816 1512 1010 1556 prisnfessores
1026 1511 1180 1544 nonnulli
1199 1515 1425 1555 usurparunt,
1443 1510 1532 1554 qnod
1550 1510 1584 1542 in
1599 1509 1745 1553 aliquam

154 1570 345 1603 Damasceni
358 1571 541 1603 versionem
565 1571 734 1614 antiquam
757 1570 947 1602 incidissent
962 1581 1102 1612 graecnm
1120 1569 1315 1601 vocabulum
1333 1580 1389 1612 per
1405 1567 1746 1600 circumincessionem

156 1629 404 1672 exprimentem.
422 1629 535 1672 Neque
561 1628 649 1660 enim
669 1628 798 1671 antiqui
813 1639 927 1660 omnes
941 1627 1122 1659 scholastici
1138 1627 1238 1670 hujus
1253 1626 1395 1659 nominis
1413 1626 1648 1667 meminerunt,
1666 1636 1742 1657 nam

157 1690 287 1718 sanctus
301 1685 442 1718 Thomas
458 1697 640 1729 nusquam,
654 1686 742 1729 quod
756 1686 791 1718 in
807 1690 949 1718 mentem
966 1685 1074 1718 veniat
1088 1711 1095 1725 ,
1112 1685 1138 1728 ej
1146 1696 1182 1716 us
1199 1683 1398 1716 mentionem
1414 1683 1491 1715 facit
1506 1709 1513 1724 ,
1533 1694 1607 1715 cum
1624 1687 1745 1723 tamen,

158 1755 189 1787 p.
208 1744 238 1784 I,
258 1755 291 1787 q.
308 1755 390 1784 xm,
408 1746 467 1775 art.
486 1743 522 1784 2,
541 1743 597 1775 etl
612 1743 879 1783 Sententiarum,
898 1743 972 1775 dist.
990 1754 1047 1775 xix
1061 1768 1069 1783 ,
1087 1753 1157 1774 cam
1172 1741 1387 1785 quaestionem
1412 1741 1553 1773 inculcet
1568 1766 1575 1781 ,
1593 1752 1635 1773 an
1653 1741 1749 1772 Pater

157 1801 190 1833 in
207 1801 328 1834 divinis
345 1801 386 1833 sit
402 1801 435 1833 in
452 1801 554 1842 Filio,
571 1804 602 1833 et
617 1812 633 1833 e
648 1812 816 1833 converso.
835 1803 877 1833 At
896 1812 973 1833 vero
993 1800 1080 1844 apud
1096 1803 1244 1832 sanctum
1259 1798 1525 1831 Bonaventuram
1543 1797 1642 1841 hujus
1663 1797 1749 1831 vocis

158 1860 313 1903 frequens
329 1863 375 1891 est
390 1870 487 1899 usus,
505 1863 542 1891 ut
557 1859 668 1891 videre
693 1864 738 1891 est
758 1859 792 1891 in
808 1859 867 1891 hoc
890 1858 1066 1902 opuscuIO,
1094 1861 1124 1890 et
1147 1867 1296 1889 sermono
1319 1867 1389 1898 xm,
1407 1856 1441 1888 in
1457 1857 1701 1895 Heaeaemeron,
1719 1859 1750 1887 et

157 1917 171 1948 I
188 1917 436 1949 Sententiarwn
454 1942 461 1957 ,
479 1916 554 1950 dist.
572 1928 632 1948 xrx
644 1943 652 1958 ,
669 1928 704 1949 ac
725 1917 838 1949 multis
853 1916 925 1948 aliis
939 1915 1028 1948 locis.
1047 1915 1210 1947 Praeterea
1224 1914 1258 1946 in
1281 1913 1514 1946 recentioribus
1529 1913 1726 1946 scholasticis
1739 1939 1746 1953 ‚

159 1974 253 2007 Scoto
269 1974 408 2016 scilicet,
426 1974 596 2016 Gabriele,
613 1974 742 2007 Occhan
754 2000 762 2016 ,
779 1974 935 2007 Durando
957 1978 987 2005 et
1007 1973 1079 2005 aliis
1094 1999 1101 2013 ‚
1119 1984 1182 2005 vox
1198 1971 1459 2004 circzcmz'ncessz'o
1480 1971 1652 2015 reperitur.
1671 1971 1749 2004 Vim

160 2043 235 2064 vero
251 2032 327 2065 huic
343 2032 469 2064 nomini
484 2044 502 2064 a
518 2032 676 2075 theologis
691 2032 802 2075 graecis
823 2031 1015 2064 attributam
1038 2031 1133 2063 aliter
1157 2030 1303 2063 doctores
1318 2029 1421 2061 nostri
1442 2028 1623 2062 scholastici
1647 2028 1747 2061 inter-

158 2094 348 2134 pretantur,
366 2090 476 2122 oculos
499 2090 604 2122 animi
628 2094 852 2123 convertentes
876 2089 916 2122 ad
938 2094 1080 2121 mentem
1106 2088 1251 2129 Hilarii,
1276 2087 1443 2119 Ambrosii
1462 2113 1469 2127 ,
1494 2090 1525 2119 et
1548 2086 1747 2130 Augustini,

158 2159 240 2192 quos
263 2147 416 2190 Magister
441 2148 686 2181 Sententiarum
712 2148 824 2181 cadem
845 2148 971 2180 decima
995 2158 1081 2179 nona
1105 2145 1312 2178 distinctione
1337 2145 1413 2177 libri
1439 2144 1558 2189 primi,
1580 2145 1701 2188 profert
1716 2144 1751 2177 in

159 2205 422 2249 explanationem
444 2206 535 2238 illius
555 2206 617 2238 loci
638 2207 795 2247 Joanm‘s,
813 2218 868 2238 Xiv
886 2218 892 2238 ε
911 2207 982 2249 qu
998 2205 1033 2237 z'n
1054 2206 1155 2237 Patre
1167 2231 1176 2244 ,
1200 2210 1230 2236 et
1245 2205 1341 2237 Pater
1356 2203 1391 2235 in
1407 2214 1459 2236 mc
1473 2209 1520 2235 est
1542 2215 1552 2235 :
1565 2202 1623 2247 qui
1641 2203 1752 2235 Patres

161 2263 223 2295 isto
239 2263 369 2295 Domini
387 2274 534 2295 sermone
549 2263 739 2308 simpliciter
754 2263 932 2306 significari
954 2265 1155 2306 putaverunt
1181 2272 1335 2306 personas
1358 2261 1443 2293 inter
1463 2272 1496 2293 se
1523 2272 1589 2293 esse
1613 2261 1752 2294 consub-

162 2321 339 2353 stantiales.
351 2321 456 2360 Quam
472 2321 513 2353 ob
530 2333 661 2354 causam
677 2322 834 2354 scolastici
849 2321 995 2354 doctores
1009 2320 1094 2353 circu
1101 2319 1351 2352 mincessionem
1366 2330 1385 2351 a
1397 2318 1518 2351 Graecis
1533 2319 1752 2352 introductam

161 2383 328 2411 cernentes
344 2382 476 2423 propter
491 2379 578 2412 hunc
596 2379 733 2412 Joannis
748 2379 855 2412 locum
873 2383 904 2411 et
918 2378 1053 2419 similes,
1070 2380 1293 2422 exposuerunt
1309 2376 1537 2409 habitudinem
1552 2387 1696 2420 personae
1711 2376 1751 2409 ad

163 2447 355 2480 personam,
374 2437 424 2469 vel
439 2448 542 2480 genus
558 2437 775 2470 inexistentiae
788 2464 796 2479 ‚
814 2448 881 2481 quo
894 2437 1007 2481 aliqua
1022 2436 1205 2468 inexistnnt
1221 2446 1278 2478 per
1298 2438 1426 2467 naturae
1449 2433 1730 2478 participationem
1742 2460 1750 2476 ,

163 2494 231 2527 sive
246 2494 523 2527 communionem.
542 2495 634 2528 Unde
649 2495 735 2540 apud
751 2496 836 2540 ipsos
851 2494 1112 2528 circumincessio
1125 2503 1337 2538 personarum
1352 2492 1387 2525 in
1402 2491 1468 2525 Deo
1484 2491 1567 2524 nihil
1582 2491 1674 2525 aliud
1688 2496 1748 2534 est,

194 2593 198 2605 ¹
217 2592 260 2622 Cf.
284 2592 351 2615 Edit.
371 2593 473 2622 Arqent.
492 2594 567 2623 1495,
588 2595 652 2624 part.
668 2595 687 2625 l,
702 2601 759 2625 pag.
782 2596 808 2624 43
825 2594 893 2619 Ecltt.
917 2594 998 2617 Vener.
1028 2595 1094 2624 1611,
1113 2594 1174 2616 tom.
1193 2596 1215 2622 1,
1234 2599 1292 2623 pag.
1311 2593 1336 2620 3;
1359 2591 1418 2614 edit.
1441 2591 1506 2621 Van„
1526 2591 1595 2620 1755,
1618 2592 1680 2614 tom.
1697 2591 1751 2621 vu,

163 2634 221 2658 pag.
235 2628 356 2657 223-226;
372 2627 442 2651 Edit.
463 2628 525 2657 Vnt„
539 2630 600 2652 tom.
616 2629 659 2660 Vl,
673 2637 731 2661 pag.
746 2632 801 2654 215.

197 2670 230 2706 (u)
245 2676 308 2700 caet.
324 2676 386 2701 edit.
402 2678 561 2701 notationem.
