1991 3006
42 1335 73 1355 Ad
95 1342 147 1361 opp.

626 194 723 225 DIST.
744 193 834 224 XXV.
857 192 947 223 ART.
974 192 1012 222 ΙΙ.
1036 189 1213 229 QUAESTto
1237 190 1288 220 ΙΙΙ.

160 263 272 294 debere
295 272 378 301 esse,
400 263 455 302 qui
473 262 609 292 secunda
628 261 779 301 conjugia
797 261 836 290 sit
859 269 926 290 sor-

160 317 247 347 titus.
265 327 278 344 n

202 370 279 399 ltem
294 369 346 399 ille
360 378 424 399 non
439 370 539 408 potest
554 367 744 407 promoveri,
761 367 816 406 qui
833 366 928 396 habet

160 431 309 458 uxorem,
326 423 416 461 cujus
434 429 504 450 caro
521 423 567 451 est
588 420 689 451 divisa
704 431 710 450 :
728 429 807 458 ergo
829 420 927 449 multo

161 476 268 506 minus
281 476 381 514 potest
394 473 445 504 ille
456 497 466 512 ,
484 473 539 513 qui
554 473 664 503 habuit
678 473 783 512 plures
798 481 924 503 uxores.

162 528 268 559 Prima
281 528 366 566 patet
385 535 425 557 ex
439 526 499 557 hoc
518 527 604 566 quod
620 526 693 556 dicit
716 525 925 561 Innocentius,

160 581 230 612 dist.
246 590 349 611 xxxrv
365 584 372 599 ¹
388 591 394 611 z
416 592 430 608 «
445 580 478 610 Si
492 581 562 620 quis
576 580 716 617 viduam,
735 579 804 609 licet
818 579 927 616 laicus,

160 633 286 664 duxerit
300 642 445 670 uxorem,
471 642 527 663 seu
551 634 624 662 ante
644 632 854 671 baptismum,
872 640 927 661 seu

160 688 239 726 post,
255 695 319 716 non
330 686 513 717 admittatur
527 685 565 716 ad
581 685 712 715 clerum.
725 696 738 712 »

200 740 277 770 Item
288 739 430 769 sacerdos
442 763 450 776 ,
462 739 528 769 sive
543 738 707 778 episcopus
719 763 726 775 ,
745 738 828 777 gerit
842 738 926 777 figu-

159 802 229 824 ram
244 793 358 823 Christi
375 803 382 822 :
407 792 460 823 sed
475 792 615 822 Christus
635 800 698 821 non
721 791 779 822 fuit
793 791 925 823 divisus,

160 846 224 876 imo
250 845 358 876 unitus
381 845 501 875 unitate
532 846 656 874 naturae
684 855 690 873 :
719 852 796 882 ergo
826 843 929 874 deficit

161 898 194 928 in
216 898 269 928 tali
294 897 484 937 significatio
505 897 647 927 ordinis:
676 906 753 936 ergo
781 899 812 927 et
839 897 927 935 ordo,

161 951 313 990 quoniam
337 950 524 989 significatio
547 953 592 980 est
622 950 796 979 essentialis
824 960 928 980 sacra-

162 1006 278 1034 mento.

201 1056 277 1087 Item
299 1056 441 1095 bigamia
469 1059 513 1087 est
541 1056 715 1096 proprietas
748 1066 819 1096 quae
846 1066 928 1087 nun-

161 1119 258 1150 quam
279 1110 484 1150 relinquitur;
508 1119 565 1139 nec
585 1112 685 1149 potest
711 1110 776 1145 ille,
804 1110 858 1149 qui
885 1114 929 1140 est

161 1164 323 1202 bigamus,
340 1163 407 1194 fieri
423 1172 488 1194 non
508 1164 655 1202 bigamus
672 1175 678 1194 :
694 1173 772 1203 ergo
788 1164 813 1193 si
830 1164 929 1204 impe-

161 1217 205 1248 dit
229 1220 482 1254 sacramentum,
509 1217 634 1247 videtur
658 1217 741 1256 quod
768 1217 875 1247 reddat
899 1227 931 1247 se

163 1270 390 1310 impossibilem
407 1270 446 1300 ad
460 1270 578 1300 ordinis
593 1270 835 1309 susceptionem.

202 1324 315 1354 Contra
333 1334 339 1354 :
360 1327 387 1354 1.
404 1323 512 1354 Carnis
533 1324 694 1363 corruptio
716 1332 779 1353 non
802 1323 933 1362 impedit.

161 1378 348 1408 sacramenti
372 1378 601 1417 susceptionem
619 1388 626 1407 ι
646 1387 723 1416 ergo
743 1387 799 1408 nec
819 1377 932 1408 divisio

161 1431 317 1462 consimili
333 1431 463 1461 ratione.

201 1487 229 1515 Ξ.
260 1484 355 1521 Item,
378 1484 402 1513 si
423 1484 525 1514 carnis
552 1484 666 1514 divisio
690 1485 838 1524 impedit,
860 1494 932 1524 quae

161 1540 207 1568 est
223 1547 296 1568 cum
321 1546 435 1575 uxore3
458 1546 531 1568 cum
553 1537 791 1577 vituperabilior
817 1539 856 1568 sit
880 1538 933 1569 illa

162 1600 234 1630 quae
249 1592 295 1621 est
311 1600 383 1621 cum
401 1590 582 1628 meretrice,
599 1591 700 1621 multo
720 1591 831 1621 fortius
847 1591 933 1622 illam

162 1643 326 1683 impediret
344 1654 350 1674 ι
370 1643 423 1674 sed
439 1643 492 1673 illa
513 1653 576 1674 non
596 1644 727 1683 impedit
744 1655 750 1674 :
776 1654 856 1684 ergo
877 1654 933 1675 nec

162 1698 232 1728 ista.

203 1753 232 1781 3.
251 1750 337 1788 Item,
356 1751 381 1780 si
395 1750 500 1781 earnis
519 1750 632 1781 divisio
645 1750 792 1790 impedit,
809 1754 864 1782 aut
882 1761 934 1782 ra-

163 1804 247 1834 tione
260 1804 394 1843 alicujus
412 1804 497 1843 quod
519 1804 553 1834 fit
568 1803 601 1833 in
616 1813 726 1841 carne,
743 1807 797 1834 aut
812 1805 933 1834 ratione

162 1858 231 1897 ejus
254 1857 338 1896 quod
367 1858 401 1887 fit
427 1858 457 1886 in
487 1857 593 1886 anima
612 1865 619 1885 ε
649 1857 769 1887 ratione
798 1857 934 1897 alicuius

164 1910 247 1949 quod
267 1911 302 1940 fit
320 1910 353 1939 in
369 1918 462 1939 carne
474 1934 481 1947 ,
500 1918 564 1939 non
587 1909 712 1939 videtur
733 1910 818 1949 quod
837 1910 933 1940 relin-

164 1965 240 2001 quat
259 1963 352 1993 aliam
376 1962 610 2002 dispositionem
623 1987 630 2000 ,
648 1972 745 2002 quam
765 1963 798 1993 in
823 1964 935 2002 cogni-

165 2015 248 2046 tione
276 2015 391 2052 unius3
421 2015 541 2046 ratione
568 2015 701 2055 alicujus
727 2017 811 2056 quod
842 2018 876 2046 fit
902 2018 934 2047 in

165 2068 280 2106 anima,
298 2077 373 2105 non,
398 2068 561 2108 quoniam,
582 2072 708 2099 mortua
722 2079 839 2108 uxore,
856 2070 934 2100 nihil

165 2123 308 2151 remanet
323 2121 361 2151 de
376 2121 592 2151 matrimonio.

205 2176 235 2204 4.
259 2173 336 2204 Item
351 2183 460 2213 quaero
477 2184 575 2214 quare
589 2174 720 2214 impedit
738 2186 744 2205 z
768 2176 792 2205 si
809 2179 936 2216 propter

166 2227 322 2257 defectum
333 2227 531 2263 sacramenti,
544 2236 654 2266 quaero
666 2229 772 2267 cujus;
790 2229 813 2258 si
832 2229 937 2259 matri-

167 2280 284 2317 monii,
311 2282 442 2310 contra:
473 2279 549 2310 Plus
573 2281 677 2311 deficit
700 2290 718 2311 a
741 2284 936 2312 sacramento

168 2333 379 2371 matrimonii,
396 2333 450 2372 qui
471 2343 636 2373 nunquam
653 2335 822 2373 contraxit,
840 2345 936 2375 quam

167 2386 221 2426 qui
236 2386 283 2416 bis
297 2387 453 2417 contraxit
470 2397 476 2417 :
497 2396 576 2425 ergo
591 2397 655 2418 non
670 2388 772 2419 deficit
792 2398 810 2419 a
829 2398 936 2419 sacra-

169 2441 274 2469 mento
289 2439 493 2470 matrimonii.

207 2494 236 2522 5.
254 2494 344 2530 Item,
361 2493 384 2523 si
407 2503 425 2523 a
440 2496 637 2524 sacramento
652 2494 783 2533 ordinis,
801 2497 910 2525 contra
927 2507 932 2525 :

168 2545 310 2583 bigamia
337 2555 400 2576 non
426 2547 600 2577 attenditur
626 2548 801 2578 secundum
830 2558 937 2579 sacra-

167 2599 310 2628 mentum
333 2598 470 2635 ordinis,
496 2599 549 2630 sed
573 2600 747 2631 secundum
771 2602 935 2633 matrimo-

203 2658 296 2688 uhrah,
312 2666 334 2682 c.
349 2665 405 2683 xm.

1694 189 1752 220 ⁶203

985 259 1075 289 nium
1093 267 1101 287 2
1127 266 1205 296 ergo
1233 266 1295 287 non
1324 257 1427 287 deficit
1456 256 1543 287 ordo.
1571 256 1624 287 Est
1651 255 1752 294 igitur

984 311 1117 351 quaestio
1127 334 1134 348 ,
1151 318 1250 349 quare
1265 309 1376 339 divisio
1395 310 1541 349 impedit,
1558 311 1588 340 et
1601 318 1667 339 non
1681 317 1751 339 cor-

984 365 1109 404 ruptio3
1127 365 1157 393 et
1175 363 1307 399 iterum,
1332 372 1430 401 quare
1446 362 1606 402 corruptio
1621 361 1753 401 impedit

985 418 1017 448 in
1037 417 1169 447 muliere
1193 417 1228 445 ut
1250 424 1313 444 non
1335 417 1547 453 consecretur,
1571 424 1668 454 quare
1690 424 1753 445 non

985 471 1129 501 similiter
1144 471 1174 499 et
1189 468 1222 498 in
1235 467 1392 507 episcopo.

1024 528 1053 554 6.
1078 523 1115 554 Et
1130 523 1245 552 iterum
1257 544 1264 558 ‚
1281 529 1379 560 quare
1394 520 1555 551 fornicatio
1574 521 1683 551 uxoris
1698 530 1755 560 po-

985 578 1047 608 tius
1063 577 1153 607 faciat
1174 575 1280 606 virum
1298 574 1527 613 irregularem,
1545 584 1640 614 quam
1657 575 1753 605 forni-

985 631 1064 661 catio
1078 629 1155 666 viri,
1173 638 1245 658 cum
1263 628 1367 667 potius
1384 627 1560 666 puniendus
1575 627 1614 657 sit
1629 629 1756 666 propter

985 684 1172 715 divisionem
1186 682 1288 712 carnis
1305 689 1383 719 suae,
1401 690 1496 720 quam
1512 680 1632 710 alienae.

1258 799 1482 831 CONCLUSIO.

986 896 1094 929 Biqami
1112 896 1196 929 inepti
1211 895 1271 920 sunt
1286 893 1322 919 ad
1336 893 1441 919 ordinis
1457 893 1528 918 sacri
1547 893 1732 925 susceptionem
1749 901 1755 916 ς

1024 940 1083 965 licet
1098 940 1227 973 recipiens
1246 938 1426 964 characterem
1439 938 1581 971 suscipiat,
1599 937 1624 962 si
1640 937 1672 962 de
1686 937 1757 968 facto

1021 984 1087 1016 fiat,
1105 990 1155 1009 non
1172 982 1245 1008 debet
1265 984 1350 1008 tamen
1367 982 1518 1016 dispensari
1533 989 1542 1009 ,·
1557 988 1628 1007 secus
1644 982 1671 1006 in
1686 980 1758 1006 ordi-

1024 1027 1102 1053 nibus
1116 1027 1302 1059 inferioribus.

1028 1112 1117 1152 Resp.
1136 1112 1173 1142 ad
1191 1121 1260 1151 arg.
1276 1112 1323 1143 Ad
1340 1112 1561 1151 praedictorum
1578 1111 1758 1149 intelligen-

987 1168 1062 1198 tiam
1076 1169 1122 1197 est
1132 1167 1319 1204 notandum,
1334 1166 1416 1206 quod
1431 1168 1662 1196 sacramentum
1679 1165 1760 1195 ordi-

988 1221 1037 1250 nis
1065 1220 1204 1250 abundat
1233 1220 1272 1250 ab
1302 1220 1370 1249 aliis
1393 1220 1423 1249 in
1446 1219 1567 1249 ratione
1591 1218 1757 1257 signandi,

988 1271 1140 1310 quoniam
1165 1280 1230 1300 non
1253 1271 1356 1301 solum
1372 1271 1465 1307 illud,
1483 1270 1566 1309 quod
1592 1269 1760 1300 adhibetur

989 1324 1140 1361 exterius,
1157 1324 1274 1362 signat,
1289 1324 1353 1354 imo
1366 1324 1430 1363 ipse
1445 1323 1618 1362 suscipiens
1629 1322 1759 1360 signum

988 1380 1056 1408 est:
1081 1380 1111 1408 et
1135 1378 1242 1416 signat
1262 1378 1328 1417 ipse
1352 1377 1517 1416 episcopus
1541 1377 1757 1411 consecratus,

989 1431 1039 1461 vel
1063 1431 1227 1470 presbyter
1250 1431 1431 1467 ordinatus,
1457 1430 1562 1469 ipsum
1582 1429 1757 1466 Christum,

990 1483 1164 1514 seeundum
1189 1483 1273 1523 quod
1295 1483 1440 1522 superius
1458 1484 1578 1512 tactum
1598 1484 1663 1512 est:
1682 1482 1761 1512 etin

990 1537 1047 1567 hac
1063 1536 1251 1576 proprietate
1273 1536 1377 1566 differt
1399 1536 1438 1566 ab
1460 1535 1529 1565 aliis
1544 1534 1759 1572 sacramentis,

990 1592 1200 1629 praeterquam
1217 1598 1235 1620 a
1251 1589 1470 1626 matrimonio,
1490 1588 1522 1618 in
1538 1597 1601 1627 quo
1617 1587 1682 1627 ipse
1698 1587 1759 1625 vir,

989 1643 1043 1682 qui
1073 1644 1118 1673 est
1144 1642 1323 1681 subjectum
1354 1642 1454 1682 ipsius
1485 1641 1688 1678 sacramenti,
1717 1640 1761 1670 si-

990 1705 1093 1735 gnum
1115 1698 1161 1725 cst
1184 1695 1283 1735 ipsius
1308 1695 1437 1732 Christi,
1471 1694 1551 1724 sicut
1578 1693 1692 1724 mulier
1719 1694 1760 1723 si-

991 1759 1094 1788 gnum
1117 1751 1161 1779 est
1187 1748 1351 1785 Ecclesiae,
1380 1750 1410 1778 et
1435 1748 1478 1778 ita
1506 1748 1698 1777 concurrunt
1722 1746 1761 1776 ad

990 1803 1072 1833 idem
1085 1802 1340 1841 significandum.
1355 1801 1509 1838 Quoniam
1521 1809 1599 1839 ergo
1614 1799 1652 1830 de
1665 1799 1763 1838 sigui-

991 1855 1136 1885 ficatione
1163 1855 1282 1885 ordinis
1306 1854 1458 1894 primaria
1479 1856 1546 1890 est,
1572 1853 1655 1893 quod
1677 1853 1760 1883 ordi-

992 1912 1083 1939 natus
1098 1909 1256 1947 significet
1270 1908 1430 1938 Christum
1443 1910 1478 1937 ut
1494 1915 1648 1946 sponsum
1664 1905 1764 1936 Eccle-

990 1962 1055 1998 siae,
1074 1963 1105 1991 et
1119 1962 1178 1992 hoc
1194 1971 1256 1991 non
1278 1963 1378 2001 potest
1400 1961 1581 1999 significare
1601 1960 1762 1998 bigamus,

991 2015 1044 2054 qui
1060 2015 1171 2045 habuit
1186 2024 1319 2045 uxorem
1334 2014 1476 2051 viduam,
1494 2015 1645 2053 quoniam
1661 2013 1764 2043 Eccle-

991 2068 1037 2098 sia
1067 2068 1197 2098 unicum
1226 2068 1337 2098 habuit
1365 2076 1537 2107 sponsum,
1566 2069 1596 2097 et
1623 2066 1764 2097 Christus

992 2121 1118 2151 unicam
1137 2121 1229 2151 habet
1245 2129 1410 2160 sponsam:
1431 2120 1505 2150 hinc
1518 2122 1565 2150 est
1583 2119 1668 2159 quod
1687 2119 1764 2149 tales

992 2175 1088 2214 inepti
1106 2177 1179 2205 sunt
1199 2175 1237 2205 ad
1259 2175 1384 2205 ordines
1397 2198 1404 2211 ,
1423 2174 1561 2204 maxime
1576 2173 1765 2212 principales

992 2230 1022 2257 et
1037 2237 1156 2266 sacros,
1183 2228 1214 2257 in
1239 2228 1356 2267 quibus
1378 2227 1474 2257 homo
1495 2228 1563 2266 Jam
1586 2225 1692 2265 incipit
1708 2234 1764 2255 ex-

993 2290 1096 2320 presse
1125 2282 1264 2319 figurare
1294 2280 1478 2310 Christum:
1512 2279 1596 2309 unde
1624 2277 1766 2317 bigamia

962 2359 964 2363 .
993 2334 1091 2365 reddit
1116 2334 1261 2373 ineptum
1285 2334 1323 2363 ad
1346 2333 1567 2369 diaconatum,
1585 2334 1615 2362 et
1637 2331 1764 2361 subdia-

993 2389 1141 2418 conatum
1155 2410 1162 2424 ,
1189 2390 1219 2416 et
1244 2386 1475 2423 sacerdotium,
1495 2388 1524 2416 et
1547 2385 1705 2424 potissime
1728 2383 1766 2413 ad

993 2441 1207 2480 episcopatum
1227 2450 1232 2469 :
1252 2441 1283 2469 et
1298 2439 1366 2469 ideo
1382 2439 1414 2468 in
1436 2438 1485 2468 his
1501 2438 1665 2468 ordinibus
1679 2446 1766 2467 nun-

993 2503 1090 2535 quam
1112 2493 1233 2532 legitur
1252 2493 1484 2532 dispensatum,
1512 2501 1570 2522 nec
1594 2490 1765 2530 dispensari

993 2548 1094 2585 debet,
1122 2556 1186 2578 non
1202 2547 1278 2586 quia
1302 2548 1535 2576 sacramentum
1560 2542 1765 2575 essentialiter

994 2601 1133 2637 deficiat,
1149 2600 1214 2631 imo
1229 2600 1381 2639 bigamus
1400 2599 1510 2638 recipit
1531 2598 1763 2632 characterem;

994 2654 1047 2686 sed
1063 2654 1137 2694 quia
1157 2653 1304 2694 perfectio
1317 2652 1505 2683 sacramenti
1522 2651 1553 2681 in
1568 2650 1634 2690 ipso
1649 2648 1762 2685 deficit,

1775 1260 1852 1283 Quam.
1861 1262 1865 1279 1
1874 1274 1878 1280 .

1775 1294 1794 1310 et
1807 1293 1825 1310 Ξ.
