1991 3006
192 156 250 185 208
732 151 1038 183 SENTENTlARUM
1067 151 1136 182 tm.
1165 151 1211 181 lV.

185 222 438 254 Sacramentum
456 220 515 252 lzoc
535 230 694 264 maqmcm
711 225 769 252 est.
793 220 864 263 qu
889 225 997 251 autem
1019 218 1091 251 dico
1113 218 1146 250 in
1172 218 1302 250 Christo
1326 224 1356 250 et
1380 218 1414 250 in
1437 217 1597 250 Ecclesia.
1625 218 1664 251 Ut
1686 218 1774 251 enim

189 279 275 312 inter
288 279 444 322 conjuges
459 278 645 322 conjunctio
660 282 706 310 est
722 277 901 310 secundum
915 288 1108 309 consensum
1124 276 1312 308 animorum
1323 302 1330 316 ,
1344 280 1376 308 et
1390 274 1571 308 secuudum
1586 275 1774 318 permixtio-

188 348 263 369 nem
278 347 450 380 corporum
465 362 472 375 ,
490 335 534 367 sic
548 335 689 367 Ecclesia
704 335 830 367 Christo
846 334 1019 378 copulatur
1036 334 1203 366 voluntate
1222 338 1252 366 et
1273 338 1391 366 natura
1405 359 1412 371 ‚
1430 345 1496 376 qua
1511 333 1597 365 idem
1614 333 1685 365 vult
1700 343 1775 365 cum

188 405 225 426 eo
244 406 250 425 :
268 398 298 425 et
314 393 380 437 ipse
397 394 534 425 formam
551 393 689 437 sumpsit
703 393 742 425 dc
768 396 884 424 natura
908 391 1060 424 hominis.
1078 391 1237 434 Copulata
1259 395 1305 422 est
1328 402 1405 432 ergo
1420 402 1536 434 sponsa
1551 402 1668 434 sponso
1682 389 1777 434 spiri-

188 451 319 483 tualiter
334 454 365 481 et
378 450 589 494 corporaliter
603 476 610 490 ‚
637 451 667 482 i‹l
685 454 747 490 est,
765 450 919 481 charitate
945 460 980 481 ac
1004 448 1231 480 conformitate
1255 452 1393 480 naturae.
1412 448 1519 491 Hujus
1537 447 1708 490 utriusque
1724 457 1777 479 co-

187 508 272 551 pulae
287 507 395 549 figura
410 512 456 539 est
472 508 504 539 iu
520 508 683 551 conjugio.
702 508 885 539 Consensus
908 506 996 538 enim
1020 506 1198 549 conjugum
1215 505 1365 549 copulam
1382 505 1586 549 spiritualem
1602 504 1723 537 Christi
1743 508 1774 536 et

188 565 334 598 Ecclesiae
348 591 355 605 ‚
373 577 447 610 quae
468 565 504 597 fit
525 576 581 609 per
595 565 783 597 charitatem
799 591 806 604 ,
824 564 996 606 significat.
1013 563 1210 596 Commixtio
1227 574 1303 596 vero
1321 575 1460 595 sexuum
1485 563 1577 595 illam
1592 561 1774 605 significat,

186 634 258 666 qum
274 622 310 655 fit
325 634 382 666 per
398 627 520 655 natura}
536 623 811 655 conformitatem.

231 680 309 712 Inde
324 685 370 711 est
388 680 474 724 quod
489 680 623 723 quidam
639 681 809 712 doctorum
826 679 981 711 dixerunt
997 679 1087 711 illam
1106 679 1278 711 mulierem
1295 690 1359 711 non
1377 678 1538 722 pertinere
1552 678 1592 710 ad
1609 677 1776 710 matrimo-

1512 749 1528 767 «
1545 735 1618 767 Non
1634 734 1774 767 dubium

186 799 233 827 est
248 795 338 827 illam
356 795 528 827 multon-mn
545 807 609 827 non
627 795 787 839 pertinere
809 794 846 826 ω]
874 794 1122 826 matrimonium
1138 820 1146 833 ,
1164 805 1239 826 cum
1262 805 1330 837 qua
1344 793 1477 826 docetur
1493 804 1559 825 non
1574 792 1672 824 fuisse
1686 802 1776 824 com-

187 737 296 776 nium,
314 748 386 781 (μισ)
410 749 475 770 non
500 738 666 781 experitur
691 737 854 769 carnalem
879 737 1043 780 copulam.
1062 737 1116 768 Ait
1133 737 1221 768 enim
1237 736 1444 778 Augustinus
1458 738 1466 753 ¹
1485 748 1491 768 ε

189 853 302 885 mixtio
314 864 421 885 sexus.
440 866 455 883 »
477 853 555 885 Item
572 855 633 885 Leo
650 853 737 896 Papa
751 853 760 868 '²
776 865 781 883 :
800 866 815 883 (ι
831 852 914 884 Cum
931 852 1065 884 societas
1083 852 1274 895 nuptiarum
1291 851 1334 883 ita
1349 862 1368 883 a
1383 850 1542 894 principio
1557 849 1599 881 sit
1614 849 1774 885 instituta,

190 915 224 943 ut
239 910 635 954 praetercommixtionem
660 920 798 942 sexuum
824 921 889 942 nou
914 909 1029 941 habeat
1054 909 1085 940 iu
1110 920 1142 941 so
1158 908 1277 941 Christi
1292 913 1322 941 et
1340 908 1486 940 Ecclesiae
1512 910 1775 946 sacramentum5

190 979 255 1000 non
280 967 417 999 dubium
433 971 479 999 est
504 967 593 999 illam
616 968 788 1000 mulierem
814 978 880 999 non
900 967 1061 1011 pertinere
1079 966 1117 998 ad
1139 966 1383 998 matrimonium
1402 992 1410 1006 ,
1431 966 1465 997 in
1482 976 1547 1009 qua
1562 964 1696 997 docetur
1712 974 1775 995 nou

189 1025 287 1058 fuisse
303 1025 447 1069 nuptiale
465 1025 668 1068 mysterium.
690 1038 705 1054 ν
722 1026 801 1057 Item
818 1024 1025 1066 Augustinus
1040 1026 1049 1041 ³
1065 1037 1071 1056 :
1095 1037 1111 1054 α
1130 1023 1204 1056 Nou
1227 1028 1274 1056 est
1301 1023 1478 1067 perfectum
1494 1021 1688 1066 conjugium
1708 1021 1778 1053 sinc

192 1083 424 1115 commixtiOnc
439 1095 591 1115 sexuum.
610 1096 624 1113 n
640 1083 708 1115 Hoc
723 1082 749 1114 si
764 1083 944 1114 secundum
959 1082 1164 1126 superficiem
1180 1081 1356 1114 verberum
1371 1080 1445 1124 quis
1460 1080 1617 1124 acceperit
1629 1105 1637 1120 ,
1654 1078 1781 1111 induci-

191 1145 243 1172 tur
258 1140 291 1172 iu
307 1151 450 1172 ‹errorcm
469 1145 596 1172 tautum
609 1166 617 1181 ‚
636 1144 671 1172 ut
686 1140 771 1172 dicat
792 1140 861 1172 sine
876 1139 999 1172 carnali
1016 1139 1134 1183 copula
1150 1150 1215 1171 uon
1232 1150 1322 1182 posse
1341 1138 1490 1170 contrahi
1510 1136 1755 1169 matrimonium
1771 1148 1778 1176 ;

189 1202 220 1230 et
237 1198 320 1229 inter
336 1197 472 1230 Mariam
489 1202 520 1230 et
533 1197 653 1241 Joseph
670 1209 735 1229 nou
760 1197 859 1229 fuisse
883 1197 1074 1240 conjugium
1088 1223 1096 1237 ,
1112 1197 1162 1228 vel
1178 1208 1243 1229 non
1260 1196 1358 1228 tuisse
1372 1196 1551 1240 perfectum
1564 1221 1572 1236 ‚
1588 1194 1676 1238 quod
1692 1193 1782 1225 nefas

190 1259 237 1287 est
260 1255 391 1287 sentire.
416 1255 520 1287 Tanto
546 1255 631 1286 euim
658 1255 800 1287 sanctius
822 1254 885 1286 fuit
909 1259 1007 1298 atque
1023 1254 1196 1298 perfectius
1209 1279 1217 1293 ,
1234 1258 1358 1297 quanto
1374 1264 1392 1285 a
1406 1252 1530 1285 carnali
1551 1262 1647 1295 opere
1662 1251 1782 1283 immu-

190 1313 276 1344 nius.
295 1312 358 1344 Sed
374 1312 524 1355 superius
540 1312 643 1355 posita
657 1323 694 1344 ea
709 1312 834 1344 ratione
848 1312 935 1344 (licta
951 1311 1204 1353 intelligendum
1221 1315 1285 1349 est,
1303 1322 1368 1342 non
1385 1311 1467 1354 quin
1486 1310 1645 1354 pertineat
1662 1308 1781 1341 mulier

191 1369 248 1402 illa
262 1369 301 1401 ad
320 1369 568 1401 matrimonium
583 1396 590 1410 ‚
604 1381 678 1401 cum
695 1381 761 1413 qua
776 1381 842 1401 non
857 1374 903 1401 est
921 1369 1094 1412 permixtio
1108 1380 1247 1400 sexuum
1263 1381 1269 1407 ;
1287 1368 1341 1400 sed
1366 1378 1432 1399 non
1460 1367 1600 1411 pertinet
1615 1365 1654 1398 ad
1670 1365 1782 1398 matri-

192 1427 340 1459 monium
355 1453 362 1467 ,
380 1427 467 1471 quod
483 1439 667 1471 expressam
691 1431 722 1459 et
744 1428 872 1471 plenam
898 1430 985 1458 tenet
1010 1426 1151 1468 figuram
1173 1425 1411 1469 conjunctionis
1433 1424 1553 1457 Christi
1573 1427 1604 1456 et
1618 1423 1778 1456 Ecclesiae.

191 1483 327 1527 Figurat
343 1485 428 1516 enim
451 1484 541 1517 illam
565 1485 720 1516 unionem
736 1484 855 1517 Christi
871 1488 901 1516 et
918 1484 1066 1516 Ecclesiae
1079 1510 1086 1521 ‚
1104 1495 1178 1527 qum¹
1203 1487 1249 1515 est
1271 1482 1303 1514 in
1320 1482 1475 1515 charitate
1489 1508 1497 1522 ,
1514 1481 1568 1514 sed
1585 1492 1651 1513 non
1666 1480 1758 1513 illam
1771 1506 1779 1521 ,

191 1552 263 1585 qua}
284 1547 330 1574 est
356 1542 390 1574 in
416 1546 543 1574 naturre
565 1542 804 1574 conformitate.
829 1542 883 1574 Est
902 1553 980 1583 ergo
1003 1545 1033 1573 et
1057 1541 1089 1573 in
1114 1541 1171 1573 illo
1194 1540 1403 1573 matrimonio
1426 1544 1524 1583 typus
1544 1538 1783 1583 conjunctionis

191 1599 310 1632 Christi
334 1603 365 1632 et
388 1599 537 1632 Ecclesiae
553 1600 562 1616 Δ
578 1612 585 1641 ;
603 1599 655 1631 sed
680 1599 768 1631 illius
793 1604 919 1631 tautum
936 1626 943 1638 ,
971 1611 1037 1643 qua
1060 1598 1201 1631 Ecclesia
1225 1598 1352 1630 Christo
1377 1597 1534 1629 charitate
1559 1596 1694 1637 unitur3
1716 1607 1782 1628 non

192 1657 301 1698 illius,
318 1669 383 1701 qua
403 1668 459 1701 per
485 1657 721 1701 susceptionem
747 1657 853 1689 carnis
879 1657 976 1701 capiti
1003 1656 1149 1689 membra
1174 1656 1336 1688 uniuntur
1353 1667 1359 1686 :
1379 1666 1438 1686 nec
1456 1654 1530 1686 ideo
1548 1659 1655 1686 tamen
1670 1653 1784 1686 minus

192 1719 339 1747 sanctum
364 1719 409 1746 cst
433 1714 646 1757 conjugium3
675 1715 773 1758 quia,
792 1719 829 1747 ut
850 1715 894 1747 ait
909 1715 1117 1756 Augustinus
1133 1719 1142 1734 ⁵
1156 1740 1164 1754 ‚
1188 1728 1205 1744 a
1230 1713 1262 1745 in
1286 1713 1411 1756 nuptiis
1437 1712 1510 1756 plus
1532 1712 1617 1744 xalet
1632 1711 1784 1744 sanctitas

193 1771 406 1812 sacramenti,
425 1783 524 1815 quam
550 1771 743 1804 fcecunditas
766 1773 900 1805 ventris.
922 1784 938 1802 »
956 1772 1010 1805 Est
1029 1772 1126 1804 etiam
1149 1771 1341 1815 conjugium
1362 1771 1493 1813 siguum
1515 1769 1695 1813 spiritualis
1709 1780 1784 1801 cou-

189 1829 370 1873 junctionis
385 1833 415 1861 et
432 1829 614 1861 dilectionis
629 1830 815 1862 animorum
830 1856 837 1870 ‚
855 1841 921 1874 qua
936 1830 1020 1861 iuter
1035 1841 1067 1861 se
1082 1829 1237 1873 conjuges
1253 1828 1341 1860 uniri
1357 1827 1489 1859 debent.
1506 1826 1600 1859 Unde
1610 1826 1787 1870 Apostolus

193 1888 238 1920 ait
254 1894 263 1910 ⁶
278 1899 284 1919 z
313 1886 378 1919 Viri
390 1913 398 1926 ,
417 1885 546 1929 dilifsz‘te
562 1898 675 1919 uxores
690 1893 814 1920 vestras
826 1914 834 1926 ,
853 1894 888 1919 ut
903 1898 1038 1931 corpora
1057 1892 1178 1919 vestra.

383 2022 585 2054 EXPOSITIO
607 2022 769 2053 TEXTUS.
1019 2033 1092 2062 pars
1115 2024 1174 2053 ista
1197 2023 1293 2053 habet
1321 2025 1459 2062 quatuor
1483 2024 1605 2061 partes:
1631 2022 1662 2051 in
1687 2021 1792 2061 prima

191 2096 254 2120 Cum
272 2095 318 2118 alia
337 2096 495 2118 sacramenta
517 2096 574 2124 post
595 2096 726 2124 peccatum
742 2095 767 2117 et
783 2095 885 2124 propter
899 2100 962 2124 pec-

222 2132 304 2154 catum
323 2129 455 2154 exordium
470 2129 633 2159 sumpserint,
648 2128 801 2152 matrimonii
817 2136 961 2153 sacramen-

223 2168 285 2195 tum,
301 2167 348 2189 etc.

234 2236 307 2266 Haec
321 2238 368 2266 est
385 2236 497 2265 ultima
514 2244 585 2274 pars
600 2235 705 2265 totalis
720 2235 835 2274 partis,
853 2235 886 2265 in
900 2244 963 2274 qua

151 2293 153 2296 '
192 2289 260 2327 agit
279 2288 430 2326 Magister
446 2288 483 2317 [lu
503 2288 718 2317 sacramentis.
742 2287 776 2317 In
797 2288 856 2317 hac
877 2288 963 2317 enim

194 2344 280 2381 parte
304 2342 412 2379 agitur
436 2341 546 2370 ultimo
570 2341 607 2370 de
633 2343 830 2371 sacramento
852 2341 965 2371 matri-

193 2395 316 2425 monii:
347 2397 377 2423 et
402 2393 552 2433 quoniam
581 2395 654 2422 tunc
684 2403 887 2433 unaquaeque
915 2403 964 2424 res

194 2449 328 2488 perfecte
357 2446 576 2485 cognoscitur,
606 2446 733 2484 quando
761 2447 965 2485 cognoscitur

193 2500 368 2531 secundum
393 2497 591 2538 quadruplex
619 2507 722 2535 genus
751 2508 852 2529 causae
861 2511 868 2536 3
895 2500 965 2530 ideo

230 2583 235 2598 ¹
250 2580 360 2604 thetur
375 2578 432 2603 dist.
448 2582 528 2605 xxvii,
551 2584 577 2607 q.
596 2583 624 2607 u,
639 2584 659 2600 c.
680 2578 733 2600 Non
744 2580 788 2601 est.
805 2592 835 2595 —
854 2579 862 2592 ²
878 2580 928 2603 Leo
946 2580 962 2609 Ι,

196 2618 275 2647 Epist.
300 2622 339 2645 xc,
360 2622 382 2638 c.
404 2619 437 2638 ιν.
459 2625 489 2630 —
511 2613 520 2627 ³
537 2611 652 2643 Soltloq„
678 2613 742 2636 inter
766 2621 835 2644 oper.
862 2617 965 2644 Aug.—

1019 2076 1088 2114 agit
1108 2076 1146 2106 ste
1166 2075 1369 2105 matrimonio
1391 2074 1565 2105 secundum
1584 2083 1712 2104 causam
1726 2074 1791 2104 for-

1019 2128 1151 2165 malem3
1174 2128 1204 2157 'm
1221 2127 1373 2164 secunda,
1390 2127 1564 2157 secundum
1579 2135 1707 2157 causam
1723 2127 1793 2157 effi-

1020 2182 1165 2218 cientem,
1183 2181 1280 2210 infra⁷
1299 2191 1305 2210 ε
1323 2180 1395 2212 Post
1413 2180 1467 2211 hoc
1483 2179 1715 2212 advertendum
1736 2182 1791 2217 est,

1020 2234 1101 2274 quid
1123 2235 1166 2265 sit
1190 2233 1393 2273 com‘uqtunu
1417 2234 1449 2263 in
1478 2233 1586 2271 tertia,
1617 2233 1793 2263 secundum

1020 2297 1147 2318 causam
1170 2287 1312 2323 finalem,
1332 2287 1435 2317 infra⁸
1450 2298 1455 2317 :
1477 2287 1549 2318 Post
1565 2286 1630 2318 hoec
1648 2285 1687 2316 de
1706 2285 1795 2317 bonis

1020 2341 1167 2380 conjugii
1175 2350 1185 2373 ,·
1202 2340 1233 2369 in
1249 2341 1373 2378 quarta,
1390 2339 1565 2369 secundum
1579 2347 1708 2368 causam
1723 2347 1790 2368 ma-

1022 2394 1174 2431 terialem,
1196 2402 1268 2432 quae
1288 2395 1333 2422 est
1358 2401 1564 2431 personarum
1586 2391 1790 2430 legitimitas:

1023 2448 1091 2477 haec
1105 2446 1191 2476 enim
1206 2448 1252 2476 est
1267 2446 1428 2485 dispositio
1442 2454 1461 2474 a
1476 2446 1563 2484 parte
1577 2444 1791 2483 suscipientis:

1022 2503 1051 2530 et
1072 2509 1126 2539 per
1149 2499 1328 2538 oppositum
1351 2498 1421 2536 agit
1442 2497 1480 2527 de
1501 2497 1743 2535 fllegitimitate‚
1763 2498 1794 2527 et

1022 2580 1031 2595 ⁵
1042 2579 1142 2609 Ephes.,
1158 2585 1183 2607 v,
1200 2580 1238 2602 25.
1253 2591 1282 2595 —-
1295 2579 1305 2594 ⁵
1320 2579 1395 2607 Aug„
1411 2576 1445 2599 De
1459 2575 1519 2599 bono
1535 2576 1662 2607 conjugii.
1677 2584 1700 2600 c.
1716 2581 1793 2607 xxm,

1023 2622 1048 2639 u.
1064 2616 1134 2638 21.—
1146 2615 1155 2630 θ
1166 2613 1266 2644 Ephes.‚
1282 2620 1305 2639 v.
1316 2612 1406 2636 28.—⁷
1417 2612 1609 2636 Dist.xxv11.-
1622 2612 1630 2625 ⁶
1643 2611 1704 2636 Dist.
1719 2617 1792 2635 xxxi.

1796 681 1891 704 Qualiter

1809 711 1887 732 intelli-

1797 743 1890 769 gendum

1796 775 1822 794 sit
1833 773 1886 794 illud
1895 781 1899 794 :

1815 803 1894 823 ,uutier

1797 834 1833 854 illa
1860 840 1901 854 nun

1798 865 1888 889 pertinet

1797 894 1823 914 ad
1833 894 1903 914 munri-

1798 926 1900 950 munium,

1798 962 1846 976 cum
1861 961 1902 981 qun

1799 994 1840 1006 nou
1872 988 1905 1006 est

1798 1017 1898 1037 cunmix-

1800 1050 1828 1069 uo
1842 1054 1906 1068 setu-

1801 1086 1842 1099 nm.

1807 2030 1896 2051 Divisio.
