1991 3006
119 549 153 569 Ad
171 555 222 576 opp.

249 274 287 301 62

497 389 675 428 QUAESTIO
698 390 751 420 111.

333 473 379 499 An
396 480 476 506 poena
490 473 647 507 purgatorii
665 473 700 498 sil
721 472 876 497 voluntaria
892 470 910 496 ¹.

278 551 390 582 Utrum
409 560 504 591 poena
523 552 576 582 illa
597 552 637 582 sit
656 551 854 588 voluntaria3
872 552 903 581 et
922 549 1007 589 quod

237 605 295 642 sie,
316 605 460 636 videtur:
478 605 553 645 quia
571 606 675 636 omnis
690 605 815 644 sapiens
830 602 899 635 vult
915 603 1004 641 illud,

235 658 303 688 sine
318 667 381 698 quo
395 668 460 690 non
476 661 577 699 potest
591 657 720 698 adipisci
734 657 819 697 quod
834 656 989 688 desiderat
995 667 1003 694 ;

234 711 318 743 unde
339 712 520 743 desiderans
542 712 708 743 sanitatem
738 710 809 742 vult
836 710 952 749 secari,
975 712 1006 741 et

233 765 284 795 uri
301 775 308 795 τ
326 765 380 796 sed
399 766 516 796 animae
535 765 568 795 in
584 764 769 804 purgatorio
787 773 851 794 non
866 765 941 794 sunt
956 763 1004 793 iu-

232 817 396 857 sipientes,
423 819 454 849 et
477 818 655 848 desiderant
676 817 831 857 gloriam,
847 818 878 847 et
901 816 1004 847 sciunt

232 871 271 902 ad
285 880 356 902 eam
377 880 443 902 non
466 880 557 911 posse
575 871 741 911 pervenire
757 871 819 901 nisi
843 879 899 910 per
920 870 1004 901 illius

231 933 335 964 poenae
354 925 578 956 tolerantiam:
603 934 700 963 ergo,
720 926 778 955 etc.
803 924 835 955 Si
860 926 896 954 tu
918 924 1003 954 dicas

230 978 316 1017 quod
335 978 396 1009 hoc
415 987 480 1009 non
494 980 542 1009 est
560 977 641 1009 velle
656 978 857 1017 simpliciter,
873 977 925 1008 sed
942 977 1001 1008 sub

230 1031 425 1070 conditione,
445 1032 621 1064 ostenditur
640 1031 725 1072 quod
744 1030 928 1070 simpliciter
942 1040 1001 1062 ve-

229 1084 297 1115 lint.
323 1097 337 1114 «
367 1085 425 1116 Cor
447 1087 570 1116 rectum
590 1085 700 1124 habet,
725 1085 780 1125 qui
805 1084 1000 1116 voluntatem

229 1147 321 1169 suam
334 1139 489 1170 voluntati
505 1139 623 1170 divinae
640 1139 827 1175 conformat,
841 1149 855 1167 n
876 1140 913 1168 ut
927 1137 1001 1168 dicit

228 1191 454 1229 Ambrosius2‚
470 1194 500 1223 et
517 1192 625 1223 Glossa
645 1201 739 1231 super
763 1191 940 1230 Psalmum,
961 1191 1000 1221 si-

228 1245 281 1275 cut
299 1245 445 1276 habitum
464 1248 510 1276 est
531 1246 564 1276 iu
585 1246 705 1285 primo,
725 1245 925 1276 distinctione
945 1244 999 1275 ul-

227 1297 316 1329 tima.
345 1299 405 1329 Sed
426 1301 506 1339 Justi
534 1299 566 1329 in
591 1299 778 1338 purgatorio
801 1299 918 1329 hahent
946 1307 1000 1328 cor

226 1353 361 1390 rectum,
376 1354 406 1382 et
418 1352 501 1383 Deus
511 1353 580 1384 vult
590 1353 633 1383 ibi
646 1362 713 1383 esse
728 1353 812 1392 ipsos
824 1361 831 1382 ε
846 1360 926 1391 ergo
939 1351 999 1391 ipsi

226 1404 338 1435 volunt
352 1414 385 1436 se
400 1406 444 1437 ibi
457 1415 541 1444 esse,
556 1408 586 1437 et
601 1407 675 1446 pati.

266 1458 344 1489 Item
372 1460 475 1490 omnis
503 1469 577 1490 vere
613 1460 769 1499 poenitens
801 1459 870 1490 vult
897 1458 998 1488 facere

225 1512 391 1543 emendam
404 1537 412 1549 ‚
429 1513 495 1544 sive
518 1513 664 1552 agendo,
693 1514 760 1543 sive
778 1511 962 1542 sustinendo
989 1521 995 1540 :

224 1564 277 1595 sed
292 1566 398 1596 anima
412 1575 485 1606 quae
501 1566 635 1597 moritur
649 1574 723 1596 vere
738 1565 894 1605 poenitens
904 1588 912 1602 ,
929 1572 995 1604 poe-

224 1617 390 1649 nitentiam
404 1628 468 1650 non
484 1619 599 1649 amittit
616 1630 622 1649 2
646 1627 724 1658 ergo
740 1618 809 1648 vult
831 1617 997 1648 emendam

223 1670 324 1701 facere
345 1682 352 1702 :
378 1672 431 1702 sed
450 1681 515 1703 non
538 1673 639 1711 potest
658 1671 784 1710 agendo
808 1681 815 1701 z
841 1679 920 1710 ergo
941 1678 995 1709 pa-

223 1724 329 1755 tiendo
345 1734 352 1755 :
372 1734 451 1764 ergo
464 1725 534 1756 vult
547 1734 674 1764 poenam
690 1724 777 1754 illam
792 1724 868 1764 pati.

262 1777 342 1808 Item
357 1778 461 1809 omnis
484 1778 538 1818 qui
554 1779 672 1818 patitur
686 1786 814 1818 poenam
839 1776 994 1816 aliquam,

222 1832 253 1860 et
266 1839 330 1861 nou
343 1832 412 1863 vult
426 1831 513 1862 illam
528 1832 591 1871 pati
603 1856 610 1870 ‚
624 1831 787 1871 judicatur
802 1830 970 1869 impatiens
987 1840 993 1859 z

221 1886 252 1914 et
266 1884 317 1914 ille
333 1887 396 1923 est,
409 1886 463 1925 qui
477 1885 591 1916 dicitur
605 1884 787 1915 inobediens
805 1894 811 1914 :
829 1892 906 1922 ergo
922 1891 995 1913 cum

221 1937 281 1968 viri
301 1938 378 1977 ¹iusti
405 1939 438 1969 in
459 1939 646 1979 purgatorio
660 1947 788 1978 poenam
811 1938 994 1977 patiantur,

221 1991 243 2020 si
265 1990 379 2022 nolunt
393 1991 480 2022 illam
496 1992 561 2031 pati
575 2017 582 2029 ,
601 1993 677 2023 sunt
690 1991 890 2030 impatientes
901 1992 931 2020 et
947 1990 995 2019 in-

221 2043 411 2076 obedientes.

261 2096 396 2128 Contra:
413 2097 635 2129 voluntarium
659 2099 706 2128 est
721 2096 814 2134 illud,
841 2095 927 2135 quod
948 2097 995 2126 est

222 2150 254 2180 in
274 2150 342 2190 ipso
365 2154 577 2190 cognoscente
601 2150 776 2190 singularia
792 2161 798 2180 :
817 2158 895 2189 ergo
909 2149 994 2188 quod

220 2212 283 2233 non
298 2205 344 2234 est
364 2213 382 2234 a
406 2204 559 2244 principio
580 2204 768 2240 intrinseco,
797 2202 851 2233 sed
873 2202 995 2232 extrin-

220 2264 306 2294 seco,
322 2259 353 2287 et
364 2257 402 2287 de
415 2257 610 2294 necessitate,
627 2266 690 2288 non
706 2256 744 2287 de
758 2255 911 2292 libertate,
929 2262 994 2284 non

220 2307 314 2338 habet
324 2310 479 2340 rationem
490 2310 661 2342 voluntarii
678 2320 684 2340 τ
697 2309 749 2340 sed
763 2309 833 2339 talis
842 2311 887 2338 est
900 2315 993 2347 poena

219 2362 405 2400 purgatoria
418 2373 426 2394 ι
443 2373 521 2402 ergo
532 2387 541 2401 ,
557 2366 616 2394 ete.

260 2414 338 2445 Item
353 2416 434 2446 nihil
451 2426 469 2446 a
484 2426 547 2456 quo
562 2418 632 2456 quis
646 2416 800 2447 desiderat
815 2416 845 2445 et
859 2414 937 2454 petit
951 2413 992 2443 li-

220 2467 334 2506 berari,
358 2470 406 2498 est
424 2469 642 2500 voluntarium
659 2480 666 2500 z
690 2470 716 2499 si
731 2468 816 2499 enim
831 2469 912 2498 esset
933 2475 990 2497 vo·

219 2520 413 2559 luntarium,
430 2521 463 2551 in
479 2530 516 2552 eo
531 2522 625 2552 vellet
639 2522 806 2561 persistere
823 2529 831 2551 z
846 2519 900 2550 sed
910 2519 991 2559 justi

219 2573 275 2612 qui
289 2575 363 2604 sunt
376 2573 409 2603 in
424 2575 626 2614 purgatorio,
643 2576 755 2615 petunt
767 2576 798 2604 et
811 2573 991 2604 desiderant

219 2625 291 2656 inde
305 2626 431 2658 liberari
448 2638 454 2657 :
473 2635 567 2666 erge,
584 2630 642 2658 etc.
659 2627 760 2658 Minor
776 2625 883 2657 multis
897 2633 988 2655 reve-

252 2706 256 2718 ¹
278 2707 316 2735 (γ’.
338 2706 465 2737 menard„
489 2708 519 2731 lV
540 2710 618 2736 δοιώ,
638 2708 695 2731 dist.
718 2713 766 2737 Ax,
789 2709 834 2730 art.
856 2708 883 2735 2,
907 2711 931 2734 q·
953 2710 989 2733 HJ

220 2740 305 2771 steph.
326 2741 477 2772 B1·ulet.‚lv
492 2744 569 2773 Sent„
586 2743 642 2767 dist.
663 2749 711 2772 xx,
733 2749 758 2773 q.
779 2748 824 2771 1115
849 2742 937 2765 Petrus
958 2739 988 2761 ile

815 269 1120 301 SENTENTtARUM
1143 271 1214 302 LlB.
1243 273 1289 303 tv.

1065 338 1235 369 lationibus
1251 342 1324 370 nota
1339 344 1400 380 est,
1417 342 1495 372 sicut
1510 344 1610 382 potest
1635 344 1760 382 probari
1780 354 1836 385 per

1065 390 1256 431 Gregorinm
1274 393 1305 423 in
1319 396 1432 433 quarto
1447 395 1659 435 Dialoqorum.

1106 445 1180 475 item
1198 448 1316 484 quanto
1330 456 1422 486 pirna
1437 449 1579 479 acerbior
1593 451 1639 479 cst
1649 473 1658 487 ,
1679 450 1704 480 si
1720 450 1834 481 volun-

1063 499 1141 528 taria
1163 501 1224 536 ost,
1246 502 1334 530 tanto
1357 500 1526 537 gloriosius
1548 504 1593 532 est
1618 503 1832 543 martyrium:

1062 552 1114 582 sed
1148 561 1240 591 poma
1264 554 1443 592 purgatorii
1471 557 1517 585 est
1543 555 1769 593 acerbissima,
1800 559 1836 588 ut

1062 606 1271 635 monstratum
1287 608 1334 636 est
1349 615 1357 636 t
1374 615 1451 646 ergo
1467 607 1492 637 si
1513 610 1559 638 est
1574 608 1769 646 voluntaria,
1787 609 1836 640 vi-

1061 658 1153 688 detur
1178 658 1262 697 quod
1287 668 1397 689 omnes
1419 660 1475 699 qui
1498 662 1663 691 transeunt
1681 664 1833 701 purgato-

1060 710 1145 741 rium
1156 735 1163 748 ,
1180 714 1336 751 martyres
1348 712 1511 751 judicandi
1528 715 1615 744 sunt.

1335 826 1557 858 CONCLUSIO.

1058 910 1139 937 Poena
1159 912 1314 944 parqatorz'i
1333 912 1472 938 minimam
1492 912 1568 938 habet
1585 913 1717 939 rationem
1738 914 1833 940 volun-

1095 955 1161 980 tarii
1171 976 1175 983 .
1193 957 1256 988 qula
1277 963 1329 982 >non
1348 958 1384 982 est
1402 964 1418 982 α
1434 957 1572 990 principio
1590 958 1745 989 intrinseco,
1763 958 1832 984 etde

1093 1000 1244 1025 necessitate
1257 1000 1392 1033 suffertur.

1098 1083 1187 1123 Resp.
1203 1084 1241 1114 ad
1256 1094 1326 1124 arg.
1341 1084 1511 1115 DIcendum
1524 1086 1607 1124 quod
1618 1085 1725 1126 aliqua
1733 1095 1825 1126 poena

1055 1136 1168 1167 dicitur
1191 1137 1354 1176 tripliviier
1381 1138 1560 1168 voluntaria
1585 1148 1592 1168 :
1623 1147 1688 1169 uno
1713 1139 1826 1176 modo,

1056 1187 1130 1226 quia
1144 1188 1318 1218 assumitur
1330 1198 1348 1219 a
1364 1188 1525 1219 voluntate
1539 1189 1732 1228 imperante,
1748 1189 1829 1220 sicut

1056 1245 1102 1273 est
1116 1253 1209 1283 poena
1224 1244 1458 1283 prenitentialis;
1476 1244 1537 1274 alio
1557 1244 1659 1281 modo,
1675 1245 1750 1284 quia
1763 1253 1830 1275 sus-

1055 1297 1201 1327 tinctura
1210 1298 1368 1328 voluntate
1383 1300 1578 1338 acceptante,
1590 1297 1670 1328 sieut
1684 1300 1729 1328 est
1737 1306 1830 1337 poena

1055 1351 1218 1390 martyrii,
1247 1351 1321 1390 quia
1335 1351 1412 1381 adeo
1439 1351 1483 1381 eis
1501 1351 1600 1390 placet
1611 1375 1619 1389 ‚
1639 1351 1722 1391 quod
1738 1352 1778 1382 ab
1792 1360 1830 1383 ea

1055 1402 1180 1433 liberari
1210 1413 1272 1433 non
1295 1403 1430 1441 vellent;
1454 1404 1547 1434 tertio
1568 1404 1663 1435 modo
1680 1406 1727 1435 cst
1745 1412 1830 1444 quae-

1054 1457 1125 1486 «lam
1142 1465 1234 1495 poena
1249 1481 1255 1492 ‚
1273 1466 1345 1496 quae
1361 1457 1534 1487 sustinetur
1550 1467 1567 1487 a
1594 1457 1757 1488 voluntate
1777 1459 1829 1488 to-

1055 1509 1189 1546 lerante,
1204 1512 1239 1538 nt
1262 1519 1372 1549 poena,
1399 1518 1471 1549 quae
1487 1511 1533 1540 est
1549 1510 1581 1539 in
1598 1509 1759 1548 patientia,
1783 1510 1828 1541 ita

1054 1562 1135 1601 quod
1151 1562 1221 1600 ejus
1236 1562 1416 1601 oppositum
1433 1564 1479 1592 est
1493 1562 1525 1592 in
1551 1561 1724 1599 desiderio;
1747 1562 1831 1593 sicut

1055 1624 1127 1645 cum
1144 1623 1256 1645 amans
1269 1639 1276 1652 ,
1296 1618 1326 1645 et
1341 1615 1521 1646 desiderans
1535 1614 1701 1645 sanitatem
1711 1639 1718 1652 ‚
1734 1616 1829 1646 infir-

1055 1670 1172 1705 matur,
1190 1669 1321 1698 sustinet
1343 1668 1472 1707 quidem
1497 1668 1735 1706 infirmitatem,
1756 1672 1829 1700 tan-

1054 1731 1150 1761 quam
1170 1731 1297 1762 poenam
1322 1722 1474 1752 divinitus
1497 1721 1668 1760 inflictam,
1690 1724 1828 1754 attamen

1054 1776 1093 1805 ab
1106 1785 1142 1805 ea
1156 1775 1283 1806 liberari
1298 1777 1457 1815 procurat.
1475 1774 1512 1805 Et
1528 1774 1605 1805 illud
1622 1775 1754 1806 minime
1768 1776 1827 1806 ha-

1053 1828 1104 1858 het
1119 1829 1275 1859 rationem
1293 1828 1472 1859 voluntarii.
1491 1827 1555 1859 Hoc
1570 1827 1663 1858 modo
1677 1828 1824 1859 volunta-

1054 1880 1100 1910 ria
1113 1883 1160 1911 est
1174 1890 1267 1920 poena
1283 1881 1469 1920 purgatoria
1484 1881 1517 1910 in
1531 1880 1610 1911 viris
1631 1881 1726 1920 justis
1737 1905 1745 1920 ‚
1770 1881 1827 1921 qui

1052 1934 1231 1965 voluntarie
1247 1943 1317 1965 eam
1332 1934 1506 1971 sustinent,
1524 1935 1553 1964 et
1569 1933 1746 1964 desiderant
1768 1942 1822 1964 ve-

1052 1986 1217 2017 hementer
1230 1987 1268 2017 ad
1284 1986 1418 2026 patriam
1436 1986 1612 2025 pervenire,
1629 1988 1659 2017 et
1673 1986 1751 2017 alios
1765 1987 1825 2017 sibi

1052 2038 1207 2069 auxilium
1224 2040 1377 2079 praebere.

1092 2091 1274 2122 Secundum
1289 2092 1348 2122 hoc
1372 2093 1455 2131 patet
1470 2091 1630 2131 responsio
1644 2091 1683 2122 ad
1699 2094 1824 2123 utram-

1050 2153 1112 2184 que
1131 2146 1272 2184 partem,
1290 2144 1440 2184 quoniam
1467 2144 1604 2174 rationes
1622 2144 1661 2174 ad
1682 2144 1822 2184 primam

1050 2199 1170 2236 partem
1198 2197 1331 2236 probant
1350 2197 1437 2227 illam
1458 2205 1586 2236 poenam
1606 2196 1822 2228 voluntariam

1050 2259 1118 2280 esse
1133 2250 1192 2280 hoe
1213 2250 1306 2280 modo
1322 2250 1423 2280 tertio.
1450 2249 1595 2280 Rationes
1617 2258 1693 2280 vero
1707 2250 1747 2280 ad
1765 2259 1822 2290 op-

1050 2303 1189 2342 positum
1216 2303 1351 2342 probant
1374 2303 1455 2341 quod
1481 2310 1545 2332 non
1568 2305 1614 2332 est
1640 2302 1821 2333 voluntaria

1049 2356 1152 2394 primo
1167 2355 1260 2386 modo
1273 2379 1280 2392 ‚
1306 2354 1357 2386 vel
1371 2355 1509 2385 secundo
1530 2366 1537 2384 :
1559 2355 1643 2394 quod
1658 2357 1742 2395 patet
1756 2355 1820 2386 dis-

1049 2410 1205 2440 currendo
1227 2419 1282 2449 per
1297 2409 1450 2447 singulas.
1478 2407 1593 2438 Primae
1610 2408 1695 2438 enim
1709 2417 1821 2439 omnes

1049 2462 1186 2492 rationes
1199 2464 1333 2492 currunt
1347 2461 1516 2492 secundam
1533 2460 1728 2491 voluntatem
1740 2460 1819 2491 tole-

1048 2517 1189 2553 rantem,
1208 2524 1280 2555 quae
1303 2515 1364 2545 Deo
1379 2524 1411 2545 se
1426 2515 1618 2551 conformat,
1638 2523 1710 2544 cum
1726 2514 1820 2544 etiam

1047 2568 1137 2599 liceat
1154 2568 1272 2608 aliquid
1292 2560 1545 2599 sibi'desiderare
1556 2591 1564 2604 ‚
1586 2567 1670 2606 quod
1691 2568 1722 2597 et
1738 2566 1820 2597 Deus

1048 2621 1141 2653 vellet
1155 2621 1256 2660 ipsam
1271 2621 1388 2652 habere
1400 2644 1408 2656 ,
1422 2621 1577 2660 qnantum
1594 2619 1624 2649 in
1642 2628 1674 2649 se
1689 2621 1744 2650 est.
1761 2618 1817 2650 Se-

1047 2703 1158 2732 '1¹araut.‚
1176 2702 1206 2725 tv
1226 2703 1303 2731 Sent„
1325 2701 1379 2724 dist.
1397 2705 1440 2730 xx,
1456 2707 1480 2730 q.
1498 2705 1533 2722 xi.
1557 2712 1580 2715 —
1602 2699 1609 2712 ³
1630 2698 1726 2729 Ambr„
1746 2705 1818 2729 super·

1048 2737 1114 2760 Psal.
1132 2742 1211 2761 xxxv,
