1991 3006
75 1672 168 1693 Fundam
173 1686 178 1692 .

195 154 253 182 0214

194 218 331 249 cendum
345 218 429 258 quod
444 218 520 248 illud
534 221 601 249 erat
613 222 806 259 praeceptum
824 221 964 249 at'lirma-

194 272 294 303 tivum
306 284 313 309 ;
330 275 360 302 et
375 272 443 302 ideo
459 281 523 302 nou
537 272 699 311 obligabat
711 273 749 303 ad
763 282 897 312 semper,
911 274 963 304 sed

194 334 252 364 pro
272 325 339 355 loco
361 327 392 354 et
413 327 555 364 tempore
570 336 576 356 :
593 328 624 356 et
640 326 709 356 ideo
732 335 795 356 non
811 326 961 364 peccavit.

193 378 269 417 quia
283 378 425 408 nondum
441 381 598 409 senuerat.

234 433 261 460 4.
289 430 337 460 Ad
361 431 438 461 illud
464 431 548 469 quod
572 431 720 469 objicitur
750 431 787 461 de
823 432 964 462 libertate

194 492 375 521 consensus,
386 483 553 514 dicendum
569 484 666 523 quod,
677 484 755 514 sicut
772 487 963 523 praeceptum

193 545 256 566 non
285 537 388 566 aufert
416 540 539 567 motum
570 537 731 567 charitatis
745 561 752 575 ,
777 537 831 576 qui
862 540 965 567 motus

193 589 332 619 maxime
358 589 517 628 gratuitus
532 592 562 620 et
585 590 722 620 liberalsss
744 593 801 627 vst,
831 591 875 620 sic
900 599 964 620 non

193 642 297 672 aufert
321 642 498 673 libertatem
527 652 714 680 consensus,
733 652 790 672 nec
819 643 962 674 dirimit:

193 695 274 732 ideo,
290 695 437 734 quamvis
456 695 610 726 Dominus
637 696 818 735 praeciperet
830 699 966 726 contrac-

193 748 311 778 tionem
322 749 515 779 matrimonii
527 758 599 779 cum
609 749 724 789 aliqua,
738 752 843 779 tamen
852 752 962 780 utrum

193 810 265 831 cum
284 801 343 831 hac
358 802 428 840 quis
443 802 652 839 contraheret,
671 802 720 832 vel
738 812 810 832 (enin
827 803 896 840 alia7
915 812 961 833 rc-

192 854 284 894 liquit
299 855 332 884 in
348 854 589 885 11111111111111111111ι
605 856 828 885 coutralwnlis.

433 976 674 1009 ARTICULUS
699 976 739 1008 II.

232 1070 477 1109 Consequenter,
493 1072 649 1109 quantum
665 1070 703 1101 ad
718 1070 891 1101 secundum
912 1079 964 1100 ar-

191 1124 333 1161 ticulum,
345 1123 501 1162 quaeritur
510 1123 547 1154 de
563 1123 755 1153 matrimonii
766 1123 962 1162 integritate,

191 1179 221 1207 et
235 1177 317 1207 circa
329 1176 389 1207 hoc
404 1179 594 1216 quaeruntur
617 1177 678 1207 tria
694 1188 700 1207 :
719 1178 822 1216 primo
843 1178 962 1216 quaeri-

191 1233 244 1261 tur
259 1231 296 1262 de
311 1231 493 1270 integritate
512 1234 668 1270 quantum
695 1232 732 1261 ad
753 1232 963 1270 significatio-

192 1293 265 1314 nem
275 1295 282 1321 ;
314 1284 462 1321 secundo,
479 1287 637 1323 quantum
665 1284 703 1314 ad
732 1284 961 1321 causalitatem·,

193 1337 296 1375 tertio,
316 1339 471 1376 quantum
487 1337 524 1367 ad
541 1340 723 1376 utrumque.

465 1453 643 1491 QUAESTIO
667 1454 689 1483 I.

254 1535 301 1561 An
320 1536 349 1561 in
369 1535 538 1562 matrimonio
557 1537 636 1561 nutus
655 1536 709 1561 sinc
727 1535 847 1567 signum,
868 1535 907 1561 vel

495 1579 630 1611 siynatum
650 1581 667 1604 '.

236 1658 316 1695 Quid
343 1657 381 1687 sit
410 1657 442 1687 in
473 1659 670 1687 sacramento
701 1657 893 1687 matrimonii
923 1657 963 1686 si-

197 1720 311 1750 gnum,
327 1713 358 1741 et
372 1711 449 1750 quid
466 1711 639 1749 signatum,
652 1712 768 1739 etcum
786 1710 916 1748 signum
934 1710 965 1740 in

194 1764 396 1795 sacramentis
404 1764 441 1794 sit
455 1764 658 1800 elementum,
667 1763 744 1793 sicut
754 1763 827 1793 dicit
840 1763 933 1802 Ilugo
942 1766 964 1801 ²,

194 1818 269 1858 quia
284 1819 518 1847 sacramentum
533 1819 579 1847 est
595 1816 787 1846 elementum
804 1826 843 1846 ex
859 1816 966 1846 simili-

194 1871 302 1901 tudine
319 1872 549 1909 repraesentans·
560 1880 567 1907 3
580 1872 609 1899 el
622 1878 696 1899 cun]
717 1869 770 1899 hic.
785 1869 913 1899 nullum
928 1869 967 1899 sit

194 1924 401 1960 elementum,
416 1924 543 1954 videtur
557 1923 641 1962 quod
662 1923 712 1953 liic
727 1923 851 1952 nullum
866 1922 904 1952 sit
920 1932 968 1952 sa-

194 1979 393 2007 cramentum
414 1988 420 2007 z
446 1979 477 2007 et
504 1977 530 2006 si
563 1976 688 2006 nullum
717 1979 965 2013 sacramentum,

195 2039 260 2060 non
288 2029 414 2060 videtur
437 2029 552 2059 hebere
576 2029 840 2065 sig-11ificalionem
868 2038 968 2059 saera-

195 2082 305 2113 menti.
323 2080 355 2112 Si
370 2086 405 2112 tu
418 2082 503 2112 dicas
518 2082 602 2121 quod
616 2082 666 2111 vir
686 2084 717 2111 et
739 2081 853 2111 mulier
869 2091 900 2110 se
915 2081 968 2111 ha-

195 2135 269 2165 hent
284 2135 317 2164 in
333 2135 453 2165 ratione
468 2135 613 2165 elementi
624 2145 631 2172 ;
642 2136 751 2164 contra
764 2145 770 2164 2
787 2134 896 2164 Differt
910 2136 968 2164 ele.-

195 2190 341 2218 mentum
356 2188 396 2218 ab
411 2197 458 2226 eo,
475 2189 531 2227 qui
553 2188 685 2227 suscipit
705 2189 939 2217 sacramentum
959 2199 964 2218 :

196 2249 275 2280 ergo
297 2241 322 2271 si
339 2241 399 2271 viri
413 2243 443 2271 et
462 2241 604 2271 mulieris
620 2243 663 2271 est
681 2243 915 2270 sacramentum
935 2240 968 2270 il-

196 2293 251 2323 lud
266 2295 301 2323 ut
315 2294 551 2334 susceptivum.
570 2303 634 2324 uon
658 2303 736 2331 ergo
760 2296 794 2323 ut
818 2294 968 2331 figurati-

197 2355 286 2376 vum.

238 2398 315 2429 Item
343 2399 423 2429 sicut
440 2400 472 2429 in
502 2408 584 2429 nova
607 2399 680 2438 Iege
703 2399 968 2439 appropinquavit

198 2452 326 2488 vei·ita.<‚
342 2452 385 2482 ita
402 2461 493 2483 novae
509 2452 592 2491 legis
609 2454 757 2492 tempore,
775 2453 889 2483 scilicet
909 2462 966 2484 ve-

198 2505 310 2543 ritatis,
323 2504 501 2535 debuerunt
516 2506 608 2543 signa
621 2508 890 2536 sacramentorum
904 2506 968 2537 evi-

229 2586 237 2602 ¹
251 2586 292 2615 Cf.
312 2586 400 2616 Steph.
416 2586 519 2617 Brulet„
539 2588 568 2611 lV
589 2588 667 2617 Sent.2
684 2587 741 2611 dist.
759 2593 830 2618 xxvi,
846 2595 870 2618 q.
889 2594 920 2612 iv.
937 2601 966 2606 —

198 2621 205 2634 ²
217 2621 292 2651 Hug„
304 2621 348 2645 lib.
363 2622 380 2652 l,
392 2629 417 2652 p.
432 2622 462 2652 11,
475 2629 497 2645 c.
515 2628 543 2646 11.
558 2636 579 2639 -
596 2622 716 2653 3ΕρΙιο,1,,
733 2629 757 2652 v,
771 2624 810 2646 32.

761 152 1068 184 SlzN'u-:NTIARUM
1092 154 1163 184 LIB.
1194 154 1240 183 lv.

1023 223 1128 251 (tentia
1143 230 1227 252 esse:
1243 231 1317 252 cum
1333 231 1412 261 ergo
1426 223 1476 254 vir
1495 226 1527 254 et
1543 225 1659 256 mulier
1672 224 1791 256 fuerint

1022 284 1146 313 semper
1166 275 1297 304 materia
1315 275 1413 314 hujus
1436 277 1641 316 sacramenti,
1664 278 1790 310 videtur

1021 328 1106 367 quod
1129 328 1162 358 in
1183 337 1267 358 nova
1286 329 1359 368 loge
1376 338 1439 360 non
1457 332 1533 360 sunt
1553 331 1699 369 materia,
1723 332 1791 363 sive

1021 383 1225 413 clementum.
1241 384 1273 414 Si
1291 384 1375 414 dicas
1389 385 1473 424 quod
1485 386 1637 424 verbum,
1653 395 1718 426 quo
1734 395 1790 417 ex-

1021 436 1170 475 primitur
1192 445 1374 474 conscnsuS,
1392 440 1439 468 est
1458 438 1666 476 elementum3
1682 441 1791 471 contra

1022 489 1080 520 hoc
1093 492 1149 527 est,
1163 489 1247 529 quod
1262 489 1341 520 illud
1355 499 1480 530 semper
1491 491 1550 521 fuit
1560 494 1787 531 opportunum.

1021 542 1053 573 Si
1069 543 1152 573 dicas
1167 544 1252 582 quod
1269 543 1374 574 addita
1389 546 1436 574 est
1452 543 1626 575 benedictio
1640 544 1751 575 annuli
1760 547 1792 575 et

1021 595 1218 633 nuptiarum,
1236 594 1294 625 hoc
1315 594 1394 624 nihil
1409 597 1464 632 est,
1477 595 1552 634 quia
1564 595 1634 626 haec
1642 604 1706 626 non
1716 598 1792 627 sunt

1020 646 1058 676 de
1073 647 1247 677 substantia
1262 648 1460 678 sacramenti.

1062 703 1090 729 1.
1109 700 1185 730 item
1208 709 1317 740 quaero
1334 701 1408 740 quid
1431 702 1471 731 sit
1493 701 1659 740 signatum
1673 701 1708 731 in
1730 701 1791 733 hoc

1020 755 1234 789 sacrament03
1259 755 1289 782 et
1312 753 1438 784 videtur
1465 754 1634 793 Apostolus
1661 754 1788 786 dicere:

1021 806 1206 845 Conjunctio
1220 806 1333 836 Christi
1349 810 1379 837 et
1394 807 1617 845 Ecclesiae‚ubi
1630 808 1710 839 ait³z
1723 809 1790 840 Hoc

1021 862 1252 890 sacramentam
1267 868 1419 899 marsnam
1434 864 1480 892 esc
1497 870 1508 891 .·
1526 868 1582 901 eqo
1597 864 1704 893 autem
1717 861 1790 893 dico

1023 913 1057 943 ἱη
1075 912 1197 944 Christo
1212 915 1240 944 et
1256 913 1411 944 Ecclesia.

1061 967 1090 995 ⁵2.
1117 964 1207 1003 Item,
1223 965 1247 995 si
1261 966 1358 996 homo
1373 975 1438 996 non
1452 968 1628 1005 peccasset,
1646 966 1789 999 Christus

1022 1019 1203 1048 incarnatus
1218 1028 1282 1049 non
1298 1022 1376 1049 esset
1393 1020 1568 1050 secundum
1588 1020 1788 1052 communio-

1021 1081 1087 1102 rem
1104 1074 1135 1101 et
1150 1072 1391 1110 probabiliorem
1407 1073 1605 1112 opinionem,
1622 1075 1653 1103 et
1673 1073 1790 1105 nihilo-

1022 1124 1128 1154 minus
1141 1134 1295 1163 magnum
1309 1125 1417 1155 suisset
1432 1128 1666 1156 sacramentum
1683 1135 1691 1156 :
1712 1135 1792 1167 ergo

1022 1186 1084 1207 non
1099 1180 1224 1207 tantum
1247 1179 1428 1217 conjunctio
1454 1178 1567 1209 Christi
1589 1181 1620 1209 et
1646 1179 1792 1211 Ecclesiae

1022 1233 1067 1260 est
1082 1230 1257 1269 signatum.

1062 1286 1090 1312 3.
1117 1283 1204 1319 item,
1230 1284 1255 1313 si
1284 1284 1391 1322 signat
1415 1285 1674 1324 conjunctionem
1692 1285 1794 1316 fidelis

1022 1336 1136 1366 animae
1152 1345 1224 1366 cum
1239 1336 1313 1375 Deo,
1329 1337 1383 1367 sed
1405 1338 1473 1368 haec
1494 1338 1678 1377 separabilis
1696 1340 1728 1369 et
1742 1347 1792 1370 so-

1022 1390 1128 1420 lubilis
1142 1392 1189 1420 est
1201 1400 1208 1420 :
1225 1400 1305 1429 ergo
1316 1393 1347 1421 et
1358 1391 1610 1422 matrimonium.
1628 1391 1662 1423 Si
1673 1394 1794 1423 utrum-

1022 1452 1094 1482 que,
1112 1445 1186 1473 tunc
1201 1452 1280 1482 ergo
1298 1453 1371 1474 cum
1387 1444 1505 1484 duplex
1527 1445 1567 1475 sit
1589 1445 1771 1485 conjunctio
1782 1469 1791 1484 ‚

1022 1498 1051 1526 et
1068 1505 1131 1526 una
1147 1497 1213 1527 sine
1230 1497 1302 1534 alia,
1317 1497 1444 1528 videtur
1458 1506 1538 1536 ergo
1553 1498 1636 1537 quod
1655 1497 1733 1529 illud
1745 1507 1794 1529 sa-

1022 1552 1219 1580 cramentum
1234 1560 1298 1581 non
1313 1550 1353 1581 sit
1366 1560 1482 1589 unum,
1499 1551 1551 1581 sed
1568 1551 1671 1590 plura.

1062 1605 1091 1632 4.
1119 1602 1208 1640 Item,
1224 1612 1296 1633 cum
1313 1603 1345 1632 in
1358 1603 1427 1633 aliis
1452 1603 1659 1634 sacramentis
1672 1603 1712 1633 sit
1735 1604 1792 1634 ali-

1022 1655 1097 1694 quid
1112 1655 1195 1694 quod
1210 1658 1255 1686 est
1270 1665 1320 1686 res
1340 1658 1466 1686 tantum
1479 1680 1488 1693 ,
1504 1656 1624 1696 aliquid
1647 1657 1732 1696 quod
1746 1659 1794 1687 est

1022 1709 1046 1738 si
1052 1718 1155 1747 gnum
1169 1711 1305 1747 tantuin,
1317 1709 1437 1748 aliquid
1447 1710 1530 1748 quod
1543 1719 1594 1740 res
1603 1712 1634 1741 et
1647 1711 1791 1750 signum,

1023 1771 1132 1801 quaero
1141 1765 1250 1792 utrum
1265 1762 1341 1793 illud
1352 1763 1392 1792 sit
1405 1763 1437 1792 in
1448 1763 1506 1793 hoc
1517 1774 1524 1800 ;
1534 1765 1565 1793 et
1576 1763 1601 1793 si
1614 1765 1672 1802 est,
1683 1773 1794 1804 quaero

1022 1815 1097 1854 quid
1108 1815 1142 1844 sil
1161 1815 1248 1845 illud.
1267 1814 1298 1845 Si
1313 1815 1399 1846 dicas
1414 1815 1499 1855 quod
1516 1824 1689 1847 consensus
1703 1819 1794 1848 exte-

1023 1868 1088 1898 rior
1098 1870 1145 1898 est
1164 1868 1293 1907 signum
1311 1870 1435 1899 tantum
1447 1892 1456 1906 ,
1473 1868 1603 1899 interior
1625 1878 1676 1900 res
1699 1873 1731 1901 et
1751 1870 1793 1901 si-

1022 1930 1136 1959 gnum,
1159 1921 1235 1951 unio
1250 1920 1363 1951 Christi
1378 1923 1408 1951 et
1422 1920 1566 1951 Ecclesiae
1582 1930 1631 1951 res
1647 1923 1792 1961 tantum3

1022 1974 1186 2013 objicitur,
1208 1974 1284 2013 quia
1306 1975 1387 2004 sicut
1407 1974 1597 2005 ordinantur
1618 1975 1794 2007 secundum

1023 2027 1239 2057 causalitatem
1253 2051 1262 2065 ,
1278 2027 1322 2057 sic
1350 2028 1539 2058 ordinantur
1554 2028 1732 2059 secundum
1748 2030 1794 2060 si-

1022 2081 1278 2119 gnificationem3
1307 2090 1384 2121 ergo
1420 2081 1446 2110 si
1481 2081 1622 2120 primum
1654 2090 1718 2112 non
1748 2084 1795 2113 est

1023 2143 1117 2164 causa
1131 2134 1278 2170 secundi,
1305 2134 1359 2164 sed
1379 2133 1485 2173 magis
1502 2143 1519 2164 e
1539 2143 1712 2172 converso,
1736 2143 1791 2174 pa-

1023 2190 1076 2224 tet,
1092 2189 1149 2217 etc.

1295 2268 1518 2300 CONCLUSIO.

1023 2347 1194 2373 Matrimonii
1208 2347 1313 2380 siynum
1328 2349 1363 2373 est
1377 2347 1485 2374 verbum
1502 2346 1544 2373 vel
1558 2348 1638 2374 nutus
1653 2347 1792 2381 aplicans

1058 2398 1208 2418 consensum
1220 2399 1228 2417 .·
1240 2393 1263 2418 et
1277 2399 1338 2418 cum
1351 2392 1387 2418 sit
1399 2391 1511 2426 quodam
1524 2390 1598 2417 modo
1613 2390 1646 2417 ab
1661 2391 1793 2418 instinctu

1056 2437 1174 2467 natium,
1195 2443 1247 2462 non
1263 2435 1340 2462 habet
1359 2435 1406 2462 hoc
1424 2437 1618 2462 sacramentum
1639 2435 1792 2463 elementum

1058 2481 1136 2506 extra
1149 2480 1281 2506 sensibile.

1062 2559 1152 2598 Resp.
1176 2558 1215 2588 ad
1238 2567 1308 2597 arg.
1333 2557 1516 2595 Dicendum,
1542 2558 1639 2597 quod,
1655 2558 1736 2589 sicut
1757 2559 1792 2591 in

1021 2613 1089 2644 aliis
1115 2611 1318 2642 sacramentis
1341 2610 1459 2650 aliquid
1484 2613 1530 2641 est
1553 2611 1638 2650 quod
1666 2614 1713 2643 est
1741 2620 1791 2643 res

1807 715 1912 743 Explicat.

1982 2747 1991 3006 ——-—-.---
1988 2703 1991 2717 -
1987 2482 1991 2661 ——.--⁴
