1991 3006
244 220 301 249 562

241 285 512 327 supercoelestium
532 291 596 313 non
616 279 816 317 terminabit;
842 281 871 310 et
889 278 914 308 si
935 278 1008 316 hoc,

241 350 321 380 ergo
335 347 459 379 semper
472 336 696 368 movebuntur.

509 451 732 485 CONCLUSIO.

237 539 355 574 Corpora
374 537 490 565 coelestia
507 536 567 570 post
583 534 719 568 judicium
734 533 880 566 quiescent,
897 533 920 558 et
935 532 964 557 in
979 538 1006 557 eo

346 582 456 614 ordine,
474 582 502 607 z'n
516 587 566 614 quo
580 582 670 605 creata
690 579 766 608 siml,
782 576 897 603 stabunt.

275 662 366 702 nesp.
383 661 421 692 ad
437 670 507 699 arg.
530 658 702 690 Dicendum
719 656 800 696 quod
812 680 819 694 ,
835 655 917 685 sieut
930 654 1005 684 dicit

236 717 390 752 isidorus,
415 717 444 745 et
466 714 599 744 liabetur
617 712 650 742 in
671 711 792 747 littera,
814 708 860 739 sol
879 711 907 738 et
927 707 1003 738 luna

232 772 301 810 post
317 769 472 809 judicium
493 776 557 797 non
574 766 702 795 tendent
716 764 753 794 ad
769 771 932 799 occasum,
948 762 1001 792 sed

230 824 358 854 stabunt
368 822 401 852 in
417 821 527 851 ordine
542 828 611 855 suo,
629 819 661 848 in
676 826 738 856 quo
749 815 842 846 creati
854 817 938 845 sunt.
954 814 1001 844 Ad

229 875 473 915 intelligentiam
488 876 596 903 autem
606 872 814 909 objectorum,
825 868 999 899 notandum

228 930 313 970 quod
329 930 361 960 in
382 931 472 959 motu
490 929 536 957 est
559 925 717 965 duplicem
738 924 835 953 finem
854 921 999 952 conside-

228 992 313 1021 rare,
331 983 447 1013 seilicet
461 982 558 1011 finem
574 979 671 1014 intra,
688 979 718 1007 et
732 977 790 1006 iste
805 975 920 1005 dicitur
934 976 997 1004 ter-

227 1038 351 1074 minus,
369 1036 435 1067 sive
454 1032 701 1068 eonsummati03
726 1033 756 1061 et
777 1031 873 1059 finem
894 1030 996 1066 extra,

225 1094 256 1122 et
280 1091 337 1121 iste
357 1092 404 1120 est
423 1088 583 1119 terminus
605 1084 809 1116 intentionis:
836 1085 881 1119 ut,
908 1082 996 1112 verbi

224 1144 342 1182 gratia,
359 1151 432 1173 eum
452 1141 530 1181 lupis
545 1140 713 1170 desursum
733 1136 772 1166 ad
794 1138 910 1166 terram
926 1135 993 1165 des-

224 1197 341 1234 cendit,
362 1196 451 1226 locus
470 1197 564 1225 terrae
579 1194 625 1223 est
640 1191 727 1228 finis,
744 1189 800 1230 qui
817 1191 863 1219 est
884 1189 993 1218 termi-

224 1260 285 1281 nus
298 1249 491 1280 intentionis.
508 1248 579 1278 Dico
595 1254 675 1284 ergo
686 1243 770 1283 quod
785 1243 914 1282 quidam
930 1251 995 1272 mo-

223 1307 273 1334 tus
289 1305 379 1339 sunt,
400 1302 454 1341 qui
474 1300 662 1331 naturaliter
683 1298 798 1327 habent
822 1298 994 1335 utrumque

222 1357 331 1391 finem,
354 1358 389 1386 ut
413 1357 488 1385 sunt
512 1356 617 1383 motus
644 1351 737 1387 recti3
764 1349 893 1389 quitiam
917 1358 993 1380 vero

222 1413 327 1441 motus
347 1411 438 1445 sunt,
454 1408 508 1448 qui
528 1406 645 1437 liabent
665 1405 799 1435 alterum
822 1413 877 1443 per
898 1406 990 1434 natu-

220 1473 306 1500 ram,
336 1466 373 1493 ut
398 1464 475 1502 puta
502 1462 600 1491 finem
628 1458 827 1494 intentioniS,
857 1457 992 1488 alterum

219 1526 295 1548 vero
316 1517 433 1546 babent
452 1515 553 1545 solum
582 1514 703 1544 ratione
725 1512 823 1551 ipsius
847 1510 992 1550 principii

220 1570 394 1606 moventis,
425 1571 461 1599 ut
493 1570 539 1598 est
566 1568 672 1597 motus
702 1564 865 1595 circularis
894 1564 992 1603 ipsius

218 1626 308 1660 rotae,
326 1632 399 1663 quae
413 1622 554 1652 volvitur
568 1620 607 1650 ad
617 1618 797 1649 acuendum
813 1617 987 1647 cultellum.

218 1677 307 1714 Quod
320 1677 405 1707 enim
419 1677 487 1705 rota
498 1673 638 1713 quiescat
651 1671 753 1708 mods),
770 1671 817 1701 vel
831 1673 908 1710 post,
925 1679 989 1700 non

217 1733 263 1761 est
279 1730 538 1765 determinatum,
557 1727 631 1766 quia
650 1734 775 1764 semper
796 1726 897 1764 posset
919 1734 986 1754 mo-

218 1784 305 1821 veri,
330 1784 354 1813 si
377 1785 457 1813 esset
477 1781 531 1820 qui
550 1782 652 1820 posset
673 1781 703 1809 et
722 1778 813 1808 vellet
829 1786 957 1807 movere
979 1787 986 1807 :

216 1837 269 1868 sed
289 1837 414 1876 quando
430 1834 573 1865 cultellus
588 1834 687 1863 faetus
702 1835 747 1862 est
765 1833 893 1868 acutus,
914 1840 987 1860 cum

217 1894 319 1921 motus
342 1889 392 1920 ille
411 1889 610 1919 ordinaretur
631 1886 670 1915 ad
692 1885 767 1922 hoc,
790 1893 915 1914 necesse
930 1884 988 1914 suit

215 1944 365 1983 quietari,
387 1942 437 1972 vel
460 1941 578 1971 frustra
599 1939 678 1969 fieri.
703 1938 858 1975 Quoniam
886 1938 988 1976 igitur

215 1999 320 2026 motus
343 2003 511 2034 corporum
531 1991 802 2032 supercoelestium
823 1990 988 2021 ordinatur

215 2050 253 2080 ad
285 2048 508 2088 complendum
537 2054 709 2076 numerum
737 2044 927 2081 electorum,
957 2045 987 2073 et

215 2102 305 2132 illum
326 2110 451 2132 necesse
470 2102 515 2130 est
535 2097 704 2137 compleri3
729 2097 797 2127 ideo
818 2098 849 2126 et
864 2098 986 2126 motum

215 2154 389 2192 terminari,
407 2152 556 2193 quamvis
571 2160 626 2190 per
640 2153 787 2181 natm'am
796 2158 861 2179 non
871 2149 986 2180 habeat

214 2209 386 2239 terminum
403 2208 483 2237 intra
497 2215 540 2236 se.

256 2264 284 2292 1.
301 2262 348 2291 Ad
364 2260 440 2290 illud
458 2259 542 2298 quod
557 2258 718 2297 objicitur,
736 2257 819 2296 quod
835 2266 984 2287 remune-

214 2317 327 2345 rantur
346 2314 379 2343 in
392 2313 475 2347 luce,
498 2320 575 2350 ergo
597 2310 711 2340 debent
733 2310 931 2340 remunerari
951 2309 983 2339 in

215 2371 322 2404 motu;
340 2366 506 2397 dicen-{ium
523 2364 606 2404 quod
625 2373 688 2394 uon
709 2366 754 2394 est
769 2363 890 2399 simile,
908 2363 983 2402 quia

213 2421 403 2460 obsequium
422 2420 526 2448 motus
541 2426 604 2447 non
622 2417 665 2446 ita
681 2417 828 2456 competit
842 2416 981 2456 eorpori-

213 2475 271 2506 bus
287 2474 466 2508 beatorum,
484 2471 565 2500 sicut
578 2470 763 2508 obsequium
780 2469 918 2499 luminis.

252 2529 281 2558 2.
298 2526 346 2557 Ad
360 2525 438 2556 illud
456 2524 539 2564 quod
561 2523 718 2562 objicitur,
741 2523 824 2562 quod
838 2523 980 2562 aptitudo

245 2630 251 2644 ¹
278 2628 317 2657 Cs'.
342 2628 368 2650 S.
391 2625 492 2652 Tliom.v
519 2624 543 2645 ιή
567 2620 653 2652 suppl.
675 2628 698 2651 p.
717 2621 758 2650 iii,
781 2627 806 2650 q.
821 2626 873 2650 xcx,
889 2621 935 2643 art.
951 2621 978 2649 4;

212 2666 237 2687 et
259 2663 289 2687 lV
314 2662 393 2691 Sem„
412 2660 469 2683 dist.
492 2664 587 2687 vaui,
608 2664 632 2687 q.
656 2662 689 2685 ιι,
708 2658 755 2680 art.
776 2657 804 2685 4;
826 2655 978 2685 Richardus,

213 2699 243 2723 {V
258 2698 324 2722 Sent.
341 2697 399 2721 dist.
412 2701 492 2719 vaui
507 2695 553 2717 art.
570 2695 594 2723 2,
606 2700 629 2722 q.
646 2698 666 2721 1;
683 2691 830 2715 Franciscus
842 2691 872 2714 de
886 2692 977 2721 Mayn,

801 211 1107 242 SENTENTtARUM
1134 212 1203 243 MR.
1230 213 1278 243 lv.

1065 279 1218 309 naturalis
1243 281 1290 309 est
1316 280 1522 319 perficienda,
1553 280 1721 312 dicendum
1749 283 1834 322 quod

1066 341 1179 363 verum
1196 334 1243 363 est
1258 332 1296 362 de
1311 332 1486 372 aptitudine
1500 334 1639 365 naturali
1649 344 1722 374 quae
1734 337 1782 366 est
1794 336 1834 367 ad

1064 388 1169 416 actum
1192 386 1408 425 perfectionis;
1431 386 1484 417 sed
1505 396 1578 427 quae
1601 390 1647 419 est
1664 388 1704 419 ad
1724 391 1830 420 actum

1064 438 1320 478 imperfectionis,
1338 447 1413 469 non.

1103 494 1131 522 3.
1156 491 1205 522 Ad
1231 492 1308 522 iilud
1332 492 1417 532 quod
1442 493 1590 533 objicitur
1612 494 1651 525 de
1675 495 1829 527 assimila-

1060 545 1161 583 tione,
1179 545 1347 576 dicendum
1363 546 1446 585 quod
1467 556 1529 577 non
1543 547 1736 579 assimilatur
1748 549 1828 580 sim-

1060 598 1193 638 pliciter,
1210 599 1262 629 sed
1280 599 1312 629 in
1325 600 1502 630 causando:
1519 601 1550 631 et
1565 600 1634 632 ideo
1648 601 1687 632 ad
1702 604 1830 643 tempus

1059 653 1251 683 assimilatur
1265 654 1296 683 in
1311 653 1381 684 hoc.

1098 708 1127 736 4.
1142 706 1188 735 Ad
1204 706 1280 736 illud
1297 706 1380 745 quod
1394 706 1506 737 ultimo
1517 707 1677 747 objicitur,
1689 708 1773 748 quod
1783 711 1830 740 est

1058 759 1244 789 naturaliter
1272 760 1529 798 interminabilis,
1551 761 1720 792 dicendum
1741 762 1827 802 quod

1057 812 1116 842 hoc
1131 814 1177 842 est,
1194 812 1306 842 falsum
1320 835 1326 848 ,
1343 813 1417 852 quia
1432 813 1605 844 secundum
1621 814 1827 846 intentionem

1056 868 1191 904 natura),
1208 876 1279 906 quae
1295 869 1341 897 est
1354 867 1497 907 regulata
1511 868 1684 900 secundum
1698 869 1824 901 institu-

1054 919 1171 950 tionem
1192 920 1351 958 divinam,
1369 920 1580 951 terminabilis
1593 923 1654 958 est,
1675 921 1746 953 licet
1761 931 1826 953 non

1054 972 1093 1003 sit
1107 973 1317 1003 terminabilis
1333 974 1455 1004 ratione
1469 975 1613 1012 termini,
1633 975 1687 1014 qui
1702 975 1826 1016 respicit

1054 1026 1249 1057 conditiones
1264 1027 1390 1058 mobilis
1404 1029 1434 1057 et
1447 1027 1551 1067 spatii.

1309 1133 1488 1170 QUAESTIO
1513 1134 1564 1165 111.

1111 1215 1150 1239 Αη
1165 1214 1291 1240 elementa
1302 1216 1363 1248 post
1376 1214 1511 1248 judicium
1526 1215 1728 1242 innovabuntur
1738 1221 1758 1243 ¹.

1090 1292 1201 1323 Utrum
1229 1293 1469 1324 innovabuntur
1491 1294 1664 1332 elementa3
1685 1297 1716 1325 et
1737 1294 1818 1334 quod
1837 1308 1942 1331 funum,

1049 1346 1103 1384 sic,
1120 1346 1246 1377 videtur
1259 1350 1269 1366 ²
1286 1358 1292 1377 :
1309 1347 1450 1379 Proeterz't
1461 1347 1567 1388 fiqura
1577 1348 1674 1387 hujus
1685 1347 1819 1380 mundi:

1049 1402 1104 1430 aut
1119 1400 1219 1439 igitur
1229 1400 1262 1430 in
1277 1400 1367 1436 nihil,
1384 1403 1439 1431 aut
1455 1401 1488 1431 in
1503 1401 1629 1439 melius,
1646 1404 1701 1432 aut
1715 1402 1748 1432 in
1764 1411 1819 1441 pe-

1045 1454 1098 1493 jus
1116 1464 1122 1484 :
1145 1454 1175 1484 in
1192 1454 1271 1484 nihil
1286 1463 1367 1491 non,
1385 1455 1459 1494 quia
1475 1454 1556 1485 Deus
1575 1455 1655 1486 nihil
1670 1456 1823 1495 permittit

1048 1508 1179 1539 omnino
1194 1509 1295 1548 perire
1310 1519 1316 1546 ;
1335 1519 1399 1539 non
1417 1509 1449 1539 in
1464 1511 1570 1549 pejus,
1587 1510 1663 1549 quia
1677 1510 1703 1540 si
1725 1509 1821 1540 homo

1049 1561 1242 1599 melioratur,
1260 1564 1289 1592 et
1303 1562 1442 1593 mundus
1457 1573 1463 1592 :
1479 1571 1557 1601 ergo
1572 1564 1604 1592 in
1619 1563 1744 1593 melius.
1759 1562 1820 1594 Sed

1046 1614 1130 1653 quod
1148 1615 1281 1645 senescit
1295 1617 1325 1645 et
1340 1615 1373 1645 in
1388 1615 1501 1645 melius
1514 1617 1667 1653 mutatur,
1684 1616 1817 1647 innova-

1046 1670 1098 1698 tur
1115 1679 1120 1698 :
1143 1677 1223 1707 ergo
1240 1669 1380 1699 muudus
1399 1669 1455 1699 iste
1479 1678 1486 1699 :
1503 1669 1555 1699 sed
1571 1669 1725 1700 elementa
1744 1672 1818 1700 sunt

1047 1723 1149 1760 partes
1164 1721 1294 1751 muudi:
1312 1730 1401 1760 ergo.
1419 1724 1476 1752 etc.

1086 1774 1162 1804 Item
1183 1775 1382 1813 Augustinus
1401 1776 1421 1812 ³,
1435 1775 1472 1806 de
1485 1775 1724 1808 Ecclesia-§licis
1734 1776 1816 1816 Doq-

1046 1829 1184 1860 mutibus
1195 1838 1205 1857 .·
1222 1840 1235 1856 «
1251 1828 1413 1859 Elementa
1428 1838 1493 1859 non
1505 1829 1639 1859 dicimus
1651 1828 1814 1866 abolenda,

1045 1883 1096 1913 sesi
1112 1883 1145 1912 in
1163 1882 1276 1912 melius
1290 1883 1523 1913 commutanda.
1538 1894 1552 1910 »

1086 1936 1160 1966 Item
1187 1936 1308 1966 ratione
1337 1936 1474 1973 videtur,
1501 1936 1575 1975 quia
1604 1938 1658 1966 aut
1682 1936 1814 1966 innova-

1044 1989 1165 2018 buntur
1179 1989 1287 2019 omnia
1299 2013 1308 2026 ‚
1323 1991 1379 2019 aut
1400 1989 1505 2027 nulla,
1521 1991 1576 2019 aut
1597 1989 1745 2029 quaedam
1762 2000 1769 2019 z
1787 1989 1814 2019 si

1043 2042 1170 2079 onmia,
1195 2042 1296 2073 habeo
1318 2043 1533 2082 propositum
1557 2043 1584 2073 si
1606 2042 1712 2080 nulla,
1736 2051 1814 2081 ergo

1043 2095 1213 2125 consistent
1241 2096 1272 2124 in
1305 2096 1454 2126 continua
1486 2096 1750 2127 transmutatione
1784 2098 1816 2126 et

1043 2148 1226 2187 impuritate
1242 2157 1339 2187 quam
1356 2151 1582 2179 contraxerunt
1598 2160 1604 2178 :
1622 2149 1676 2179 sed
1691 2149 1752 2179 hoc
1766 2150 1813 2179 est

1043 2201 1287 2238 inconveniens,
1314 2211 1387 2232 eum
1413 2202 1475 2232 sint
1498 2204 1625 2242 propter
1647 2201 1812 2232 hominem

1041 2254 1313 2294 incorruptibilem
1324 2279 1333 2292 ,
1361 2257 1392 2285 et
1422 2255 1552 2285 omnino
1581 2255 1750 2286 mundum.
1780 2253 1813 2285 Si

1041 2307 1188 2346 quaedam
1204 2307 1259 2345 sic,
1277 2310 1307 2338 et
1323 2308 1469 2347 quaedam
1486 2317 1562 2346 non,
1577 2317 1657 2347 ergo
1678 2308 1814 2339 solvitur

1040 2360 1206 2390 harmonia
1235 2361 1490 2399 elementorum3
1521 2370 1599 2401 ergo
1621 2364 1651 2392 et
1676 2361 1814 2401 pulchri-

1039 2414 1126 2451 tudo,
1143 2416 1173 2443 et
1185 2414 1278 2443 decor
1291 2414 1445 2445 universi.

1080 2466 1156 2497 Item
1173 2467 1258 2505 ignis
1281 2469 1325 2497 est
1343 2467 1624 2507 compietissimum
1639 2467 1811 2498 elemento-

1038 2529 1122 2556 rum,
1139 2519 1224 2549 unde
1239 2522 1270 2549 et
1292 2520 1410 2559 species
1432 2520 1664 2552 elementorum
1683 2520 1807 2551 dicitur.

1039 2583 1070 2606 JV
1088 2583 1165 2613 Seni„
1185 2582 1243 2606 dist.
1264 2589 1355 2614 xum,
1371 2590 1396 2614 q.
1411 2589 1436 2613 1;
1451 2583 1538 2613 Steph.
1566 2583 1667 2611 ssrulef..
1683 2583 1714 2607 iv
1730 2584 1810 2614 Seni„

1038 2619 1094 2642 dist.
1118 2623 1198 2642 vaui
1208 2636 1216 2648 ‚
1244 2625 1269 2648 q.
1296 2624 1332 2642 vn
1345 2627 1351 2649 3
1378 2619 1466 2643 Petrus
1486 2619 1517 2642 de
1541 2620 1652 2648 Turnat,
1675 2619 1706 2643 lV
1730 2619 1808 2648 Seni..

1037 2655 1094 2678 dist.
1111 2660 1201 2684 vaiu,
1215 2661 1243 2684 q.
1254 2659 1303 2678 1.—
1318 2655 1326 2668 ²
1339 2655 1346 2677 l
1361 2655 1428 2685 Cor„
1441 2661 1487 2685 vu,
1501 2656 1539 2679 31.
1552 2668 1583 2672 —
1593 2656 1602 2669 ³
1617 2656 1670 2678 lmo
1684 2654 1810 2685 Gennad„

1036 2690 1065 2713 ‹Ie
1080 2689 1224 2713 Ecclesiast.
1239 2689 1337 2720 Doqm„
1350 2696 1371 2714 c.
1386 2695 1446 2714 Lxx.
