1991 3006
249 211 307 241 324

248 278 339 316 pectu
356 276 455 315 hujus
471 285 478 306 :
496 277 527 306 et
541 274 610 305 ideo
626 283 698 304 cum
713 274 765 304 alii
780 275 1017 314 conjungatur,

248 338 322 359 vere
335 328 545 368 conjungitur
561 338 568 358 :
586 329 616 358 et
630 327 699 358 ideo
715 336 779 357 non
802 329 901 367 potest
916 327 1019 357 redire

247 383 286 413 ad
302 382 448 422 primam.
467 380 498 412 Si
512 382 618 411 autem
633 380 824 410 maleficium
847 379 923 410 illud
938 379 1018 409 suis-

248 439 293 466 set
310 436 353 465 ita
368 434 546 465 universale
564 434 615 472 (α),
634 436 667 464 ut
683 433 803 464 nullam
819 434 923 472 posset
941 441 1017 471 cog-

247 498 376 519 noscere
401 487 567 518 mulierem
581 511 588 524 ‚
604 489 681 518 tunc
705 487 730 516 si
751 486 865 516 rediret
883 486 1020 525 potentia

248 541 480 580 cognoscendi,
505 544 535 571 ct
556 540 672 572 vcllcut
692 540 794 570 redire
809 563 816 576 ‚
841 541 967 578 possent
990 541 1021 569 et

248 595 397 626 deberent
424 604 457 626 se
482 595 619 625 invicem
644 594 856 625 reconciliare.
874 592 932 623 Sed
948 593 1018 633 quis

248 651 350 687 potest
366 649 426 679 hoc
442 648 579 688 experiri
593 673 600 686 ‚
617 649 666 679 vel
681 649 756 679 dare
772 647 930 677 licentiam
945 655 1018 686 pro-

248 702 342 732 bandi
356 726 364 740 ,
381 711 455 732 cum
481 702 550 732 haec
572 704 602 732 ct
623 702 724 732 multa
743 702 865 741 majora
880 700 1020 740 quotidie

247 757 395 788 eveniant
407 759 438 787 et
452 756 639 795 contingant
650 757 664 785 ἱ)

554 863 622 885 DUB.
647 862 705 884 vu.

248 936 334 966 Neque
362 934 487 965 furiosus,
513 941 596 964 neque
624 934 718 957 furiosa
743 932 934 956 matrimonium
959 939 1020 956 con-

279 970 378 994 trahere
393 972 515 1000 possunt3
532 969 576 993 sed
594 969 614 993 si
632 970 791 993 contractum
808 968 899 998 fuerit,
914 974 965 996 uon
981 974 1020 991 se-

279 1009 408 1036 parentur.

287 1079 418 1110 Videtur
439 1079 599 1110 Fabianus
622 1079 674 1109 hic
698 1079 780 1109 male
803 1078 922 1114 «licere,
946 1077 1021 1116 quia

248 1133 273 1162 si
290 1142 353 1163 non
368 1135 565 1172 separamur,
585 1132 791 1168 contrahuut3
807 1134 838 1161 et
853 1131 877 1161 si
893 1133 1020 1161 coutra-

248 1186 341 1223 hunt,
359 1188 490 1226 possunt
507 1185 704 1215 contrahere.

289 1239 380 1279 Hesp.
414 1239 585 1269 Dicendum
615 1238 699 1277 quod
728 1237 866 1268 furiosus
891 1237 923 1266 in
950 1238 1021 1266 actu

248 1302 312 1323 non
328 1295 427 1332 potest
451 1292 635 1321 cmitraliere
662 1300 719 1321 nec
740 1291 777 1320 ‹le
797 1291 887 1329 jure,
911 1298 969 1319 nec
983 1289 1021 1319 de

248 1346 337 1375 facto.
356 1344 506 1375 Furiosus
522 1354 597 1375 vero
612 1344 645 1374 in
661 1344 771 1374 habitu
784 1353 850 1373 non
865 1345 967 1382 potest
982 1342 1020 1373 de

245 1400 317 1438 jure
343 1399 528 1429 contrahere
544 1422 552 1436 ,
569 1399 643 1438 quia
668 1397 789 1437 prolem
819 1397 916 1426 nescit
943 1396 1021 1426 edu-

249 1462 330 1483 care.
348 1452 407 1483 Sed
425 1461 547 1490 tamen,
565 1454 590 1481 si
607 1452 645 1481 sit
658 1460 744 1481 sauae
760 1451 875 1481 mentis
890 1450 921 1480 in
936 1453 1019 1488 actu,

248 1509 348 1546 potest
365 1507 402 1536 de
424 1507 504 1536 facto
525 1505 731 1541 contrahere3
749 1506 779 1534 et
794 1504 819 1533 si
835 1503 999 1533 contrahat
1012 1527 1020 1540 ‚

249 1561 445 1590 contractum
474 1561 531 1588 est.
555 1558 643 1588 Unde
667 1558 796 1596 negano
829 1557 933 1595 prima
959 1565 1022 1586 non

249 1612 352 1652 privat
373 1611 543 1651 potentiam
567 1611 765 1650 simpliciter⁷
788 1610 841 1640 sed
861 1610 964 1640 solum
984 1610 1022 1641 de

245 1667 344 1705 jiire3
366 1664 416 1695 vel
438 1665 463 1694 si
489 1664 595 1704 privat
620 1664 792 1704 potentiani
816 1663 1020 1703 simpliciter,

249 1721 324 1748 tunc
338 1718 530 1756 intelligitur
551 1717 589 1747 de
610 1717 693 1747 furia
708 1717 741 1746 in
758 1719 828 1747 actu
848 1727 854 1747 :
876 1719 906 1747 et
921 1716 964 1746 sic
979 1716 1024 1746 in-

251 1771 406 1810 telligitur
429 1772 566 1802 verbum
591 1770 750 1809 Magistri,
773 1772 803 1800 et
827 1770 963 1799 verbum
979 1778 1024 1799 se-

250 1834 349 1865 quens
374 1825 570 1855 adversative
586 1824 775 1862 intelligitur
794 1824 832 1853 (le
850 1823 975 1853 furiosis
991 1823 1024 1853 in

250 1878 381 1915 habitu,
407 1887 493 1908 sanae
515 1877 629 1908 mentis
648 1877 681 1907 in
704 1880 791 1915 actu,
815 1877 871 1916 qui
893 1878 1025 1916 possunt

250 1932 436 1962 contrahere
451 1932 561 1962 saltem
577 1931 616 1961 de
631 1931 721 1961 facto.

559 2033 625 2054 DUB.
650 2033 717 2053 VIII.

252 2097 303 2120 Nec
322 2096 434 2126 propriae
451 2095 524 2119 uxori
542 2096 601 2119 licet
617 2095 665 2118 sibi
684 2094 790 2118 reddere
806 2094 933 2124 debitum,
949 2100 1025 2124 quam

283 2132 330 2156 sibi
342 2132 451 2156 reddidit
467 2131 594 2160 illicitam,
608 2137 722 2154 sororem
735 2129 789 2160 ejus
804 2130 993 2160 cognoscendo.

293 2198 422 2229 Videtur
441 2198 523 2228 male
535 2198 654 2236 dicere,
671 2197 746 2237 quia
760 2206 824 2227 non
841 2199 942 2237 potest
955 2206 1026 2227 eam

249 2254 324 2292 jure
340 2262 398 2283 suo
411 2253 548 2292 privare.

294 2305 385 2345 Resp.
404 2305 489 2335 Istud
506 2314 566 2335 11011
582 2306 666 2334 tenet
681 2313 784 2342 nunc;
804 2304 857 2334 sed
870 2304 962 2334 debet
977 2304 1026 2334 in-

254 2358 352 2397 telligi
376 2358 468 2396 illud,
493 2359 568 2397 quia
588 2367 652 2388 non
676 2357 747 2387 licet
770 2358 796 2387 ei
818 2360 943 2397 petere,
969 2367 1027 2388 nec

252 2412 383 2442 reddere
406 2413 501 2441 etiam
527 2414 561 2441 ut
584 2411 753 2441 satisfaciat
776 2420 843 2441 suae
864 2411 1027 2450 concupis-

253 2466 376 2496 centiae.
393 2465 452 2495 Sed
466 2468 570 2494 tamen
590 2466 715 2494 tenetur
735 2464 880 2494 debitum
896 2464 1027 2494 reddere

252 2519 363 2557 uxori,
380 2527 421 2549 ex
435 2527 498 2557 quo
512 2520 671 2557 peccatum
685 2519 868 2556 supervenit
882 2519 954 2557 post
964 2526 1027 2547 ma-

287 2584 291 2596 ¹
309 2583 346 2612 ss.
367 2583 393 2606 S.
414 2581 514 2610 Tuom„
534 2580 559 2603 in
577 2579 663 2610 Suppl.
685 2586 709 2609 p.
732 2580 779 2608 ΙΙΙ,
797 2587 821 2610 q.
841 2586 872 2609 L,
891 2582 937 2604 art,
959 2582 984 2609 1;
1003 2582 1028 2603 et

253 2618 284 2641 lV
308 2618 387 2648 sent„
407 2617 465 2641 dist.
485 2621 577 2643 xxxrv,
597 2622 621 2645 q.
646 2620 664 2644 1,
687 2616 733 2638 art.
758 2618 784 2645 ῖς
806 2616 878 2638 (luill.
902 2615 1027 2645 Altisiod„

255 2653 284 2677 lV
302 2653 381 2684 Seni„
403 2654 475 2676 tract.
498 2658 573 2680 1x,c.
591 2656 641 2680 vu,
662 2658 687 2680 q.
711 2656 734 2679 1;
755 2651 883 2681 Rich-ard„
900 2652 929 2675 lv
948 2652 1026 2681 sent„

252 2688 308 2713 dist.
324 2695 445 2720 xxxmgq⁴
462 2694 485 2718 1;
501 2686 624 2716 Duraud„
642 2686 672 2710 lV
688 2686 767 2716 Sent„
782 2686 839 2711 dist.
854 2692 944 2717 xxxiv,
960 2693 985 2717 q.
1001 2691 1024 2717 13

809 206 1117 238 SENTENTIARUM
1142 207 1215 238 LlB.
1240 206 1290 238 lV.

1075 274 1266 305 trimonium
1273 274 1416 313 legitime
1425 276 1635 305 contractum:
1646 275 1845 315 undequam-

1076 327 1126 358 vis
1143 327 1384 357 matrimonium
1400 336 1462 357 non
1476 327 1627 358 claudicet
1639 330 1795 367 quantum
1805 328 1846 359 ad

1077 380 1244 410 vinculum
1261 405 1268 417 ‚
1284 383 1390 410 tamon
1405 383 1562 421 quantum
1577 380 1615 411 ad
1627 381 1767 411 debitum
1777 390 1812 411 re
1823 382 1846 411 l-

1078 433 1218 463 dendum
1234 433 1411 464 claustr-arc
1427 436 1526 474 potest
1540 458 1547 470 ,
1565 434 1645 464 sicut
1660 436 1743 473 patet
1757 434 1795 464 de
1809 443 1847 464 eo

1078 487 1133 526 qui
1153 487 1249 517 intrat
1265 487 1452 526 religionem
1463 487 1528 517 sine
1548 487 1673 517 licentia
1685 487 1805 524 uxoris,
1817 489 1848 518 et

1077 540 1193 570 emittit
1210 542 1319 571 votum
1335 540 1474 570 solemne
1491 549 1498 570 ε
1515 541 1559 570 sic
1575 541 1607 570 in
1622 540 1781 580 proposito
1795 540 1846 570 in-

1077 593 1197 632 tellige.
1216 592 1302 623 Unde
1320 593 1377 623 ista
1391 593 1529 631 des-reta,
1546 602 1617 634 quae
1636 593 1687 624 hic
1701 593 1845 633 allegan-

1077 648 1142 684 tur,
1160 646 1313 685 abrogata
1327 649 1411 677 sunt.

1394 741 1462 763 DUB.
1486 741 1529 762 lx.

1094 798 1166 826 Quod
1182 804 1228 828 pro
1243 797 1327 828 aliqua
1340 797 1499 828 infirmitate,
1515 798 1615 822 macula
1628 798 1767 834 corporali,
1783 800 1832 823 ete.

1116 859 1249 889 Videtur
1272 859 1355 890 male
1381 859 1484 890 dicere
1498 884 1505 897 ,
1522 861 1596 900 quia
1619 861 1725 900 magis
1748 862 1850 901 potest

1078 912 1226 943 sustineri
1254 913 1466 952 utplurimum
1492 913 1708 945 fornicationis
1731 914 1846 954 culpa,

1078 966 1110 995 in
1126 975 1189 1005 qua
1215 968 1315 1005 potest
1330 976 1398 996 esse
1418 976 1494 997 usus
1509 967 1670 1006 conjiigii,
1687 977 1782 1007 quam
1797 967 1851 998 illa

1078 1019 1264 1057 infirmitas,
1282 1019 1315 1049 iu
1331 1029 1395 1059 qua
1410 1029 1473 1050 non
1490 1022 1666 1060 potestesse
1684 1030 1760 1051 usus
1777 1029 1850 1052 con-

1075 1074 1157 1112 jugii
1175 1084 1181 1103 :
1203 1083 1284 1112 ergo
1300 1074 1325 1103 si
1342 1076 1470 1113 propter
1488 1073 1522 1113 ib]
1543 1074 1783 1105 fornicationem
1799 1074 1850 1105 di-

1078 1127 1233 1165 mittitur,
1253 1127 1378 1157 videtur
1393 1127 1476 1166 quod
1503 1130 1532 1157 ct
1553 1131 1680 1168 propter
1695 1128 1787 1159 talem
1804 1128 1851 1158 in-

1078 1180 1260 1210 firmitatem
1277 1181 1373 1220 possit
1388 1180 1516 1210 dimitti.

1119 1233 1210 1272 Resp.
1240 1234 1411 1263 Dicendum
1438 1233 1523 1273 quod
1544 1242 1607 1263 non
1632 1234 1668 1263 fit
1696 1235 1851 1274 separatio

1078 1288 1146 1326 post
1167 1287 1308 1325 conjugii
1332 1286 1656 1324 consummationem,
1673 1287 1732 1317 nisi
1748 1287 1803 1317 fiat
1818 1287 1851 1317 in

1078 1349 1204 1379 poenam
1229 1340 1357 1369 alterius
1382 1350 1388 1369 :
1414 1342 1444 1369 ct
1469 1340 1619 1379 quoniam
1647 1349 1740 1370 nemo
1763 1340 1851 1380 puni·

1078 1396 1131 1424 tur
1152 1394 1213 1423 nisi
1228 1403 1285 1433 pro
1306 1394 1417 1433 culpa,
1436 1395 1466 1423 ct
1489 1394 1616 1423 atssictio
1631 1394 1773 1425 addenda
1787 1404 1852 1425 non

1078 1449 1140 1483 est,
1165 1447 1240 1477 hinc
1262 1449 1307 1477 est
1331 1446 1415 1486 quod
1439 1456 1496 1486 pro
1517 1446 1744 1486 qualicumque
1759 1456 1852 1487 poena

1077 1501 1127 1532 vel
1137 1502 1321 1531 infirmitate
1336 1510 1401 1531 nou
1415 1504 1461 1531 est
1478 1510 1560 1531 uxor
1575 1501 1757 1540 rejicienda.

1287 1621 1581 1655 ARTICULUS
1618 1622 1640 1654 1.

1119 1716 1165 1746 Ad
1191 1715 1435 1754 intelligentiam
1463 1725 1575 1746 eorum
1594 1740 1602 1754 ‚
1623 1724 1695 1756 quae
1717 1716 1749 1747 iu
1770 1725 1853 1756 prae-

1080 1770 1160 1799 senti
1175 1768 1374 1799 distinctione
1392 1769 1662 1807 determinantur,
1678 1769 1853 1800 secundum

1079 1822 1139 1852 tria
1151 1846 1159 1858 ‚
1176 1832 1248 1861 quae
1273 1823 1305 1852 iu
1331 1832 1367 1853 ea
1383 1825 1581 1860 tanguntur⁷
1599 1822 1659 1852 tria
1675 1823 1854 1863 principali-

1082 1878 1128 1905 ter
1142 1878 1334 1915 quaeruntur
1351 1886 1358 1906 :
1376 1876 1479 1916 primo
1494 1875 1651 1915 quaeritur
1667 1876 1704 1906 de
1719 1876 1852 1916 impedi-

1082 1929 1196 1959 mentis
1218 1929 1414 1959 matrimonii
1436 1928 1469 1959 in
1488 1928 1650 1967 generali3
1668 1929 1807 1960 secundo
1821 1929 1854 1959 ln

1081 1982 1205 2022 speciali
1219 1982 1256 2013 de
1272 1982 1458 2022 impotentia
1471 1981 1621 2019 coeundi3
1639 1982 1732 2012 tertio
1746 1982 1784 2013 de
1798 1982 1854 2013 de-

1080 2036 1173 2073 fectu,
1184 2035 1239 2075 qui
1254 2036 1341 2065 venit
1359 2045 1399 2065 ex
1412 2038 1501 2074 parte
1516 2035 1605 2065 liberi
1621 2036 1755 2067 arbitrii.
1768 2036 1855 2067 Circa

1080 2089 1221 2128 primum
1236 2091 1426 2128 quaeruntur
1448 2089 1511 2118 (luo
1529 2099 1535 2118 :
1567 2089 1669 2128 primo
1698 2091 1855 2129 quaeritur

1080 2143 1190 2172 utrum
1204 2141 1442 2171 matrimonium
1454 2141 1566 2171 habeat
1578 2141 1852 2181 impedimentum;

1081 2195 1219 2226 secundo
1231 2219 1239 2233 ‚
1262 2195 1334 2225 dato
1350 2194 1436 2234 quod
1451 2194 1565 2224 haheat
1580 2194 1682 2234 plura,
1699 2196 1855 2235 quaeritur

1082 2248 1119 2279 de
1141 2257 1276 2279 numero
1295 2251 1324 2278 et
1339 2238 1852 2287 sufficientiaimpedimentorum.

1351 2345 1531 2382 QUAESTIO
1554 2346 1578 2376 I.

1153 2431 1195 2457 An
1207 2431 1409 2457 matrimonium
1423 2430 1521 2458 habeat
1531 2431 1751 2465 impedimentum
1762 2434 1781 2460 ¹.

1122 2514 1210 2552 Quod
1234 2514 1476 2545 matrimonium
1497 2523 1562 2546 non
1584 2515 1698 2547 habeat
1716 2517 1847 2557 impedi·
1871 2531 1903 2553 Ad
1920 2536 1972 2558 opp.

1081 2600 1171 2624 Thom.
1193 2601 1307 2630 Argent„
1329 2599 1360 2623 tv
1379 2599 1458 2626 SenL,
1479 2599 1535 2622 dist.
1557 2606 1646 2632 xxxiv,
1665 2608 1689 2632 q.
1709 2607 1731 2633 1,
1750 2604 1796 2626 art.
1820 2605 1850 2634 1;

1082 2636 1170 2659 Fraue.
1191 2636 1221 2658 de
1237 2636 1328 2666 Mayr„
1348 2635 1377 2658 tv
1395 2634 1472 2663 Sent„
1487 2633 1544 2658 dist.
1566 2642 1654 2665 xxxiv,
1670 2645 1694 2667 q.
1716 2640 1743 2668 13
1763 2638 1849 2668 Steph.

1115 2685 1147 2714 (a)
1164 2684 1225 2709 Coet.
1241 2683 1301 2709 edit.
1316 2682 1501 2708 universaliter.
1513 2696 1543 2701 -·
1559 2684 1589 2715 (b)
1605 2685 1667 2709 Item
1680 2693 1736 2718 per.
