1991 3006
108 2556 194 2577 Divisio.

835 185 1021 216 DISTINCT.
1046 186 1121 217 XXX
1128 210 1134 215 .
1720 193 1776 221 ⁵257

193 257 272 286 erat.
298 254 337 286 Et
360 254 434 287 licet
452 265 518 287 non
543 253 760 286 intercesserit
783 252 965 296 conjugalis
989 253 1197 294 concubitus,
1222 254 1378 297 conjuges
1405 259 1512 287 tamen
1542 266 1616 288 vere
1643 256 1777 289 fuerunt

194 315 320 352 mente,
336 323 402 344 non
417 322 533 353 carne,
552 310 635 342 sicut
650 315 680 343 et
695 314 846 354 parentes
864 322 870 342 ε
891 323 907 339 ))
924 311 1076 353 quamvis
1098 310 1290 343 Ambrosius
1314 311 1397 344 dicat
1419 312 1596 356 perfectum
1615 313 1687 346 fieri
1702 325 1778 346 con-

191 368 322 412 jugium
339 379 396 412 per
409 368 570 401 carnalem
587 368 750 411 copulam.
773 380 788 397 «
801 367 836 398 In
854 367 941 399 omni
955 393 962 407 ‚
979 367 1104 410 inquit¹
1123 395 1130 409 ,
1149 368 1357 401 matrimonio
1377 370 1562 413 conjunctio
1583 371 1778 414 intelligitur

195 425 391 469 spiritualis,
409 437 508 469 quam
523 425 696 457 confirmat
711 428 742 457 et
757 424 881 467 perficit
896 424 1145 467 conjunctorum
1162 425 1349 457 commixtio
1366 428 1551 469 corporalis.
1570 441 1585 459 1)
1605 428 1668 461 Sed
1683 429 1779 461 intel-

195 483 363 525 ligendum
388 486 434 515 est
456 482 646 526 conjugium
668 482 779 526 perfici
803 481 1032 514 commixtione
1056 483 1236 525 corporali,
1260 494 1326 515 non
1351 488 1511 527 quantum
1533 486 1573 518 ad
1589 486 1777 528 veritatem,

198 540 249 572 vel
278 540 479 572 sanctitatem
507 539 672 583 conjugii,
689 539 743 571 sed
772 542 933 582 quantum
956 539 995 570 ad
1019 539 1310 581 significationem3
1336 541 1413 584 quia
1427 542 1599 585 perfectius
1623 544 1779 576 unionem

196 596 316 629 Christi
330 601 361 629 et
375 597 523 630 Ecclesiae
538 600 615 629 tunc
631 596 763 639 figurat.

241 654 395 698 Exposito
410 666 485 698 quae
501 655 542 686 sit
556 654 700 687 efficiens
714 665 810 688 cansa
834 655 1052 695 matrimonii,
1069 666 1269 698 consequens
1284 660 1330 687 cst
1344 656 1511 688 ostendere
1531 657 1573 689 oh
1592 670 1691 701 quam
1712 670 1784 692 cau-

197 723 266 744 sam
281 712 397 754 soleat,
416 713 467 744 vel
482 712 597 745 debeat
610 713 758 746 contrahi
775 713 1034 746 matrimonium.
1052 713 1107 745 Est
1122 713 1223 755 igitur
1244 712 1353 745 finalis
1375 724 1471 746 causa
1491 715 1690 748 matrimonii
1705 728 1785 759 ,con-

201 769 349 802 trahendi
370 770 576 814 principaliS,
600 771 778 814 procreatio
810 771 910 815 prolis
936 783 941 802 :
963 774 1093 814 propter
1117 771 1176 802 hoc
1200 770 1285 802 enim
1314 770 1455 803 instituit
1480 771 1566 804 Deus
1594 773 1784 816 conjugium

200 827 284 860 inter
306 828 427 871 primos
447 832 614 871 parentes,
641 828 763 872 quibus
786 828 867 860 dixit
883 836 893 851 2
912 842 918 860 :
945 829 1085 860 Crescite
1107 834 1138 859 et
1160 828 1451 872 multiplicamini,
1478 833 1536 861 etc.
1565 829 1713 863 Secunda
1741 836 1788 864 est

201 889 272 928 post
296 889 462 928 peccatum
490 885 570 917 Adra
595 885 709 917 vitatio
736 886 970 918 fornicationis.
1001 885 1095 917 Unde
1122 886 1297 929 Apostolus
1312 887 1347 918 ³.-
1375 888 1511 931 Propter
1529 888 1787 931 fornicationem

203 943 417 986 unusquisque
439 942 559 974 habeat
587 953 723 976 uoeorem.
745 955 857 982 suam,
881 950 911 975 et
932 954 1132 987 miaqaa’qzce
1161 943 1279 975 habeat
1303 944 1409 976 virum
1435 955 1540 977 smmi.
1564 945 1649 978 Sunt
1670 950 1701 978 ct
1719 947 1790 980 aliae

203 1010 306 1032 causae
320 999 463 1032 honestae
477 1026 485 1040 ,
503 1004 539 1031 ut
554 1000 764 1032 inimicorum
783 1001 1002 1032 reconciliatio
1014 1026 1021 1040 ‚
1040 1005 1070 1032 et
1085 1000 1172 1043 pacis
1186 1001 1428 1043 redintegratio.
1452 1002 1538 1034 Sunt
1553 1004 1649 1036 etiam
1669 1008 1700 1036 et
1719 1004 1790 1038 aliae

203 1068 307 1089 causae
329 1057 440 1089 minus
459 1056 620 1097 honestae,
642 1061 776 1101 propter
795 1069 875 1101 quas
897 1057 1073 1101 aliquando
1096 1058 1321 1099 contrahitur3
1344 1063 1381 1091 ut
1401 1059 1463 1091 viri
1487 1060 1699 1104 mulierisque
1718 1061 1791 1105 pul-

203 1114 372 1155 chritudo,
394 1126 465 1159 quae
492 1115 618 1147 animos
630 1126 741 1147 amore
762 1115 983 1147 inflammatos
1006 1126 1087 1159 saepe
1112 1115 1251 1159 impellit
1276 1116 1359 1148 inire
1379 1117 1588 1160 coujagium,
1607 1122 1642 1150 ut
1662 1118 1792 1151 valeant

206 1183 302 1204 suum
319 1172 448 1216 explere
462 1172 675 1205 desiderium.
693 1172 842 1211 Quaestus
857 1184 989 1216 quoque
1004 1177 1035 1204 et
1050 1173 1240 1205 divitiarum
1262 1175 1418 1218 possessio
1445 1174 1632 1218 frequenter
1652 1180 1699 1208 est
1718 1187 1793 1209 con-

203 1229 289 1272 jugii
305 1240 420 1271 causa,
438 1234 469 1262 et
482 1230 546 1262 alia
561 1230 684 1271 multa,
702 1241 775 1274 quae
791 1230 910 1274 cuique
925 1230 1128 1272 diligentiam
1150 1231 1317 1263 adhibenti
1338 1231 1430 1264 facile
1451 1236 1497 1264 est
1519 1232 1711 1266 discernere.
1728 1233 1794 1267 Nec

208 1291 255 1319 est
269 1287 510 1320 assentiendum
528 1287 594 1320 illis
607 1314 614 1328 ,
631 1288 690 1331 qui
704 1288 817 1320 dicunt
832 1299 897 1320 non
923 1299 989 1320 esse
1011 1288 1197 1331 conjugium
1212 1315 1219 1330 ,
1238 1289 1325 1332 quod
1342 1294 1473 1333 propter
1489 1290 1546 1323 has
1560 1303 1671 1324 causas
1686 1292 1796 1326 minus

210 1344 359 1377 honestas
373 1344 587 1377 contrahitur.
605 1345 738 1378 Constat
752 1345 838 1377 enim
856 1356 893 1377 ex
915 1345 1086 1388 praemissis
1101 1346 1291 1388 conjugium
1308 1346 1379 1379 fieri
1401 1358 1439 1379 ex
1454 1349 1621 1381 communi
1637 1361 1796 1383 consensu

209 1401 317 1434 verbis
331 1401 370 1434 de
395 1403 543 1445 praesenti
559 1413 708 1446 expresso
724 1429 731 1442 ‚
749 1403 900 1446 quamvis
920 1414 1010 1435 amor
1030 1402 1069 1435 ad
1091 1403 1150 1435 hoc
1174 1404 1352 1436 attraxerit.
1376 1405 1478 1448 Cujus
1495 1407 1541 1438 rei
1562 1406 1795 1440 documentum

209 1464 339 1504 praestat
352 1459 469 1500 Jacob,
486 1460 543 1503 (1111
558 1459 676 1491 Rachel
694 1460 841 1492 decoram
864 1460 959 1498 facie,
978 1465 1008 1491 et
1026 1465 1162 1493 venusto
1183 1466 1310 1504 aspectu
1332 1463 1469 1502 amavit,
1493 1474 1630 1507 eamque
1653 1465 1796 1497 multum

209 1517 348 1561 diligens
363 1517 428 1549 ait*
447 1529 452 1548 :
470 1517 617 1549 Serviani
635 1517 695 1549 tibi
705 1529 766 1561 pro
781 1517 902 1549 Rachel
915 1523 1036 1561 septem
1059 1518 1167 1550 annis.
1189 1518 1226 1549 In
1246 1520 1494 1552 Deuteronomio
1515 1521 1611 1553 etiam
1631 1521 1753 1564 legitur
1767 1525 1794 1554 ⁵:

209 1575 246 1607 Sz'
261 1574 380 1607 videris
395 1574 429 1607 in
452 1573 559 1607 medio
580 1575 784 1618 captivorum
804 1575 973 1607 mulierem
993 1575 1186 1618 pulchram,
1205 1582 1235 1607 et
1256 1576 1466 1609 adamaveris
1486 1589 1575 1617 eam,
1600 1579 1800 1623 voluerisque

210 1645 344 1667 uxorem
358 1633 476 1665 habere
487 1659 495 1673 ‚
509 1631 695 1665 introduces
712 1644 784 1664 eam
801 1633 836 1664 in
851 1632 985 1664 domum
1004 1639 1096 1664 ticam
1108 1660 1115 1672 ,
1135 1637 1193 1665 etc.

255 1692 295 1724 Et
313 1691 388 1724 licet
406 1691 472 1723 fine
492 1701 557 1722 11011
580 1690 666 1722 hono
686 1689 897 1722 contrahatur
919 1691 1107 1733 conjugium
1124 1717 1131 1731 ‚
1153 1692 1284 1734 qiiaudo
1303 1693 1422 1735 species
1447 1693 1669 1726 contrahentis
1690 1699 1799 1728 movet

211 1749 359 1783 animum
372 1776 380 1788 ,
395 1748 586 1792 conjugium
604 1752 711 1779 tamen
726 1747 851 1779 bonum
867 1752 914 1779 est
928 1773 934 1787 ‚
953 1748 1031 1791 quia
1047 1748 1112 1780 vita
1129 1749 1215 1781 mala
1226 1775 1233 1789 ‚
1251 1750 1302 1781 vel
1318 1750 1455 1783 intentio
1471 1762 1622 1794 perversa
1637 1752 1796 1795 alicujus,

212 1810 449 1840 sacramentum
470 1817 535 1838 non
556 1805 764 1838 contaminat.
784 1805 908 1837 Habuit
929 1809 1037 1837 autem
1058 1806 1249 1849 conjuginm
1269 1807 1380 1839 Mariae
1399 1812 1429 1840 et
1448 1808 1567 1852 ,10501111
1591 1809 1670 1842 alias
1689 1821 1801 1843 causas

213 1864 365 1909 speciales
380 1890 388 1905 ‚
405 1864 524 1896 scilicet
546 1867 582 1895 ut
597 1862 700 1905 Virgo
722 1862 836 1894 solatio
858 1861 919 1893 viri
942 1866 1197 1903 sustentaretur,
1219 1868 1250 1895 et
1272 1868 1308 1896 ut
1330 1864 1460 1897 diabolo
1488 1870 1599 1909 partus
1617 1867 1797 1908 celaretur,

214 1926 251 1954 ut
264 1921 382 1965 Joseph
403 1924 484 1952 esset
503 1920 591 1953 testis
610 1919 782 1958 castitatis,
799 1918 977 1950 defendens
999 1931 1069 1952 eam
1090 1920 1130 1951 ab
1149 1920 1284 1952 iufamia
1303 1922 1496 1964 suspicionis
1510 1949 1517 1962 ‚
1536 1935 1575 1955 ue
1595 1929 1631 1955 ut
1653 1924 1802 1957 adultera

215 1979 436 2011 damnaretur.

402 2111 606 2143 EXPOSITIO
628 2111 791 2142 TEXTUS.

216 2188 266 2211 Nec
280 2186 363 2211 sotum
380 2186 478 2209 coactio
497 2185 615 2215 impedit,
637 2184 675 2207 vel
692 2184 801 2224 0101111111,
819 2191 985 2212 consensum,

247 2222 290 2246 sed
309 2222 385 2245 etiam
400 2228 480 2251 error,
492 2228 544 2245 non
556 2223 641 2244 autem
652 2227 735 2243 omnis
746 2227 816 2244 error
833 2227 985 2244 consensum

248 2257 368 2288 impedit,
385 2259 433 2281 etc.

260 2326 364 2365 Supra
378 2325 445 2364 egit
460 2324 608 2361 Magister
622 2324 660 2353 de
675 2332 843 2359 consensu,
861 2324 916 2363 (1111
933 2324 985 2353 de-

220 2379 285 2409 ficit
300 2388 319 2408 a
334 2380 422 2417 parte
436 2377 625 2413 voluntatis;
643 2377 692 2406 hic·
712 2377 848 2407 secundo
868 2377 935 2415 agit
952 2377 989 2407 de

222 2443 387 2471 consensu7
417 2433 472 2472 qui
496 2432 600 2462 deficit
626 2441 644 2461 a
668 2434 755 2470 parte
782 2432 923 2462 rationis.
954 2430 990 2460 Et

222 2486 373 2525 quoniam
389 2495 427 2516 ex
443 2486 500 2515 hac
519 2487 607 2524 parte
620 2487 720 2523 potest
735 2484 901 2523 dupliciter
918 2484 986 2513 dest

223 2547 309 2576 cere,
330 2541 385 2569 aut
409 2540 537 2578 propter
557 2546 695 2567 errorem
721 2537 753 2567 in
777 2537 915 2574 ratione,
939 2539 993 2566 aut

223 2594 350 2631 propter
366 2591 586 2630 obliquitatem
601 2591 634 2620 in
650 2591 835 2627 intentione,
852 2600 924 2629 quae
940 2590 994 2620 ali—

259 2656 263 2669 ·
280 2654 376 2684 Ambr„
390 2653 419 2676 (le
429 2653 578 2681 Patriarch„
591 2655 614 2675 ot
631 2653 737 2675 habetur
747 2659 814 2676 caus.
829 2658 910 2681 xxvn,
925 2660 948 2682 q.
961 2658 994 2682 11,

343 2705 417 2728 Tou.
438 2705 483 2728 Vl.

1039 2112 1114 2151 quid
1136 2112 1209 2142 dicit
1225 2112 1357 2142 rationis
1371 2137 1377 2149 ,
1394 2113 1513 2152 aliquid
1528 2114 1602 2144 dicit
1617 2115 1808 2154 voluntatis;

1040 2165 1110 2195 ideo
1132 2165 1236 2203 primo
1260 2165 1448 2196 determinat
1467 2167 1504 2196 de
1522 2176 1676 2198 consensu
1699 2169 1753 2208 qui
1775 2170 1811 2200 fit

1041 2218 1074 2247 in
1089 2227 1196 2247 errore
1210 2229 1216 2255 ;
1234 2219 1371 2249 secundo
1388 2228 1463 2249 vcro
1478 2220 1665 2252 determinat
1681 2222 1718 2252 de
1733 2232 1810 2253 con-

1043 2281 1134 2301 sensu
1160 2272 1212 2311 qui
1232 2272 1267 2301 fit
1288 2272 1371 2302 mala
1389 2273 1564 2303 intentione
1577 2298 1584 2310 ‚
1601 2277 1631 2304 et
1645 2284 1702 2314 per
1719 2285 1813 2316 oppo-

1044 2324 1139 2353 situm
1164 2324 1267 2361 bona,
1288 2325 1328 2354 ibi
1349 2334 1355 2354 :
1382 2326 1535 2364 Exposita
1557 2335 1626 2365 quoe
1650 2329 1694 2359 sit
1715 2336 1814 2360 causa

1045 2378 1187 2415 efficiens
1222 2379 1432 2409 matm'monz'i.
1470 2378 1574 2409 Prima
1610 2390 1682 2419 pars
1719 2382 1814 2412 habet

1046 2429 1140 2459 duas:
1163 2430 1265 2469 primo
1289 2431 1374 2460 euim
1396 2431 1583 2462 determinat
1607 2434 1711 2464 varios
1730 2444 1815 2465 erro-

1047 2492 1106 2519 res⁷
1125 2483 1177 2521 qui
1196 2483 1339 2513 incidunt
1357 2483 1439 2514 circa
1453 2493 1659 2523 consensum;
1677 2487 1815 2517 secundo

1046 2535 1233 2566 determinat
1268 2536 1401 2575 qualiter
1435 2546 1606 2568 consensus
1642 2538 1747 2568 Mariae
1786 2541 1816 2570 et

1049 2624 1069 2639 0,
1089 2615 1149 2639 Cum
1165 2617 1321 2639 saiwaima--
1335 2620 1343 2632 2¹
1358 2619 1427 2642 tien„
1446 2624 1463 2647 1,
1479 2623 1517 2649 :35
1530 2631 1558 2634 —-
1574 2619 1581 2630 ³
1596 2619 1600 2640 Ι
1617 2620 1683 2645 cvr..
1700 2624 1741 2648 Υιι,
1754 2621 1776 2643 2.
1787 2632 1816 2636 —

1048 2652 1057 2666 ‘
1070 2651 1138 2678 Gen.¹
1158 2654 1324 2681 xx1x,18.—
1338 2653 1348 2668 ⁸
1363 2653 1445 2680 Dent..
1460 2655 1567 2681 .=;,x·1,1t⁴

1664 2700 1697 2726 17

1804 669 1834 689 De
1844 674 1908 689 causa

1827 700 1884 720 finali

1805 737 1907 757 conjugii.

1846 1711 1906 1736 Quod

1820 1742 1886 1763 malus
1903 1741 1925 1762 ti-

1822 1775 1854 1794 uis
1883 1778 1925 1793 non

1820 1803 1923 1825 contami-

1833 1837 1868 1855 nat
1883 1840 1915 1854 sa-

1829 1871 1924 1886 cremen-

1847 1899 1900 1916 tum.
