1991 3006
171 178 228 208 378

171 245 211 276 sit
234 245 272 276 de
296 251 414 283 genere
436 240 501 272 voti
525 249 580 280 per
601 240 695 271 aliam
719 241 938 272 diffinitionem

172 298 236 329 voti
254 309 261 328 :
283 296 425 326 «Votum
447 296 492 325 est
513 294 651 324 melioris
676 295 751 325 honi
779 295 939 334 conceptio

171 352 267 382 animi
283 349 504 380 deliberatione
518 348 654 378 firmata.
672 360 685 375 n
707 348 781 378 Ilzec
796 350 841 378 est
856 348 938 378 dit'si-

171 406 249 436 nitio
264 404 369 434 dicens
379 404 443 433 voti
455 402 663 432 substantiam
677 412 684 430 t
697 402 750 431 sed
767 402 824 431 lior.
837 404 938 432 totuin

172 461 272 499 potest
287 466 353 487 esse
368 457 435 486 siue
452 455 659 495 promissione
678 466 683 485 :
702 464 779 493 ergo
791 479 798 491 ‚
815 458 874 485 etc.

212 514 240 542 ⁶2.
269 510 345 540 Item
369 509 541 548 Gregorius
558 532 567 546 ‚
588 516 684 547 snper
711 508 907 539 Ezechielem
930 518 937 538 :

178 564 260 602 «Qui
272 563 400 594 meliora
414 571 511 601 agere
526 561 710 598 deliberant,
725 564 754 591 et
769 562 941 592 deliberata

172 629 237 650 non
251 619 387 655 faciunt,
403 618 480 647 dum
496 626 528 646 se
544 617 686 652 elevant,
705 617 822 646 cadunt
840 628 845 647 :
864 629 877 644 »
896 626 942 647 er-

175 682 218 712 go
226 672 408 703 deliberatio
418 671 557 701 melioris
564 671 686 708 obligat
698 670 736 699 ad
752 670 940 707 iaciendum,

174 726 314 766 alioquin
328 734 393 755 non
405 727 485 755 esset
500 733 607 753 casus:
623 723 676 752 sed
690 726 807 753 nonest
826 723 865 753 ibi
882 724 943 754 alia

173 779 345 818 obligatio,
362 787 458 818 quam
476 777 539 808 voti
559 788 565 807 z
582 785 661 814 ergo
678 776 744 806 sola
758 776 943 808 deliberatio

174 834 241 863 sine
257 832 463 873 promissione
479 833 523 861 est
541 833 651 861 votum
669 841 674 859 z
694 839 757 859 non
773 839 852 869 ergo
868 840 941 870 pro-

174 887 282 918 missio
296 888 343 917 est
356 886 393 916 de
408 885 541 916 essentia
557 885 631 915 voti.

215 943 242 971 3.
267 940 342 970 Item
353 963 360 977 ‚
377 932 461 979 quod
476 947 533 969 nec
549 938 588 968 sit
611 938 773 977 obligandi
791 938 941 974 intentio,

175 994 301 1025 videtur
325 1004 331 1023 :
358 992 433 1032 quia
454 992 568 1032 aliquis
588 994 752 1031 promotus
777 991 814 1021 ad
840 1000 945 1021 sacros

175 1048 311 1085 ordines,
323 1046 489 1077 intendens
503 1045 627 1075 ordines
644 1045 803 1084 suscipere
815 1047 844 1075 et
858 1045 945 1075 nullo

176 1100 410 1139 modoobligari
421 1099 646 1137 adcastitatem,
656 1098 946 1128 nihilominusobli-

175 1157 282 1194 gatur,
301 1164 337 1184 ac
359 1154 383 1183 si
400 1153 575 1183 intenderet
593 1164 598 1183 2
616 1162 695 1190 ergo
716 1152 841 1183 videtur
861 1152 945 1191 quod

175 1208 213 1239 de
224 1207 418 1247 obligatione
428 1207 493 1237 voti
505 1216 567 1236 non
577 1207 616 1237 sit
627 1207 788 1245 ol‘iligandi
799 1207 942 1236 intentio.

217 1264 246 1292 4.
263 1261 352 1299 Item,
370 1261 394 1291 si
410 1261 526 1300 aliquis
538 1262 625 1299 Jurat
641 1260 748 1297 alicui,
765 1269 829 1289 non
845 1260 946 1289 inten-

175 1315 253 1346 dens
263 1324 295 1345 se
303 1314 445 1353 obligare
456 1314 494 1344 ad
507 1314 584 1344 illud
596 1314 679 1354 quod
690 1313 787 1344 verba
801 1314 942 1352 signant,

172 1369 333 1408 judicatur
346 1368 606 1398 nihilominusita
618 1368 793 1407 obligatus,
807 1377 843 1396 ac
858 1367 882 1397 si
899 1367 945 1397 in-

177 1422 335 1452 tenderet:
354 1431 434 1460 ergo
444 1421 511 1461 pari
528 1421 647 1451 ratione
664 1420 790 1451 videtur
806 1421 838 1450 in
854 1423 944 1458 voto,

177 1475 259 1515 quod
274 1475 308 1505 tit
322 1475 389 1505 sine
404 1475 588 1506 intentione.

217 1531 246 1559 5.
265 1529 357 1565 Item,
374 1538 448 1559 cum
462 1529 521 1558 ista
537 1529 599 1559 duo
613 1528 759 1558 similiter
782 1528 896 1558 faciant
910 1528 947 1558 ad

177 1592 244 1613 esse
261 1582 454 1622 juramenti,
476 1581 593 1611 scilicet
610 1581 797 1621 promissio,
822 1584 852 1611 et
866 1582 948 1612 obli-

178 1634 276 1673 gandi
290 1633 432 1671 intentio,
446 1634 601 1673 quaeritur
613 1641 686 1672 quae
701 1632 739 1663 sit
754 1632 945 1663 differentia.

451 1749 675 1782 CONCLUSiO.

183 1838 278 1864 Votum
299 1837 439 1864 seeundum
459 1837 635 1864 substantiam
660 1839 697 1863 cst
717 1837 875 1871 promissio,
895 1838 952 1863 sive

215 1883 251 1908 sit
264 1882 393 1916 simplem,
408 1883 463 1908 sz've
482 1883 519 1908 sit
539 1883 665 1912 solemne,
682 1882 747 1914 qum
765 1881 806 1907 ibi
819 1882 948 1913 interius,

215 1927 258 1953 hic
273 1927 387 1953 emimus
398 1928 429 1959 fit
440 1927 593 1961 promissio.

220 2010 311 2050 Resp.
338 2011 376 2041 ad
402 2020 473 2050 arg.
500 2010 671 2040 DIcendum
699 2009 783 2049 quod
804 2009 863 2039 ista
887 2009 950 2041 duo

181 2066 256 2094 sunt
271 2064 308 2094 de
322 2064 455 2094 essentia
470 2064 536 2094 voti
547 2087 555 2101 ⁷
578 2063 693 2093 scilicet
712 2062 877 2102 promissio
888 2086 895 2098 ‚
921 2064 951 2092 et

181 2117 344 2157 obligandi
360 2117 508 2154 intentio,
524 2125 597 2146 cum
617 2118 728 2146 votum
744 2115 784 2145 sit
798 2115 951 2154 obligatio

183 2180 284 2209 nova,
309 2173 339 2201 et
354 2170 533 2201 voluntaria
552 2180 558 2200 z
576 2169 651 2209 quia
672 2169 710 2199 de
730 2178 812 2199 novo
829 2171 874 2199 est
897 2178 950 2199 su-

182 2224 360 2264 peraddita,
387 2224 553 2264 promissio
577 2226 624 2254 est
649 2224 846 2261 necessaria3
879 2224 954 2263 quia

183 2288 260 2309 vero
273 2278 463 2316 voluntaria,
479 2280 602 2318 oportet
612 2278 696 2318 quod
711 2278 787 2308 velit
803 2278 950 2317 obligari,

185 2334 215 2362 et
231 2331 315 2372 quod
329 2341 361 2362 se
375 2331 517 2371 obligare
540 2331 690 2362 intendat.
713 2331 774 2362 Sed
794 2332 953 2370 contingit

185 2385 368 2424 promittere
380 2385 495 2424 duplici
510 2385 607 2416 verbo
620 2409 627 2422 ‚
650 2384 767 2415 scilicet
789 2385 952 2422 interiori,

186 2440 216 2468 et
230 2437 390 2468 exteriori.
410 2438 578 2468 Promissio
592 2440 749 2478 quantum
764 2438 800 2468 ad
819 2438 954 2468 verbum

186 2491 319 2522 interius
333 2491 534 2530 cogitationis
549 2493 579 2521 et
593 2491 840 2528 deliberationis,
856 2493 902 2521 est
917 2491 956 2522 de

186 2545 369 2576 necessitate
404 2545 470 2576 voti
504 2544 655 2584 simplicis
677 2568 685 2581 ‚
717 2544 802 2583 quod
834 2544 956 2583 obligat

188 2601 343 2639 quantum
358 2599 397 2630 ad
424 2599 521 2629 Deum
534 2622 542 2636 ,
563 2597 617 2637 qui
639 2597 782 2628 intuetur
803 2607 868 2628 cor.
895 2597 956 2629 Sed

188 2653 355 2693 promissio
369 2654 523 2693 quantum
537 2651 575 2682 ad
588 2651 721 2682 verbum
735 2674 742 2687 ‚
757 2650 808 2680 vel
823 2651 955 2689 signum

727 173 1031 206 SENTENTIARUM
1056 175 1129 207 LIB.
1153 176 1203 208 IV.

995 244 1150 282 exterius,
1173 246 1220 274 est
1243 244 1281 275 de
1301 244 1483 275 necessitate
1502 244 1568 274 voti
1593 243 1760 283 solemnis,

995 298 1079 337 quod
1095 298 1217 336 obligat
1231 301 1387 337 quantum
1411 298 1448 328 ad
1466 298 1575 328 faciem
1599 297 1761 335 Eoelesiae,

995 359 1067 389 quae
1087 350 1209 388 judicat
1229 351 1404 381 secundum
1420 360 1457 380 ea
1477 359 1549 390 quae
1574 353 1685 390 parent
1710 350 1763 390 (α).

996 402 1032 433 Et
1048 403 1220 433 secundum
1236 404 1295 434 hoi-
1306 428 1313 440 ,
1331 403 1447 443 duplex
1460 403 1553 433 datur
1569 403 1713 434 diffinitio
1728 403 1766 434 de

999 459 1069 486 voto
1088 467 1094 486 τ
1114 456 1166 486 itta
1189 456 1397 495 magistralis,
1415 459 1445 487 et
1460 456 1649 493 communis,
1667 458 1713 486 est
1729 456 1766 487 de

996 511 1070 539 voto
1092 509 1225 548 simplici
1250 521 1256 539 ε
1279 522 1293 538 «
1308 509 1475 549 Conceptio
1491 509 1630 540 melioris
1651 518 1765 549 propo-

996 563 1064 600 siti,
1084 575 1098 591 »
1119 565 1178 592 etc,

1038 619 1050 646 i
1061 640 1065 646 .
1076 616 1121 647 Ad
1138 615 1213 646 iilud
1225 616 1309 655 quod
1319 616 1468 656 objicitur
1479 625 1533 655 per
1547 616 1768 646 diffinitionem

998 669 1084 707 voti,
1100 671 1130 698 et
1146 669 1364 699 auctoritatem
1380 669 1543 708 Gregorii,
1562 669 1593 699 in
1609 668 1675 699 sola
1690 668 1767 699 deli-

998 722 1160 753 beratione
1177 726 1286 753 votum
1302 724 1471 753 consistere
1482 747 1490 761 ,
1505 723 1673 753 dicendum
1684 722 1770 762 quod

999 785 1060 805 non
1085 776 1269 815 intelligunt
1293 776 1330 806 de
1356 776 1494 815 qualibet
1523 776 1768 813 deliberatione,

998 829 1052 859 sed
1067 829 1104 858 de
1121 829 1172 858 illa
1187 838 1259 868 quse
1279 830 1382 859 firmat
1406 829 1603 869 propositum
1625 838 1632 859 :
1650 831 1680 859 et
1702 829 1771 860 haec

999 885 1042 913 est
1059 892 1131 922 quae
1145 884 1311 913 consensui
1332 884 1415 914 addit
1432 883 1673 923 promissionem
1693 894 1699 913 z
1718 883 1772 913 ali-

1000 939 1046 967 ter
1068 946 1131 966 non
1149 938 1252 967 tii-mat
1269 948 1274 966 :
1294 937 1377 967 unde
1391 937 1513 967 licitum
1529 939 1575 968 est
1594 936 1769 967 dissentire.

1040 995 1068 1022 02.
1087 992 1131 1022 Ad
1148 992 1225 1023 illud
1236 993 1320 1032 quoi}
1335 993 1495 1031 objicitur,
1508 992 1592 1032 quod
1607 992 1772 1031 obligandi

1004 1045 1135 1076 intentio
1146 1049 1263 1076 nonest
1279 1046 1469 1082 necessaria.
1483 1046 1562 1076 sicut
1578 1048 1661 1086 patet
1676 1046 1710 1076 in
1719 1054 1771 1077 or-

1001 1098 1089 1135 dine,
1118 1099 1289 1129 dicendum
1304 1099 1388 1138 quod
1405 1099 1538 1129 intentio
1554 1101 1697 1139 respectu
1713 1098 1771 1129 ali-

1001 1155 1093 1193 cujus
1110 1156 1211 1194 potest
1225 1163 1293 1184 esse
1308 1154 1474 1193 dupliciter
1492 1164 1498 1184 :
1517 1157 1572 1185 aut
1589 1154 1770 1195 principali-

1002 1210 1049 1237 ter
1063 1234 1071 1245 ,
1088 1208 1163 1246 qnia
1175 1207 1213 1237 de
1230 1207 1281 1237 illo
1295 1208 1412 1245 cogitat
1423 1234 1431 1245 ,
1450 1210 1479 1236 et
1494 1208 1571 1238 illud
1586 1208 1702 1247 placet3
1719 1211 1773 1239 aut

1003 1260 1080 1300 quia
1096 1260 1228 1290 intendit
1244 1260 1329 1290 aliud
1347 1269 1543 1300 consequens
1557 1261 1595 1291 ad
1612 1261 1706 1299 illud,
1722 1261 1772 1291 vel

1003 1313 1188 1353 simpliciter
1205 1313 1245 1343 illi
1263 1322 1442 1351 annexum,
1459 1313 1536 1343 sicut
1552 1314 1578 1343 si
1593 1314 1706 1354 aliquis
1720 1314 1773 1345 in-

1005 1368 1102 1398 tendit
1126 1377 1243 1399 vovere
1268 1368 1412 1407 regulam
1444 1368 1690 1406 monfflhorum,
1717 1377 1774 1409 per

1004 1431 1199 1461 consequens
1216 1426 1245 1452 et
1261 1422 1298 1452 ad
1318 1422 1544 1452 continentiam
1564 1422 1701 1461 obligari
1725 1422 1772 1452 in-

1004 1475 1121 1512 tendit,
1146 1476 1175 1504 et
1199 1474 1238 1505 ad
1263 1474 1492 1511 obedientiam3
1521 1475 1660 1514 alioquin
1682 1475 1775 1506 stulte

1004 1529 1141 1568 appetit,
1155 1530 1186 1558 et
1202 1528 1281 1558 vult.
1300 1528 1463 1566 Similiter,
1482 1528 1557 1568 quia
1569 1528 1672 1559 ordini
1687 1537 1776 1559 sacro

1004 1590 1166 1611 annexum
1193 1584 1239 1611 est
1259 1584 1369 1612 votum
1384 1606 1393 1619 ,
1417 1582 1442 1611 si
1474 1581 1608 1611 intendit
1631 1581 1776 1612 ordinem

1004 1645 1128 1665 sacrum
1144 1636 1302 1674 suscipere
1317 1660 1323 1672 ,
1340 1637 1369 1665 et
1391 1635 1430 1665 ad
1449 1635 1676 1665 continentiam
1695 1634 1777 1665 obli-

1007 1689 1076 1728 gari
1103 1697 1159 1728 per
1182 1698 1388 1728 consequenS,
1411 1688 1637 1728 principaliter,
1663 1687 1714 1718 vel
1737 1697 1778 1719 ex

1005 1742 1212 1782 consequenti
1232 1753 1238 1772 ι
1257 1741 1340 1781 quod
1355 1742 1380 1771 si
1401 1741 1489 1772 nullo
1504 1741 1597 1771 modo
1614 1741 1776 1779 intendat,

1006 1805 1070 1826 non
1089 1799 1135 1827 est
1150 1798 1260 1826 votum
1280 1807 1286 1825 ι
1303 1796 1346 1825 sic
1361 1805 1418 1826 nec
1432 1796 1685 1826 matrimonium.

1047 1852 1075 1879 3.
1094 1850 1141 1880 Ad
1156 1850 1233 1879 illud
1251 1849 1335 1889 quod
1348 1849 1508 1888 objicitur,
1523 1849 1607 1888 quod
1624 1850 1678 1889 qui
1690 1849 1779 1889 jurat

1006 1904 1039 1933 in
1054 1903 1125 1934 dolo
1137 1927 1144 1940 ,
1162 1906 1299 1940 tenetur,
1317 1903 1484 1933 dicendum
1500 1902 1585 1942 quod
1601 1902 1718 1942 duplex
1733 1904 1779 1933 est

1006 1958 1111 1988 forum
1124 1982 1131 1994 ,
1150 1957 1267 1988 scilicet
1277 1957 1429 1997 Judiciale
1442 1959 1473 1987 et
1489 1956 1703 1996 poenitentiale
1718 1967 1724 1987 ε
1743 1957 1776 1987 ἰι]

1007 2011 1074 2041 foro
1086 2010 1227 2049 Ju(Iiciali
1240 2010 1403 2049 judicatur
1415 2010 1590 2040 secundum
1601 2009 1773 2046 exteriora;

1008 2064 1039 2093 in
1064 2064 1132 2094 foro
1157 2063 1385 2103 poenitentiali,
1414 2063 1589 2093 secundum
1611 2063 1776 2094 conscien-

1007 2117 1096 2147 tiam.
1114 2117 1147 2147 In
1166 2117 1231 2147 foro
1243 2116 1403 2155 judiciali,
1430 2116 1505 2155 quia
1527 2116 1611 2146 fraus
1629 2115 1708 2146 nulli
1722 2116 1777 2146 de—

1008 2171 1060 2201 bet
1078 2169 1289 2210 patrocinari,
1312 2169 1510 2209 accipiuntur
1544 2169 1641 2199 verba
1660 2177 1777 2199 secun-

1009 2225 1085 2255 dum
1114 2223 1309 2254 intellectum
1343 2231 1547 2253 communem
1575 2224 1605 2253 et
1635 2231 1749 2253 sanum
1768 2246 1776 2259 ,

1010 2277 1181 2317 quiafraus
1191 2286 1256 2307 non
1271 2276 1362 2306 debet
1377 2276 1405 2305 ei
1420 2275 1630 2315 patrocinari:
1647 2275 1718 2306 ideo
1728 2276 1780 2315 Ju-

1010 2331 1132 2361 dicatur
1152 2331 1262 2368 teneri,
1284 2330 1366 2360 sicut
1384 2330 1409 2359 si
1434 2329 1611 2360 secundum
1630 2329 1778 2359 intentio-

1010 2393 1083 2414 nem
1099 2385 1216 2414 rectam
1233 2383 1329 2414 verba
1343 2383 1482 2413 dixisset.
1497 2382 1532 2412 In
1548 2382 1614 2412 foro
1629 2382 1782 2421 poeniten-

1010 2438 1090 2476 tiali,
1107 2438 1161 2468 ubi
1177 2440 1223 2468 est
1236 2437 1391 2477 judicium
1407 2436 1582 2467 secundum
1602 2436 1778 2474 veritatem,

1007 2491 1169 2531 J'udicatur
1192 2491 1289 2520 istum
1306 2499 1446 2530 peccasse
1470 2489 1503 2519 in
1526 2488 1597 2519 dolo
1612 2512 1619 2526 ,
1651 2489 1705 2520 sed
1724 2497 1780 2520 ne-

1012 2553 1172 2584 quaquam
1199 2553 1237 2573 ex
1260 2543 1312 2573 iila
1333 2542 1543 2583 promissione
1564 2550 1630 2571 esse
1653 2541 1778 2581 obliga-

1012 2600 1082 2628 tum
1099 2608 1105 2627 z
1123 2596 1208 2627 uude
1232 2596 1314 2626 sicut
1329 2595 1567 2627 matrimonium
1584 2596 1780 2626 contractum

1046 2659 1078 2690 (a)
1091 2659 1149 2683 Coet.
1166 2658 1224 2682 edit.
1240 2660 1334 2689 patent.
