1991 3006
101 299 165 327 Resp.
177 306 188 321 a

101 337 148 358 r‘ss’g.
159 338 197 358 DN)

98 362 195 384 tundam.

220 162 278 190 418

219 226 260 257 cit
274 236 314 257 ex
333 236 397 257 una
412 228 500 266 parte
515 226 671 267 aptitudo,
688 227 730 258 ita
746 237 786 258 ex
804 228 865 258 alia
879 229 989 259 crescit

190 301 203 321 d
220 279 404 320 ineptitudo.

259 336 287 364 1.
300 333 345 363 Ad
362 332 440 364 illud
456 333 540 373 quod
555 334 711 373 objicitur,
727 335 812 374 quod
830 334 911 365 Deus
923 344 987 365 non

217 388 362 428 prohibet
382 388 465 419 ultra
487 389 676 425 secundum,
706 389 875 420 dicendum
903 390 987 429 quod

216 450 329 471 verum
351 444 397 472 est
418 451 474 481 per
498 451 551 472 se:
572 444 679 472 tamen
695 442 839 481 prohibet
856 451 912 482 per
927 442 984 473 Ec-

213 494 359 532 clesiam,
382 495 459 534 quia
481 495 615 525 Ecclesia
634 495 780 535 prohibet
799 496 986 527 auctoritate

212 547 270 577 sibi
292 548 443 579 divinitus
459 548 541 579 data.
559 548 649 579 Ratio
665 550 772 579 autem
790 558 888 588 quaro
905 548 985 579 Deus

210 601 294 632 dedit
309 601 452 633 Ecclesiae
471 602 690 633 auctoritatem
711 612 805 642 super
825 603 900 640 hoc,
915 604 982 641 jam

209 655 277 687 visa
293 658 353 687 est.

248 712 278 741 2.
295 710 343 741 Ad
363 710 440 741 illud
456 711 539 750 quod
561 711 719 748 objicitur,
738 710 823 750 quod
839 720 902 741 non
924 720 981 751 po-

207 765 266 794 test
287 763 387 794 facere
413 763 497 803 quod
522 765 625 794 careat
648 763 852 802 baptismate,
875 764 979 794 dicen-

206 816 283 847 dum
311 816 396 856 quod
424 825 489 847 non
513 820 558 847 est
586 816 705 854 simile⁷
731 817 806 856 quia
830 817 979 856 baptismi

205 870 436 900 institutionem
455 869 537 900 Deus
558 879 615 909 per
634 879 666 899 se
685 870 843 900 ordinavit
857 873 887 901 et
903 880 977 901 con-

204 922 344 953 firmavit
370 934 376 953 ;
408 923 462 953 sed
501 932 709 962 personarum
743 922 977 961 legitimitatem

203 977 360 1008 commisit
376 976 532 1014 Ecclesiae,
551 977 626 1016 quia
642 977 885 1008 matrimonium
899 987 974 1008 con-

202 1030 339 1061 trahitur
354 1030 434 1061 inter
450 1031 556 1061 virum
570 1032 601 1060 et
621 1030 806 1068 mulierem,
823 1032 853 1061 et
869 1030 976 1061 Eccle-

200 1084 247 1114 sia
259 1084 355 1114 habet
377 1084 605 1124 plenitudinem
624 1083 858 1123 Jurisdictionis
878 1093 974 1124 super

200 1140 385 1178 utrumque.

778 159 1087 193 SENTENTIARUM
1107 162 1180 194 LlB.
1206 163 1254 194 lV.

1088 232 1116 261 3.
1148 231 1194 261 Ad
1224 230 1300 261 illud
1328 232 1412 271 quod
1435 232 1585 272 objicitur
1610 234 1648 265 de
1672 234 1817 268 Ecclesiae

1048 283 1231 322 interdicto,
1252 284 1421 315 dicendum
1445 285 1529 325 quod
1552 294 1615 316 non
1639 289 1685 317 est
1701 288 1815 327 simile,

1046 337 1121 376 quia
1141 337 1215 367 illud
1241 337 1444 368 interdictum
1462 341 1507 369 est
1525 339 1563 368 ad
1585 341 1727 380 tempus,
1753 332 1818 372 non

1045 390 1242 429 simpliciter·,
1277 400 1335 421 nec
1361 391 1432 421 facit
1459 401 1607 431 personas
1635 392 1818 432 illegitimas

1044 443 1248 483 simpliciter,
1288 444 1339 475 sed
1376 445 1477 483 ligat,
1512 447 1547 475 ut
1585 445 1652 476 sine
1691 449 1817 486 peccato

1043 505 1107 527 non
1122 497 1260 536 possint:
1279 500 1307 528 et
1324 498 1393 529 ideo
1409 507 1503 538 poena
1516 499 1632 530 talibus
1649 500 1740 531 debet
1754 500 1814 531 im-

1041 559 1126 588 poni.

1081 606 1109 634 Ji.
1128 604 1174 634 Ad
1191 604 1267 635 illud
1284 605 1369 645 quod
1388 606 1537 645 objicitur
1553 606 1591 637 de
1608 606 1810 648 Hieronymo,
1859 629 1866 636 .

1039 656 1209 688 dicendum
1229 659 1313 698 qnod
1333 668 1422 689 secus
1440 661 1486 689 est
1501 660 1533 689 tn
1555 660 1645 690 dictis
1668 660 1812 692 Ecclesiae

1039 711 1068 739 et
1084 709 1283 750 Hieronymi3
1299 712 1375 751 quia
1389 712 1603 752 Hieronymus
1614 722 1678 744 non
1691 716 1813 753 poterat

1038 771 1093 802 per
1108 763 1304 803 Scriptnram
1320 765 1453 804 probare
1469 774 1535 795 esse
1550 775 1583 796 se
1598 768 1708 796 testem
1723 767 1811 797 veri-

1038 816 1133 846 tatis:
1159 816 1245 854 ideo,
1270 817 1307 847 ad
1332 818 1392 848 hoc
1415 818 1500 857 quod
1527 819 1708 849 crederetur
1732 820 1808 858 sibi,

1036 869 1199 908 oportebat
1231 870 1316 909 quod
1344 879 1399 910 per
1432 870 1628 910 Scripturam
1662 873 1809 912 probaret

1035 930 1102 952 esse
1124 931 1237 952 verum
1265 923 1349 962 quod
1371 924 1598 955 testificabatur
1621 927 1651 956 et
1674 925 1806 958 dicebat.

1034 976 1094 1006 Sed
1110 975 1246 1006 Ecclesia
1265 986 1321 1016 per
1341 976 1538 1016 Scripturam
1557 979 1659 1018 potuit
1673 979 1808 1019 probare

1032 1031 1250 1061 auctoritatem
1264 1040 1365 1068 suam,
1386 1040 1449 1070 qua
1459 1032 1590 1071 probata
1601 1034 1724 1071 oportet
1736 1033 1806 1064 obe-

1031 1082 1109 1119 dire,
1128 1092 1191 1113 non
1208 1083 1293 1114 aliud
1308 1084 1526 1115 testimonium
1542 1093 1700 1124 quaerere:
1717 1087 1748 1116 et
1762 1086 1804 1116 sic

1030 1140 1131 1169 totum
1148 1141 1243 1178 patet.

702 1287 1124 1334 DISTINCTIO
1174 1288 1293 1332 XLI

272 1400 310 1422 DE
335 1400 481 1422 GRADIBUS
505 1400 713 1431 AFFINITATIS,
740 1401 790 1426 QUI
814 1401 976 1423 VIDELICET
1001 1401 1165 1423 IMPEDIANT
1188 1402 1418 1432 MATRIMONmm;
1445 1402 1483 1423 ET
1507 1402 1727 1425 DIFFINITIONES

796 1455 992 1477 PECCATORL‘M
1015 1456 1202 1477 CARNALIL'M.

79 1533 184 1584 ᾓῗρἳιξζῗ,
248 1543 343 1576 Nunc
357 1543 397 1576 de
412 1543 569 1576 affinitate
585 1542 764 1575 videndum
782 1547 846 1581 est,
865 1543 904 1575 de
918 1555 984 1587 qua
999 1543 1177 1585 Gregorius
1192 1544 1236 1575 ait
1250 1545 1257 1561 ¹
1278 1555 1284 1574 t
1301 1543 1431 1575 «Porro
1447 1543 1486 1575 de
1501 1543 1673 1583 affinitate,
1690 1554 1790 1587 quam

74 1595 186 1651 ξζῗᾟξᾶ
205 1600 310 1633 dicitis
325 1601 524 1644 parentelam
543 1612 609 1633 esse
622 1627 629 1641 ‚
647 1612 720 1644 quse
735 1600 775 1632 ad
796 1600 904 1632 virum
920 1612 958 1632 ex
975 1605 1065 1644 parte
1081 1601 1209 1641 uxoris,
1226 1612 1283 1634 seu
1303 1612 1375 1645 quae
1399 1612 1438 1633 ex
1463 1605 1552 1645 parte
1574 1601 1636 1633 viri
1658 1600 1698 1633 ad
1715 1611 1793 1633 uxo-

80 1657 175 1682 t‘mffl'i‘
205 1670 272 1691 rem
287 1659 443 1703 pertinet,
464 1659 637 1691 manifesta
653 1658 736 1690 ratio
751 1662 815 1698 cst;
834 1658 911 1701 quia
928 1658 954 1690 si
975 1658 1155 1691 secundum
1182 1659 1328 1691 divinam
1351 1659 1544 1691 sententiam
1567 1669 1626 1701 ego
1652 1662 1684 1690 et
1709 1669 1794 1692 uxor

82 1692 107 1706 ex
140 1694 172 1708 ΓΟ-

87 1694 170 1743 P¹¹¹g¹¹i-
204 1728 275 1749 mea
289 1728 404 1749 snmus
424 1728 491 1749 una
511 1728 584 1749 caro
596 1743 603 1757 ‚
620 1716 764 1760 profecto
780 1715 861 1748 mihi
876 1720 907 1748 et
922 1716 971 1748 illi
986 1728 1057 1749 mea
1075 1728 1200 1760 suaque
1216 1717 1381 1761 parentela
1397 1716 1623 1760 propinquitas
1639 1727 1706 1748 una
1721 1715 1793 1749 effi-

73 1750 124 1805 {salet
132 1755 181 1806 2⁵:122
201 1774 296 1807 citur.
314 1774 472 1813 Quocirca
487 1786 546 1817 ego
565 1778 595 1806 ct
612 1786 703 1807 soror
717 1773 829 1806 uxoris
847 1785 927 1806 meze
942 1774 976 1806 in
992 1786 1059 1806 uno
1074 1778 1105 1806 ct
1121 1774 1227 1818 primo
1243 1774 1344 1817 gradu
1364 1774 1506 1814 erimus;
1524 1773 1613 1806 filius
1629 1784 1705 1807 vero
1720 1774 1790 1818 ejus

71 1811 169 1863 :fiiisaffi
198 1832 233 1864 in
248 1832 389 1865 secundo
403 1832 507 1875 gradu
522 1832 584 1864 erit
600 1844 617 1864 a
634 1844 705 1873 me3
723 1832 829 1876 neptis
845 1842 921 1864 vero
945 1831 979 1864 in
1003 1832 1112 1864 tertio.
1133 1832 1233 1876 quue
1249 1832 1405 1876 utrinque
1421 1832 1455 1864 in
1479 1831 1602 1864 caeteris
1625 1831 1789 1874 agendum

197 1895 243 1923 est
257 1890 524 1923 successionibus.
542 1890 686 1923 Uxorem
701 1901 778 1923 vero
802 1889 1000 1934 propinqui,
1015 1889 1252 1934 cujuscumque
1277 1889 1398 1932 gradus
1419 1889 1480 1930 sit,
1503 1888 1547 1921 ita
1570 1900 1621 1922 me
1643 1893 1789 1934 oporteat

195 1948 381 1989 attendere,
399 1948 677 1992 quemadmodum
703 1948 805 1992 ipsius
829 1959 961 1991 quoque
987 1947 1107 1989 gradus
1128 1947 1240 1991 aliqua
1262 1947 1385 1980 femina
1406 1947 1537 1991 proprie
1560 1947 1788 1992 propinquitas

194 2006 246 2038 sit.
265 2006 359 2045 Quod
374 2006 534 2039 nimirum
550 2006 646 2039 uxori
668 2017 748 2038 meae
766 2005 805 2037 de
820 2005 1064 2049 propinquitate
1080 2005 1143 2037 viri
1158 2005 1209 2037 sui
1224 2006 1259 2037 in
1273 2006 1397 2037 cunctis
1411 2005 1614 2048 cognationis
1628 2004 1785 2048 gradibus

193 2064 345 2096 convenit
360 2064 541 2096 observare.
556 2063 620 2103 Qui
632 2074 709 2096 vero
724 2063 882 2095 aliorsum
897 2062 1063 2103 sentiunt,
1081 2062 1274 2094 Antichristi
1289 2067 1377 2094 sunt.
1394 2076 1410 2093 »
1429 2063 1509 2095 Item
1525 2062 1638 2095 Julius
1652 2062 1781 2106 Papa’:

193 2135 211 2153 α
227 2121 413 2166 AEqualiter
428 2122 479 2154 vir
500 2121 720 2165 conjungatur
743 2119 995 2162 consanguineis
1017 2120 1156 2164 propriis
1170 2146 1177 2160 ‚
1195 2124 1226 2152 et
1247 2119 1498 2162 consanguineis
1523 2120 1647 2152 uxoris.
1666 2132 1682 2150 »
1701 2119 1780 2152 Item

190 2179 334 2212 Isidorus
349 2180 360 2196 ³
378 2192 384 2211 2
407 2192 423 2211 ι(
439 2179 524 2211 Sane
539 2178 804 2220 consanguinitas
818 2204 825 2218 ‚
844 2189 918 2221 quae
935 2177 969 2210 in
984 2177 1116 2222 proprio
1131 2177 1202 2210 viro
1216 2177 1437 2210 conservanda
1451 2181 1518 2219 est,
1537 2177 1635 2209 etiam
1651 2176 1686 2210 in
1701 2188 1783 2210 uxo-

190 2237 234 2269 ris
250 2237 415 2282 parentela
429 2237 468 2270 de
483 2237 554 2280 lege
569 2236 761 2280 nuptiarum
781 2235 991 2268 custodienda
1007 2239 1074 2275 est3
1102 2235 1181 2279 qnia
1201 2239 1326 2268 constat
1354 2246 1407 2267 eos
1435 2234 1518 2267 duos
1539 2245 1607 2267 esse
1629 2234 1663 2266 in
1685 2245 1781 2267 carne

189 2307 274 2336 una,
291 2295 429 2339 ideoque
443 2293 627 2327 communis
643 2298 689 2326 est
705 2293 770 2325 illis
786 2296 925 2337 utraque
947 2293 1126 2337 parentela.
1148 2306 1163 2323 »
1179 2293 1259 2325 Item
1274 2292 1383 2325 Julius
1398 2293 1487 2336 Papa
1501 2292 1511 2308 ⁶
1529 2303 1536 2324 :
1557 2305 1573 2323 ‹<
1590 2291 1729 2325 Nullum
1744 2293 1779 2324 in

187 2357 327 2397 utroque
338 2364 417 2384 sexu
432 2352 650 2396 permittimus
665 2363 703 2384 ex
719 2351 962 2395 propinquitate
973 2351 1023 2384 sui
1033 2351 1216 2393 sanguinis,
1230 2351 1281 2383 vel
1293 2350 1416 2390 uxoris,
1434 2362 1538 2394 usque
1553 2350 1586 2382 in
1602 2349 1777 2393 septimum

185 2410 405 2453 generationis
423 2410 463 2453 (a)
489 2410 627 2453 gradum
652 2420 787 2442 uxorem
812 2409 948 2450 ducere,
965 2409 1016 2442 vel
1036 2409 1148 2441 incesti
1172 2409 1299 2441 macula
1319 2407 1484 2452 copulari3
1503 2407 1580 2451 quia
1605 2407 1687 2439 sicut
1710 2418 1777 2440 non

183 2468 258 2501 licet
280 2468 433 2512 cuiquam
459 2467 637 2500 christiano
662 2467 701 2499 dc
725 2478 783 2499 sua
807 2467 1113 2509 consanguinitate,
1139 2466 1184 2498 sic
1208 2478 1266 2498 nec
1288 2466 1327 2498 de
1355 2464 1639 2507 consanguinitate
1664 2464 1777 2497 uxoris

181 2525 355 2570 conjugem
377 2525 493 2558 ducere
517 2528 647 2569 propter
671 2524 777 2556 carnis
803 2524 975 2557 unitatem.
1003 2537 1019 2555 »
1043 2525 1124 2557 Item
1150 2524 1328 2568 Gregorius
1351 2523 1383 2556 ⁵:
1407 2536 1423 2555 ι(
1447 2522 1492 2555 De
1516 2522 1675 2556 affinitate
1698 2533 1776 2556 con-

213 2611 220 2626 ¹
235 2611 347 2635 Hahetur
362 2618 431 2635 caus.
448 2615 526 2638 xxxv,
541 2616 565 2640 q.
581 2615 606 2638 v,
622 2616 644 2632 c.
660 2609 737 2632 Porro
751 2608 780 2632 de
794 2610 964 2639 alfim'tate.—
981 2611 989 2624 ²
1005 2610 1080 2639 lhid„
1096 2617 1121 2641 q.
1142 2616 1180 2640 ιιι,
1195 2618 1217 2633 c.
1234 2608 1386 2640 AEqualiter.
1397 2621 1428 2626 —
1445 2608 1455 2625 ³
1469 2608 1542 2639 ibid„
1557 2616 1579 2632 c.
1595 2608 1660 2632 Sane
1672 2614 1773 2633 consan-

177 2647 297 2677 9uin1'tas.
308 2659 337 2664 —
354 2647 363 2663 ⁸
378 2646 451 2677 ibid„
468 2652 490 2670 c.
509 2645 622 2669 Nullum.
635 2657 664 2662 —
676 2645 686 2660 ⁵
701 2644 773 2675 thid,
793 2652 815 2668 c.
832 2645 866 2667 De
879 2646 1043 2676 affinitate.—
1061 2648 1092 2676 (a)
1111 2645 1152 2670 iil.
1169 2645 1279 2676 generis.
