1991 3006
101 550 135 571 Ad
150 557 201 577 opp.

221 200 279 228 114

477 320 654 359 QUAEs‘rlo
675 319 727 350 111.

235 407 280 434 An
294 407 376 433 sciens
391 402 497 438 aliquid
510 409 559 437 per
577 401 765 434 confessionem
786 400 810 425 et
830 404 878 432 per
892 396 978 422 aliam

429 449 511 478 viam,
528 447 649 473 teneatur
663 444 748 471 celare
761 448 778 468 ¹.

258 530 370 561 Utrum
390 528 492 558 sciens
508 525 628 566 aliquid
645 533 700 564 per
714 521 941 553 confessionem
962 521 992 549 01

217 593 273 624 per
282 583 377 614 aliam
391 582 489 619 viam,
502 578 773 613 teneaturcelai·e;
790 579 819 605 et
834 574 917 614 quod
934 573 988 610 510,

215 637 341 668 videtur
355 635 458 676 primo
472 643 528 674 per
542 631 714 673 quamdam
734 627 922 660 decretalem
939 626 987 656 In-

215 690 352 722 nocentii
374 689 413 720 de
435 687 638 720 Poent‘tentiz's
659 688 687 716 et
710 680 962 714 Remissiom'bus
980 690 991 709 .-

218 755 233 774 «
250 744 309 782 Qui
325 745 487 783 peccatum
502 741 560 770 sibi
582 740 614 769 in
633 735 818 778 poenitentia
832 735 988 764 detectum

214 796 453 838 praesuiupscrit
474 794 631 830 revelare,
653 800 718 822 non
733 790 836 819 solum
852 797 871 818 a
885 795 988 817 sacer—-

213 851 308 882 dotali
327 850 429 881 officio
450 846 673 887 deponendum
694 842 910 875 decernimus,
934 849 988 870 ve-

213 914 287 936 rum
319 904 414 934 etiam
444 903 482 933 ad
515 900 674 939 agendam
705 895 923 937 poenitentiam
957 893 989 923 in

213 960 337 989 arctum
359 955 587 987 monasterium
609 950 884 983 detrudendum.»
902 947 989 985 Ergo

212 1011 238 1041 si
254 1010 368 1051 aliquis
390 1009 480 1040 novit
501 1006 628 1047 aliquod
651 1006 814 1045 peccatum
834 1010 890 1042 per
910 1009 988 1030 con-

212 1064 380 1095 fessionem
392 1087 400 1102 ‚
435 1061 708 1101 qualitercumque
750 1056 828 1086 illud
866 1053 990 1084 noverit

212 1118 313 1154 aliter,
338 1127 402 1148 non
423 1116 549 1147 videtur
573 1112 659 1153 quod
681 1111 777 1151 possit
804 1109 881 1139 illud
904 1108 987 1138 idem

211 1181 268 1211 per
284 1170 512 1201 confessionem
528 1168 684 1206 detegere.

253 1224 331 1254 ltem
345 1222 547 1254 confessionis
566 1219 728 1259 sigillum,
750 1219 786 1247 01
802 1224 898 1255 supra
913 1222 986 1254 pro-

211 1277 322 1308 hatum
343 1279 406 1313 051,
430 1275 519 1306 nullo
543 1276 632 1313 pacto
654 1273 701 1301 est
719 1268 961 1307 infringendum
979 1277 986 1296 t

211 1330 266 1360 Sed
280 1332 356 1360 tunc
372 1328 568 1366 infringitur,
586 1324 713 1365 quando
728 1322 880 1352 confessio
895 1328 988 1350 reve—

210 1383 297 1414 latur
319 1393 326 1412 ι
350 1380 544 1422 impossibile
567 1381 673 1408 autem
697 1378 743 1406 est
768 1374 902 1405 revelari
929 1373 988 1403 1100

212 1438 374 1476 peecatum
390 1434 534 1465 auditum
556 1433 588 1461 in
608 1429 818 1466 confessione,
843 1427 921 1466 quin
939 1435 988 1455 re-

210 1490 334 1520 veletur
354 1487 506 1519 confessio
524 1497 530 1516 z
549 1485 602 1515 sed
624 1482 775 1514 consessio
790 1480 878 1510 nullo
894 1478 988 1509 modo

212 1546 260 1574 est
273 1542 463 1573 revelanda:
482 1548 560 1578 ergo
582 1547 639 1568 nee
659 1536 734 1566 illud
757 1536 930 1574 peccatum.
950 1531 989 1561 Et.

212 1598 314 1636 potest
328 1595 399 1626 fieri
415 1593 485 1624 talis
498 1591 715 1632 syllogismus
730 1587 823 1619 Nulla
834 1585 988 1617 confessio

213 1653 260 1680 est
277 1648 448 1680 revelanda
464 1658 469 1676 z
487 1646 548 1676 hoe
570 1645 733 1684 peecatum
755 1643 801 1671 est
822 1639 983 1675 consessio⁷

212 1703 264 1734 vel
278 1711 350 1742 pars
365 1699 580 1735 confessionis,
596 1695 680 1736 quod
695 1694 863 1734 dupliciter
878 1692 966 1722 novit
979 1702 985 1721 :

213 1765 301 1795 ergo,
319 1758 377 1786 etc.

253 1811 282 1839 3.
299 1808 377 1838 Item
398 1807 468 1837 talis
483 1806 540 1845 qui
553 1804 610 1835 scit
626 1811 681 1842 por
696 1800 941 1836 confessionem,
958 1801 988 1828 et

212 1872 269 1903 per
283 1863 377 1892 aliam
393 1861 494 1895 viam,
512 1858 600 1888 novit
618 1858 654 1887 111
670 1855 782 1891 1101110,
800 1855 829 1882 01
845 1855 880 1882 111
893 1852 985 1882 1)0115.

213 1917 272 1948 Sed
289 1916 321 1945 in
336 1916 491 1954 quantuni
513 1911 600 1941 novit
618 1912 654 1939 ut
678 1908 777 1944 Deus,
800 1907 987 1936 1000101111-

213 1978 299 2006 cere3
318 1969 350 1998 in
370 1968 526 2006 quantum
539 1967 573 1994 ut
591 1963 699 1998 homo,
716 1962 816 2000 potest
828 1959 930 1989 dicere
945 1958 984 1995 01,

213 2022 269 2061 qui
294 2022 395 2060 potest
414 2018 562 2058 prodesse
579 2027 585 2045 z
603 2024 682 2053 ergo
707 2014 775 2043 istae
796 2012 868 2041 duee
888 2020 987 2050 oppo-

214 2075 289 2105 sitas
315 2073 435 2103 habent
463 2069 657 2101 conditiones
682 2078 689 2096 :
718 2064 987 2105 quandocumque

214 2130 321 2158 autem
336 2125 478 2165 opposita
495 2124 569 2152 sunt
585 2122 667 2151 circa
681 2119 780 2154 idem,
798 2125 924 2147 necesse
941 2118 987 2146 est

214 2181 297 2221 quod
320 2181 472 2215 alterum,
496 2176 545 2207 vel
567 2177 755 2212 utrumque,
781 2172 871 2201 cadat
892 2178 911 2199 a
937 2169 985 2199 501

213 2234 403 2274 proprietate
418 2243 424 2261 :
443 2231 468 2261 si
483 2238 561 2268 ergo
578 2228 681 2266 niaJus
694 2225 876 2256 dominatur
891 2231 987 2262 supra

214 2287 333 2323 minus,
351 2289 381 2315 01
394 2282 586 2315 dominando
600 2279 708 2315 vincit,
723 2280 753 2308 et
768 2276 909 2315 cognitio
923 2284 987 2314 qua

214 2340 377 2379 cognoscit
391 2347 445 2377 per
460 2336 588 2366 modum
604 2333 669 2369 Dei,
686 2330 869 2369 simpliciter
884 2329 986 2367 major

214 2396 277 2429 est3
298 2400 376 2430 ergo
396 2390 521 2421 videtur
535 2387 620 2427 quod
635 2385 722 2415 illam
737 2385 862 2413 tenetur
878 2381 983 2420 sequi,

215 2447 246 2476 et
260 2445 304 2475 ita
319 2443 430 2474 celare.

256 2500 286 2528 4.
303 2496 381 2527 Item
396 2493 540 2533 sigillum
553 2489 755 2522 confessionis
770 2488 814 2517 ita
833 2489 917 2518 arcte
933 2487 985 2516 in-

248 2601 253 2613 “
267 2599 306 2628 Cf.
325 2597 394 2621 Mex.
411 2594 506 2623 Ateus„
522 2599 547 2622 p.
564 2591 608 2617 lv,
625 2597 650 2620 q.
666 2595 720 2617 xnx,
738 2587 846 2611 membr.
861 2588 884 2625 2,
901 2588 947 2610 art.
963 2589 985 2616 1,

214 2636 267 2666 §25
279 2636 305 2658 S.
319 2633 421 2661 Thom.²
434 2630 459 2653 in
473 2627 561 2659 Suppl.
573 2634 598 2657 p.
615 2626 656 2654 111,
669 2632 694 2655 q.
708 2622 984 2665 x1,a*rt.5;nicha1vd.‚

215 2670 246 2694 1V
267 2670 346 2698 Sene„
369 2667 426 2691 dist.
446 2670 503 2693 xxl,
526 2665 572 2686 art.
596 2663 617 2691 4,
638 2668 663 2691 q.
687 2666 733 2688 1¹¹3
757 2659 847 2682 'lhoiu
870 2659 985 2687 urgent„

777 185 1087 221 SENTENTIARUM
1110 186 1182 218 LlB.
1211 186 1257 217 lV.

1048 254 1195 284 stitutum
1209 256 1255 284 est
1271 256 1400 294 propter
1415 253 1600 284 scandalum
1610 277 1619 291 ,
1636 255 1667 284 et
1688 262 1728 284 ne
1741 251 1818 284 mali

1048 307 1225 337 sacerdotes
1245 306 1415 345 malignari
1432 307 1569 346 possint,
1585 309 1616 337 et
1636 307 1743 338 fideles
1763 316 1820 347 per

1047 359 1107 389 hoc
1129 370 1149 389 a
1169 360 1361 390 confessione
1386 360 1503 390 retrahi
1522 371 1528 390 z
1545 360 1598 390 sed
1619 359 1645 389 si
1670 360 1713 390 ita
1737 362 1819 390 esset

1047 412 1133 452 quod
1148 414 1253 452 posset
1269 413 1383 452 aliquis
1397 413 1537 444 revelare
1552 412 1636 452 quod
1656 421 1712 452 per
1723 412 1818 442 aliam

1048 466 1133 495 viam
1147 466 1253 504 novit,
1267 466 1399 506 quilibet
1413 467 1472 497 sub
1488 467 1546 497 hoc
1569 468 1726 503 praetextu
1742 474 1818 506 pos-

1047 521 1093 549 set
1108 519 1235 557 onmia,
1259 519 1308 549 vel
1332 528 1389 558 pro
1415 528 1534 558 magna
1555 521 1643 559 parte
1664 517 1817 556 revelare,

1047 571 1153 602 dicens
1179 581 1211 603 50
1226 571 1316 602 aliter
1330 580 1437 610 nosse,
1461 575 1491 603 ct
1515 572 1559 602 sic
1588 572 1696 603 nullus
1715 572 1819 602 malus

1047 627 1151 664 posset
1175 625 1336 662 convinci,
1354 626 1458 656 necin
1478 625 1598 656 malitia
1613 625 1816 665 deprehendi.

1087 682 1115 709 ἲ».
1137 678 1212 709 item
1229 679 1370 718 sigillum
1387 679 1590 710 confessionis
1604 679 1647 710 ita
1656 688 1818 710 annexum

1046 734 1092 762 est
1105 732 1312 770 confessioni,
1330 734 1366 762 ut
1390 732 1584 772 quicumque
1606 731 1818 763 confessiones

1045 785 1145 822 audit,
1162 784 1221 815 1100
1236 785 1302 824 ipso
1317 785 1400 824 quod
1417 784 1515 822 audit,
1533 794 1566 814 se
1581 784 1703 823 obligat
1718 783 1758 815 ad
1772 792 1818 814 se-

1047 838 1122 868 creti
1140 837 1353 868 habitionem:
1371 838 1425 868 sed
1439 837 1512 867 situ
1527 837 1622 867 scires
1639 837 1772 877 aliquid,
1787 839 1818 868 et

1046 891 1248 931 postmodum
1263 891 1461 931 promitteres
1477 891 1624 921 referenti
1638 890 1717 922 illud
1729 890 1816 930 quod

1044 954 1211 984 nunquam
1226 944 1305 975 illud
1321 944 1451 982 (1100Γο5,
1462 944 1615 975 tenereris
1628 943 1760 975 omnino
1770 951 1818 974 00·

1044 998 1109 1028 lare
1122 1009 1127 1028 :
1142 1000 1218 1028 tunc
1232 1007 1311 1037 ergo
1326 997 1453 1028 videtur
1467 997 1611 1027 similiter
1626 997 1712 1036 quod
1727 998 1815 1027 teue-

1044 1054 1096 1082 tur
1111 1051 1211 1081 celare
1226 1051 1303 1081 illud
1315 1075 1323 1089 ,
1340 1051 1425 1091 quod
1441 1051 1532 1081 aliter
1551 1060 1650 1090 quam
1669 1059 1725 1090 per
1739 1059 1815 1082 con·-

1045 1105 1211 1136 t'essionem
1226 1107 1366 1135 noverat.

1084 1158 1198 1189 Contra
1218 1158 1279 1189 hoc
1293 1158 1444 1196 arguitur
1459 1157 1502 1187 510
1514 1182 1525 1195 ‚
1542 1159 1572 1187 et
1597 1166 1742 1197 suppono
1765 1157 1817 1187 hic
1831 1161 1939 1182 Fundam-

1043 1212 1198 1251 quinque,
1216 1221 1288 1251 qnae
1303 1214 1375 1241 sunt
1393 1220 1447 1250 per
1461 1220 1492 1241 se
1512 1212 1598 1241 nota.
1617 1210 1724 1241 Prima
1738 1220 1814 1250 sup-

1044 1265 1158 1304 positio
1172 1267 1229 1303 est,
1241 1265 1325 1304 quod
1340 1265 1420 1295 nihil
1435 1264 1638 1294 statuendum
1651 1266 1698 1295 est
1711 1273 1816 1304 neque

1043 1318 1254 1356 servandum,
1271 1318 1305 1348 in
1323 1326 1386 1357 quo
1406 1318 1461 1347 fiat
1484 1317 1707 1357 praejudicium
1730 1317 1816 1348 veri-

1045 1372 1111 1402 tati.
1127 1372 1271 1402 Secunda
1282 1372 1340 1407 051,
1351 1371 1437 1410 quod
1451 1371 1537 1401 fraus
1550 1372 1580 1401 et
1591 1370 1682 1401 dolus
1695 1371 1816 1402 nemini

1043 1425 1134 1455 debet
1144 1425 1346 1464 patrocinari.
1358 1424 1462 1454 Tertia
1472 1426 1517 1454 est
1527 1424 1606 1462 haec,
1618 1424 1816 1464 quodnullus

1043 1487 1101 1517 pro
1116 1478 1222 1517 aliquo
1238 1480 1362 1508 tenetur
1377 1477 1516 1507 mentiri.
1540 1477 1659 1514 Quarta
1673 1479 1718 1508 est
1732 1477 1813 1515 haec,

1043 1531 1127 1571 quod
1151 1531 1259 1561 nullus
1278 1531 1413 1560 scienter
1432 1530 1533 1561 reddit
1553 1539 1586 1560 se
1608 1530 1814 1570 impotentem

1044 1584 1082 1614 ad
1090 1584 1120 1614 id
1128 1584 1165 1614 ad
1176 1584 1214 1623 (a)
1223 1583 1307 1622 quod
1315 1585 1453 1619 tenetur,
1466 1583 1490 1613 si
1495 1593 1533 1614 ne
1545 1585 1669 1622 peccato
1677 1583 1813 1614 mortali.

1044 1637 1159 1674 Quinta
1174 1639 1221 1667 est
1234 1637 1314 1672 haec,
1330 1636 1416 1676 quod
1439 1636 1520 1666 nihil
1534 1636 1627 1666 debet
1647 1637 1742 1666 statui
1758 1645 1817 1667 nec

1043 1690 1174 1728 servari,
1191 1690 1273 1720 unde
1297 1690 1449 1720 innocens
1468 1690 1565 1729 possit
1589 1689 1817 1720 rationabiliter

1043 1744 1184 1775 accusari
1205 1747 1236 1775 et
1259 1743 1481 1781 condemnari,
1499 1746 1531 1774 et
1550 1743 1603 1773 alii
1627 1743 1666 1774 de
1689 1745 1816 1783 peccato

1043 1797 1258 1828 scandalizari.

1084 1850 1131 1881 Ex
1146 1851 1249 1890 prima
1264 1859 1368 1889 arguo
1381 1850 1424 1879 sic
1438 1859 1445 1880 ε
1462 1849 1546 1881 Ν11111
1561 1849 1754 1880 servandum
1769 1852 1818 1881 est

1044 1905 1077 1934 in
1092 1913 1155 1943 quo
1166 1905 1221 1934 fiat
1237 1903 1456 1943 praejudicium
1471 1903 1615 1933 veritati:
1633 1903 1687 1934 sed
1701 1903 1816 1943 aliquis

1043 1958 1187 1987 sacerdos
1202 1960 1302 1996 potest
1312 1957 1345 1986 in
1355 1966 1450 1987 causa
1460 1956 1631 1993 testificari,
1641 1957 1752 1997 utpote
1761 1956 1816 1997 qui

1044 2019 1117 2040 cum
1132 2010 1193 2040 alio
1203 2010 1282 2041 vidit
1297 2010 1413 2046 furem,
1423 2010 1474 2039 vel
1487 2010 1615 2049 aliquod
1626 2010 1739 2048 simile⁷
1756 2019 1815 2041 cu-

1039 2064 1094 2102 Jus
1110 2063 1326 2093 testificatione
1342 2062 1501 2092 subtracta
1514 2062 1624 2092 latebit
1638 2063 1766 2101 veritas,
1784 2065 1815 2094 et

1042 2115 1191 2154 regnabit
1208 2115 1326 2145 salsitas
1343 2126 1349 2144 :
1367 2115 1393 2144 si
1407 2124 1487 2153 ergo
1502 2114 1570 2145 talis
1583 2115 1813 2146 confessionem

1043 2169 1080 2199 de
1095 2169 1187 2208 culpa
1207 2169 1332 2206 audiat,
1349 2171 1379 2198 et
1400 2168 1460 2199 hoc
1481 2168 1549 2208 ipso
1572 2159 1734 2200 testificari
1748 2179 1813 2201 non

1044 2222 1127 2259 velit,
1146 2222 1181 2252 fit
1196 2221 1416 2261 praejildicium
1434 2221 1559 2252 veritati
1577 2232 1584 2252 :
1600 2230 1680 2261 ergo
1705 2222 1732 2252 si
1753 2222 1814 2254 hoe

1043 2284 1107 2305 non
1122 2275 1212 2305 debet
1229 2274 1308 2311 sieri,
1324 2283 1387 2304 non
1405 2274 1569 2313 obligatur
1578 2274 1618 2305 ad
1632 2275 1811 2306 tacendum.

1082 2328 1129 2358 Ex
1145 2327 1279 2358 secunda
1296 2328 1339 2357 510
1363 2339 1369 2357 2
1399 2327 1498 2357 Fraus
1523 2330 1553 2358 et
1573 2327 1665 2358 dolus
1691 2328 1812 2358 nemini

1042 2381 1131 2412 debet
1146 2381 1335 2420 patrocinari
1349 2390 1356 2410 :
1369 2381 1422 2410 scd
1433 2380 1547 2419 aliquis
1560 2382 1702 2419 peccator
1710 2380 1812 2411 sciens

1042 2444 1075 2466 se
1090 2444 1157 2464 esse
1170 2443 1262 2464 reum
1276 2437 1307 2464 et
1320 2434 1519 2464 accusatione
1533 2433 1680 2471 dignum,
1696 2433 1737 2464 ob
1750 2433 1812 2465 hoe

1041 2488 1143 2519 solum
1152 2487 1188 2526 (b)
1198 2488 1374 2525 confitetur,
1384 2489 1420 2517 ut
1427 2496 1462 2517 os
1467 2486 1634 2517 sacerdotis
1639 2485 1764 2516 claudat
1771 2495 1779 2517 :
1786 2487 1811 2517 51

1043 2587 1074 2610 lv
1087 2586 1165 2613 Sunt,
1175 2585 1232 2609 dist.
1246 2591 1303 2615 xxi,
1314 2592 1339 2615 q.
1352 2590 1368 2614 1,
1378 2586 1424 2607 art.
1441 2583 1720 2614 :;Steph.Bru1es.,1V
1731 2584 1810 2615 Sent„

1041 2622 1098 2645 dist.
1112 2627 1167 2649 xxi,
1187 2628 1212 2651 q.
1229 2626 1281 2650 xu3
1299 2620 1375 2643 Gabr.
1390 2619 1461 2647 Biot„
1478 2619 1507 2643 tV
1525 2620 1603 2648 Sent„
1617 2619 1674 2643 dist.
1687 2625 1742 2650 xxi,
1754 2626 1779 2651 q.
1792 2626 1810 2650 1,

1041 2658 1101 2681 dub.
1117 2658 1140 2680 3.
1156 2669 1186 2674 --
1201 2658 1232 2686 (a)
1249 2656 1291 2679 Al.
1306 2655 1382 2679 deest.
1398 2655 1437 2679 ad.
1454 2667 1483 2672 —
1497 2653 1533 2685 (b)
1548 2654 1591 2678 ΑΙ.
1604 2655 1653 2679 hoc
1667 2655 1731 2680 solo.
