1991 3006
227 250 285 279 600
782 245 1090 278 SENTENTIARUM
1113 245 1188 276 LlB.
1212 245 1261 275 lV.

823 394 1147 441 DISTINCTIO
1185 395 1216 439 L

482 509 521 532 DF.
552 509 663 531 STATH
694 509 734 530 ET
765 508 987 531 CONDITIONE
1019 509 1263 530 DAMNATORUM
1295 509 1336 530 ET
1367 509 1550 531 MALORL'M.

936 630 1045 665 PARS
1076 630 1099 666 l.

251 719 289 741 DE
311 720 405 741 STATU
426 720 464 741 ET
485 719 665 741 CONDITIONE
688 720 896 741 DAMNATORUM
919 720 955 740 ET
978 720 1123 740 MALORUM
1147 720 1219 740 Pos'r
1241 719 1379 741 JUDICH'M
1401 719 1546 745 Ql‘AN'rlru
1569 719 1607 740 AD
1630 718 1785 740 RATIONEM

881 768 917 789 ET
938 768 1154 789 VOLUNTATEM.

101 870 133 890 A„
146 870 194 889 mm,
268 844 327 876 Hic
341 845 446 877 oritur
460 845 594 888 quaestio
610 856 648 877 ex
664 845 839 888 praemissis
863 845 984 876 (lucens
1005 844 1177 887 originem.
1197 844 1303 888 Supra
1321 844 1408 876 enim
1425 843 1652 885 Augustinus,
1670 843 1814 887 loquens

98 900 207 957 ⁵¹:³³3?
222 903 261 934 de
284 903 377 935 malis
393 903 425 935 in
442 902 569 935 inferno
586 902 747 934 damnatis
760 929 767 943 ⁷
785 902 924 934 ethonis
947 902 980 934 in
998 902 1079 934 coelo
1095 901 1285 943 glorificatis
1299 928 1306 942 ‚
1330 902 1429 933 dixit*
1446 901 1532 944 quod
1560 911 1617 933 nec
1643 900 1737 933 bonis
1755 911 1810 933 vo-

99 961 159 987 ¹³²¹¹¹¹=
180 963 205 982 1¹⁰
222 960 348 1000 luntas,
366 971 423 992 nec
449 960 542 992 malis
564 960 699 992 facultas
720 970 787 992 esse
809 959 960 1003 peccandi
987 959 1113 1002 poterit.
1139 959 1178 991 Et
1202 959 1240 991 ile
1262 959 1355 992 bonis
1379 959 1513 1002 quidem
1537 962 1683 997 constan
1700 957 1755 990 sed
1771 957 1810 990 dn

98 993 204 1013 conditio-

99 1030 136 1074 Διιῖε
152 1026 195 1043 mm
221 1017 334 1058 malis,
350 1029 368 1049 a
383 1017 503 1061 quibus
519 1017 719 1050 voluntatem
738 1017 856 1049 malam
874 1028 939 1049 uon
954 1021 1119 1056 removet,
1135 1017 1295 1060 quaeritur
1309 1017 1475 1061 quomodo
1489 1016 1530 1048 sit
1548 1026 1662 1048 verum
1678 1027 1732 1048 eos
1743 1026 1809 1048 non

99 1061 103 1074 ι
125 1061 193 1080 orum,

123 1087 172 1119 ‘aum
220 1086 310 1119 posse
326 1086 472 1119 peccare,
491 1075 556 1107 imo
571 1075 735 1119 quomodo
751 1086 865 1107 verum
890 1075 930 1106 sit
952 1086 1006 1106 uos
1021 1085 1086 1107 non
1103 1085 1232 1118 peccare
1245 1100 1252 1114 ‚
1270 1085 1345 1106 cum
1363 1074 1480 1106 malam
1498 1073 1639 1106 habeant
1655 1073 1808 1106 volunta-

99 1116 205 1168 (ἓξὲξ.
221 1136 296 1165 tem.
314 1132 452 1171 Quidam
470 1137 644 1165 autumant
659 1133 750 1165 illam
766 1133 969 1165 voluntalem
986 1144 1051 1165 non
1072 1144 1139 1164 esse
1167 1136 1331 1175 peccatum
1350 1159 1357 1173 ‚
1375 1132 1430 1164 sed
1447 1131 1645 1175 supplicium
1664 1135 1803 1164 tantum.

219 1190 284 1222 Alii
301 1201 377 1222 vero
395 1194 558 1233 peccatum
576 1201 643 1223 esse
660 1190 818 1231 fatentur,
837 1190 890 1221 sed
909 1201 965 1233 per
981 1190 1063 1222 illud
1090 1201 1144 1222 eos
1167 1201 1233 1222 nou
1259 1190 1372 1222 mereri
1390 1189 1535 1233 aliquam
1552 1200 1681 1233 poenam
1700 1215 1707 1229 ,
1729 1189 1807 1233 quia

218 1258 283 1280 non
303 1251 347 1280 est
364 1247 408 1279 ibi
423 1247 514 1280 locus
530 1248 688 1281 merendi.
706 1248 792 1280 Illud
809 1259 885 1290 ergo
904 1252 1068 1291 peccatum
1085 1247 1197 1280 dicunt
1214 1259 1277 1279 non
1303 1258 1370 1279 esse
1386 1247 1540 1280 meritum
1563 1246 1733 1291 supplicii,
1752 1246 1805 1279 sed

217 1305 415 1348 supplicium
445 1304 521 1336 mali
552 1305 682 1346 meriti,
704 1305 793 1349 quod
822 1305 854 1337 in
880 1305 938 1337 hac
954 1306 1020 1338 vita
1040 1306 1209 1349 praecessit.
1231 1305 1277 1337 De
1299 1305 1359 1338 hoc
1381 1310 1490 1338 autem
1519 1304 1746 1348 Augustinus’
1764 1305 1809 1337 ita

217 1363 293 1395 dicit
315 1375 321 1394 ;
342 1376 357 1394 <‹
372 1363 515 1406 Tempus
537 1362 729 1406 acquirendi
747 1363 846 1396 vitam
862 1368 1018 1396 &eternam
1034 1364 1067 1395 iu
1085 1364 1143 1395 hac
1159 1367 1286 1396 tantum
1304 1364 1370 1396 vita
1386 1363 1471 1396 Deus
1489 1362 1679 1396 hominibus
1695 1362 1805 1403 dedit,

218 1421 274 1452 ubi
292 1420 395 1452 voluit
409 1420 505 1453 etiam
523 1421 747 1464 poenitentiain
764 1433 831 1453 e5>e
856 1421 1067 1453 fructuosam.
1087 1421 1161 1454 Ideo
1185 1422 1236 1453 hic
1253 1421 1444 1466 prenitentia
1461 1421 1626 1454 fructuosa
1641 1424 1707 1462 est,
1729 1420 1809 1465 quia

217 1482 320 1521 potest
335 1478 387 1510 hic
408 1478 503 1510 modo
528 1478 674 1522 deposita
694 1479 840 1522 nequitia
861 1479 942 1511 bene
962 1480 1089 1521 vivere,
1113 1485 1143 1511 et
1160 1484 1285 1512 mutata
1301 1479 1483 1521 voluntate,
1502 1479 1618 1511 merita
1642 1478 1808 1523 simulque

217 1546 314 1578 opera
331 1540 470 1576 mutare,
487 1540 518 1568 et
533 1546 569 1568 ea
585 1547 696 1578 gerere
714 1547 785 1580 quae
801 1537 866 1569 Deo
884 1537 1040 1580 placeant.
1059 1537 1153 1576 Quod
1176 1537 1234 1581 qui
1253 1537 1286 1569 in
1303 1537 1362 1569 hac
1378 1537 1444 1569 vita
1459 1548 1524 1569 nou
1540 1537 1663 1578 fecerit,
1677 1536 1808 1569 habebit

217 1593 349 1636 quinem
362 1593 586 1636 poeuitentiam
603 1594 634 1625 iu
652 1594 764 1626 futuro
780 1594 897 1627 saeoulo
910 1595 949 1626 de
967 1594 1060 1626 malis
1075 1595 1157 1634 suis,
1173 1595 1228 1626 sed
1243 1594 1481 1636 indulgentiam
1506 1594 1539 1625 in
1555 1598 1727 1637 conspectu
1743 1593 1808 1627 Do-

218 1650 298 1682 mini
314 1661 379 1681 non
394 1650 538 1682 inveniet
556 1663 562 1682 :
580 1652 657 1694 quia
681 1652 739 1683 etsi
762 1652 823 1683 vrit
845 1652 1000 1683 stimulus
1015 1652 1247 1695 poenitmliuis,
1266 1656 1373 1684 tamen
1398 1652 1490 1683 nulla
1509 1652 1570 1683 erit
1586 1651 1630 1684 ibi
1653 1652 1808 1684 correctio

217 1707 406 1739 voluntatis.
425 1709 453 1739 A
474 1708 594 1740 talibus
609 1709 694 1740 euim
720 1709 764 1740 ita
785 1709 973 1752 culpabitur
990 1709 1147 1753 iniquitas
1163 1720 1238 1749 sua,
1258 1713 1294 1740 ut
1310 1709 1501 1741 nullatenus
1525 1709 1566 1740 ab
1580 1709 1626 1741 eis
1642 1709 1740 1752 possit
1757 1709 1807 1742 vel

217 1764 330 1806 diligi,
348 1765 399 1797 vel
422 1765 598 1797 desiderari
621 1766 759 1809 justitia.
778 1766 940 1799 Voluntas
962 1767 1050 1798 enim
1076 1777 1189 1799 eorum
1215 1767 1288 1799 talis
1310 1767 1371 1798 erit
1388 1771 1423 1798 ut
1442 1766 1558 1799 habeat
1580 1777 1706 1810 semper
1721 1767 1755 1799 in
1774 1778 1808 1800 se

219 1822 431 1864 malignitatis
446 1833 510 1855 suae
527 1823 724 1867 supplicium
739 1850 746 1864 ‚
764 1835 935 1867 nunqnam
962 1828 1071 1856 tamen
1093 1824 1235 1868 recipere
1258 1824 1357 1868 possit
1373 1824 1527 1857 honitatis
1543 1824 1706 1857 effectum.
1724 1824 1809 1864 Quia

217 1879 299 1911 sicut
314 1880 361 1911 illi
379 1880 436 1923 qui
452 1891 526 1912 cum
544 1880 670 1913 Christo
686 1881 871 1924 regnabunt
889 1881 997 1914 nullas
1017 1882 1050 1913 iu
1071 1893 1103 1913 se
1125 1882 1219 1914 nialae
1243 1882 1423 1914 voluntatis
1442 1882 1598 1926 reliquias
1620 1882 1807 1923 habebunt,

217 1937 261 1968 ita
276 1937 325 1969 illi
340 1937 397 1981 qui
412 1941 509 1969 erunt
526 1938 558 1970 in
575 1939 734 1982 supplicio
757 1939 871 1971 aeterni
896 1939 982 1981 iguis
1003 1950 1077 1971 cum
1096 1939 1227 1972 diabolo
1248 1944 1278 1971 et
1294 1939 1420 1982 angelis
1446 1940 1516 1983 ejus
1539 1939 1685 1984 deputati
1701 1966 1709 1981 ,
1725 1940 1809 1972 sicut

217 1994 344 2027 nullam
359 1995 526 2027 habebunt
541 1996 679 2028 ulterius
695 1997 843 2040 requiem
858 2023 866 2038 ‚
883 1997 927 2028 sic
941 1997 1059 2029 bonam
1077 1997 1267 2029 nullatenus
1284 2001 1437 2041 poterunt
1454 1997 1572 2030 habere
1590 1997 1806 2030 voluntatem.

218 2051 256 2083 Et
272 2052 355 2084 sicut
368 2052 589 2085 cohaeredibus
603 2054 722 2086 Christi
738 2054 869 2086 dabitur
891 2054 1043 2098 perfectio
1066 2055 1180 2097 gratiae
1205 2055 1243 2087 ad
1268 2059 1423 2087 aeternam
1438 2055 1576 2097 gloriam
1596 2067 1602 2087 z
1619 2055 1664 2088 ita
1678 2066 1809 2088 consor-

220 2109 304 2142 tibus
319 2109 441 2142 diaboli
456 2111 639 2142 cumulabit
654 2111 722 2154 ipsa
739 2111 924 2153 malignitas
941 2122 1069 2155 poenam
1080 2138 1087 2152 ‚
1101 2112 1234 2156 quando
1251 2112 1467 2145 exterioribus
1490 2113 1635 2157 deputati
1652 2114 1805 2155 tenebris,

218 2167 310 2199 nullo
326 2167 581 2199 illustrabuntur
597 2168 744 2201 interiori
758 2169 884 2201 lumine
899 2170 1055 2202 veritatis.
1072 2182 1088 2201 >³
1100 2170 1146 2202 Ex
1165 2170 1215 2202 his
1227 2174 1361 2214 apparet
1377 2170 1531 2214 reprobos
1545 2170 1578 2202 in
1595 2170 1724 2204 inferno
1739 2182 1805 2215 poe—

218 2224 389 2256 nitentiam
406 2225 450 2256 sic
464 2230 629 2267 gesturos,
647 2231 683 2258 ut
700 2238 755 2270 per
774 2237 845 2259 eam
863 2238 996 2271 pravam
1013 2227 1216 2260 voluntatem
1243 2239 1309 2260 non
1333 2227 1482 2260 deserant
1503 2240 1509 2260 :
1527 2232 1557 2260 et
1582 2228 1640 2261 illa
1661 2229 1806 2271 maligna

218 2281 369 2314 voluntas
384 2283 444 2314 erit
458 2283 503 2314 eis
518 2283 558 2315 ad
578 2284 750 2316 cumulum
774 2296 896 2328 poenae:
915 2296 971 2328 per
992 2296 1092 2329 quam
1116 2289 1225 2318 tamen
1250 2297 1315 2318 non
1340 2285 1566 2327 merebuntur,
1600 2286 1678 2330 quia
1693 2287 1807 2320 nullus

219 2343 361 2371 meretur
375 2365 382 2379 ,
400 2339 462 2371 nisi
480 2340 513 2372 in
530 2340 588 2373 hac
604 2341 682 2374 vita.

96 2412 203 2436 Quamui-
262 2396 321 2428 Hic
335 2397 440 2440 quaeri
455 2402 556 2440 potest
571 2410 672 2442 quare
689 2399 752 2432 illae
768 2401 909 2433 tenebrae
920 2427 927 2441 ,
939 2401 1060 2444 quibus
1076 2401 1288 2433 involventur
1306 2402 1382 2434 mali
1409 2402 1443 2434 in
1458 2402 1609 2445 gehenna
1621 2429 1628 2443 ,
1648 2403 1804 2436 dicuntur

95 2445 203 2494 “’,ξ“ζζξζ
220 2454 358 2487 tenebrae
382 2454 567 2487 exteriores.
594 2456 678 2494 Quia
703 2461 779 2489 tunc
798 2458 876 2490 mali
900 2459 1028 2502 penitus
1051 2464 1142 2490 extra
1164 2459 1267 2490 lucem
1293 2459 1495 2503 corporalem
1519 2464 1549 2492 et
1575 2460 1776 2504 spiritualem
1791 2487 1799 2502 ,

105 2506 193 2555 ᾞζῖω·
216 2511 336 2544 scilieet
351 2511 473 2552 Deum,
492 2516 600 2545 erunt.
620 2513 713 2546 Nunc
729 2516 815 2547 enim
832 2516 889 2547 etsi
909 2516 1074 2559 patiantur
1089 2516 1238 2548 tenebras
1255 2517 1286 2548 in
1302 2517 1444 2549 caecitate
1461 2517 1578 2549 mentis
1590 2543 1597 2557 ,
1611 2529 1676 2550 non
1694 2522 1800 2552 tamen

215 2569 343 2612 penitus
360 2574 451 2602 extra
466 2570 571 2602 lucem
589 2571 646 2603 Dei
662 2576 755 2612 sunt,
774 2584 831 2605 nec
844 2573 1004 2616 corporali
1018 2573 1089 2606 luce
1103 2573 1283 2617 privantur.
1304 2574 1348 2606 De
1364 2574 1423 2606 hoc
1436 2575 1646 2617 Augustinus
1660 2576 1704 2608 sic
1719 2577 1764 2608 ait
1775 2578 1796 2609 ⁸:

245 2681 318 2738 '8Aug
330 2698 337 2710 ‚
356 2680 498 2709 Enchz‘t·t'1l.,
515 2688 537 2705 c.
554 2687 604 2711 εει,
622 2688 647 2705 n.
663 2684 700 2710 29,
712 2696 742 2700 —
757 2685 765 2698 ²
778 2685 830 2708 {mo
847 2685 972 2716 Fulgent,
987 2687 1015 2710 de
1029 2687 1084 2710 Fid.
1101 2687 1134 2710 ad
1146 2687 1222 2715 Petra,
1237 2694 1259 2709 c.
1274 2692 1313 2716 111,
1324 2693 1350 2709 n.
1364 2688 1401 2710 38.
1413 2686 1462 2703 —⁸
1474 2688 1548 2717 Aug..
1560 2686 1654 2710 Eum-r.
1669 2687 1694 2710 in
1708 2688 1746 2711 Ps.
1763 2693 1798 2718 Vl,

209 2720 234 2737 n.
270 2732 275 2738 .
