1991 3006
24 1626 56 1646 Ad
77 1633 127 1653 opp.

644 177 737 207 msT.
761 176 849 207 XXV.
874 176 964 207 ART.
988 177 1025 207 Il.
1050 176 1197 213 QUFST.
1221 177 1243 207 I.

145 246 308 275 tonsuram
323 247 353 274 et
372 253 540 275 coronam:
558 246 589 274 et
605 243 712 274 nullus
727 244 764 274 ad
779 244 838 274 hoc
855 244 912 274 ha-

145 298 197 327 bet
224 298 402 328 naturalem
435 297 661 337 aptitudinem,
697 306 793 336 quem
827 297 915 327 decet

145 360 269 390 semper
280 352 394 382 habere
406 350 546 381 velatum
557 353 659 389 caput.
673 349 705 381 Si
718 359 798 388 ergo
811 349 914 379 solum

145 403 253 433 virum
278 413 333 443 per
353 405 500 433 naturam
521 403 607 433 decet
625 412 716 432 orare
733 403 832 442 capite
852 412 916 433 non

145 456 259 493 velato,
276 455 442 486 mulierem
460 458 567 485 autem
582 456 684 486 velato
703 456 817 494 capite,
833 456 915 486 sicut

145 509 301 544 dicitur¹‚
327 509 410 548 quod
434 511 464 539 et
485 510 558 548 ipsa
583 514 701 540 natura
723 509 839 541 docet:
865 518 915 539 er-

146 571 203 601 go,
221 563 277 592 etc.

185 615 263 645 Item
279 614 385 644 nullus
406 616 452 645 est
472 614 626 654 possibilis
644 615 682 645 ad
703 615 828 645 ordines
845 624 916 645 sus-

146 667 317 707 cipiendos,
334 667 394 697 nisi
411 667 464 707 qui
479 667 531 697 Dei
547 668 629 706 gerit
641 667 825 706 imaginem,
842 668 917 707 qnia

145 721 179 751 in
198 721 257 751 hoc
279 724 475 751 sacramento
497 720 592 750 homo
610 720 748 759 quodam
773 721 865 750 modo
884 721 917 751 fit

148 774 237 813 Deus,
254 775 319 804 sive
334 774 471 811 divinus,
484 774 559 804 dum
578 774 739 813 potestatis
750 774 866 804 divinae
882 775 918 804 fit

146 828 300 867 particeps
317 839 323 857 z
351 828 404 858 sed
426 828 476 858 vir
498 827 619 857 ratione
640 836 735 857 sexus
751 829 796 857 est
811 828 916 867 imayo

147 881 216 917 Dei,
232 881 312 910 sicut
329 880 478 910 dieitur2:
496 889 573 919 crgo
588 880 678 910 nullo
693 880 786 910 modo
804 881 917 911 mulier

147 936 246 973 potest
262 933 413 964 ordinari.

188 987 264 1016 Item
287 986 319 1015 in
342 986 450 1016 ordine
472 986 644 1024 spiritualis
668 988 803 1025 potestas
826 986 917 1016 datur

146 1039 306 1069 ordinato:
329 1039 380 1069 sed
403 1039 472 1068 talis
488 1039 647 1078 potestatis
662 1047 724 1068 non
739 1041 785 1068 est
804 1039 917 1069 mulier

145 1091 368 1130 susceptibilis,
396 1091 476 1121 sicut
502 1091 660 1122 dicitur-³:
691 1091 856 1123 Mulierem
883 1093 917 1123 in

146 1145 274 1176 ecclesia
293 1144 400 1176 docere
419 1152 482 1175 non
501 1145 666 1183 permitto,
690 1153 788 1184 neque
813 1145 917 1176 domi-

145 1199 220 1229 narl'
235 1199 271 1228 in
288 1199 393 1229 virum
405 1207 415 1226 :
430 1207 507 1235 ergo
526 1207 583 1227 nec
596 1197 726 1227 ordinis.

187 1250 263 1281 Item
287 1251 413 1281 ordines
428 1251 481 1281 alii
497 1253 679 1290 praeparant
695 1251 733 1281 ad
753 1251 916 1290 episcopa-

147 1306 232 1341 tum,
254 1304 278 1333 si
300 1303 370 1343 quis
384 1304 463 1334 bene
483 1304 516 1333 in
536 1304 596 1333 illis
616 1307 838 1334 conversetur:
863 1305 916 1334 sed

146 1356 311 1396 episeopus
334 1366 468 1396 sponsus
489 1358 535 1387 est
557 1356 722 1387 Ecclesiae:
745 1366 823 1395 ergo
842 1367 916 1387 cum

146 1410 261 1440 mulier
280 1419 344 1440 non
360 1410 459 1449 possit
477 1410 515 1439 ad
531 1410 748 1449 episcopatum
763 1411 914 1450 provehi,

145 1462 197 1493 sed
220 1464 344 1493 tantum
366 1463 416 1493 vir
439 1462 596 1502 (alioquin
614 1472 749 1502 sponsus
770 1462 914 1493 Ecclesiae

144 1525 208 1546 non
223 1517 326 1556 esset),
339 1526 416 1556 ergo
431 1517 469 1547 ad
480 1517 606 1547 ordines
617 1517 836 1547 antecedentes
847 1526 917 1556 pro-

144 1570 264 1600 moveri
280 1572 326 1600 est
341 1573 464 1600 tantum
478 1570 632 1600 virorum.

185 1621 314 1652 Contra:
331 1625 359 1652 1.
372 1621 505 1661 Legitur
516 1622 525 1637 ⁶
540 1622 624 1661 quod
640 1621 762 1651 Debora
780 1622 818 1661 (a)
832 1622 916 1661 Judi-

144 1674 226 1705 cavit
239 1674 344 1712 Israel,
357 1677 388 1705 et
397 1675 425 1705 ei
436 1675 581 1714 praefuit:
599 1684 679 1713 ergo
694 1675 819 1705 videtur
830 1675 915 1714 quod

144 1728 270 1759 mulieri
285 1731 441 1769 competat
455 1731 590 1768 potestas
601 1728 785 1768 judiciaria,
809 1728 914 1758 maxi-

143 1791 194 1812 me
206 1782 332 1821 quando
348 1781 487 1812 abundat
510 1781 543 1811 in
567 1781 689 1820 gratia:
711 1790 788 1820 ergo
811 1784 841 1811 et
862 1791 916 1821 po-

143 1837 235 1866 testas
251 1835 461 1866 sacerdotalis.

184 1888 260 1919 Item
281 1889 314 1918 in
335 1897 418 1918 novo
440 1889 628 1918 testamento
649 1888 794 1918 videmus
818 1889 913 1919 abba-

144 1942 251 1979 tissas7
282 1941 399 1980 quibus
429 1941 671 1971 committuntur
701 1941 837 1981 collegia
864 1951 913 1972 re-

143 1995 263 2034 genda:
287 2003 365 2033 ergo
389 1994 514 2024 videtur
528 1994 613 2033 quod
628 1994 674 2024 eis
690 1994 844 2024 committi
859 1995 912 2025 de-

144 2048 214 2078 beat
236 2049 370 2087 potestas
395 2046 579 2077 absolvendi
607 2048 637 2076 et
658 2046 781 2085 ligandi
802 2058 807 2077 :
836 2057 914 2087 ergo

143 2101 211 2140 pari
227 2101 346 2131 ratione
361 2097 487 2131 videtur
508 2100 592 2139 quod
608 2100 741 2130 conferri
759 2101 855 2140 possit
871 2101 915 2132 eis

143 2154 219 2185 ordo
238 2153 449 2184 sacerdotalis.

183 2209 212 2238 3.
239 2207 317 2237 Item
349 2207 425 2237 ordo
450 2206 649 2237 sacerdotalis
675 2209 706 2237 et
731 2207 784 2237 alii
813 2208 911 2247 respi—

143 2261 232 2291 ciunt
248 2260 287 2299 (a)
310 2262 433 2290 tantum
457 2260 609 2297 animam,
633 2261 662 2290 et
683 2269 747 2290 non
766 2270 910 2292 carnem:

144 2314 196 2344 sed
213 2315 369 2354 quantum
389 2313 428 2344 ad
446 2313 586 2344 animam
606 2323 669 2344 non
691 2316 737 2344 est
757 2314 914 2346 distinctio

145 2375 250 2404 sexus,
265 2368 329 2397 imo
344 2367 387 2397 ita
404 2367 513 2406 imago
524 2366 577 2397 Dei
592 2369 639 2398 est
655 2367 782 2406 mulier,
796 2371 832 2399 ut
846 2370 912 2400 vir:

144 2428 223 2458 ergo
238 2429 327 2460 aeque
342 2420 420 2450 bene
434 2423 480 2450 est
495 2421 702 2460 susceptibilis
716 2421 845 2452 ordinis.

185 2474 213 2502 4.
231 2472 307 2503 Item
326 2482 390 2503 non
409 2475 455 2503 est
478 2474 580 2513 major
599 2474 747 2513 perfectio
761 2484 860 2515 quam
875 2476 915 2506 sit

180 2572 185 2586 ¹
204 2571 210 2594 l
226 2571 294 2599 Cor„
314 2577 353 2601 x1,
371 2574 407 2596 14.
429 2573 464 2596 En
484 2572 598 2603 profecto
619 2574 797 2603 argumentum
818 2573 914 2604 cupillis

146 2609 262 2631 tractum.
279 2620 309 2624 —
323 2608 333 2623 ²
350 2607 422 2637 lbid„
438 2609 460 2632 7.
482 2621 507 2624 —
523 2609 547 2632 ³1
567 2608 638 2638 Tim„
653 2614 680 2637 11,
698 2610 734 2632 12.
752 2622 781 2627 -
798 2609 808 2625 ⁸
824 2609 914 2640 Judz'c.,

148 2644 257 2672 1V,4.—
269 2643 278 2660 ⁵
290 2643 386 2669 Decret,
397 2650 422 2673 p.
440 2644 458 2674 Ι,
471 2643 529 2668 dist.
544 2645 582 2672 23,
595 2650 617 2667 c.
632 2644 747 2669 xxm—⁶
758 2644 831 2674 thid„
843 2652 868 2675 p.
883 2645 914 2674 ΙΙ,

1687 180 1694 206 Ι
1701 178 1739 205 oo

971 246 1068 275 status
1088 244 1261 282 religionis,
1280 254 1336 275 nec
1352 246 1452 284 major
1465 244 1625 282 fortitudo,
1643 254 1738 284 quam

971 297 1010 327 sit
1033 297 1064 326 in
1091 298 1291 336 perpessione
1316 298 1480 337 martyrii:
1512 297 1565 327 sed
1590 297 1739 327 mulieres

971 349 1179 379 admittuntur
1203 351 1266 378 tam
1291 350 1329 379 ad
1354 350 1555 389 religionem,
1582 359 1677 390 quam
1702 351 1740 381 ad

972 402 1179 442 martyrium:
1198 411 1278 441 ergo
1293 403 1406 433 debent
1421 406 1451 433 et
1471 405 1604 442 possunt
1618 403 1740 433 admitti

971 454 1009 485 ad
1026 454 1167 485 ordinem
1183 463 1318 484 sacrum.

1243 572 1465 604 CONCLUSIO.

972 660 1098 686 Mulieres
1116 667 1166 686 non
1182 659 1257 685 morito
1273 667 1323 685 non
1341 659 1445 693 debent,
1469 663 1493 687 et
1512 669 1564 687 non
1580 665 1693 696 possunt
1712 663 1743 689 de

1004 703 1065 737 jure
1077 704 1200 729 ordinari
1210 712 1217 735 ;
1229 703 1274 729 sod
1289 704 1321 729 de
1330 705 1404 736 facto
1421 711 1472 730 non.
1487 705 1662 738 ordinantur,
1679 709 1743 740 qum

1008 748 1044 773 ad
1058 747 1161 774 ordines
1176 748 1357 782 suscipiendos
1378 750 1526 782 requiritur
1545 757 1622 776 semus
1642 758 1744 776 mascu-

1008 793 1087 818 linus.

1013 878 1102 917 Resp.
1121 878 1159 908 ad
1179 888 1248 917 arg.
1273 879 1442 909 Dicendum
1459 880 1549 919 [quod
1567 882 1745 911 communis

973 931 1033 961 hoe
1053 933 1137 961 tenet
1157 931 1273 970 opinio,
1298 932 1382 971 quod
1407 932 1556 962 mulieres
1577 933 1614 962 asl
1640 943 1744 964 sacros

972 984 1097 1014 ordines
1118 984 1241 1014 admitti
1264 993 1327 1014 non
1348 985 1472 1015 debent.
1496 985 1575 1015 Nam
1598 996 1746 1026 expresse

973 1037 1097 1074 dicitur,
1121 1037 1191 1066 dist.
1213 1039 1251 1067 ⁶23
1265 1037 1274 1052 ⁵
1291 1048 1296 1067 z
1315 1049 1328 1066 α
1349 1038 1491 1068 Sacratas
1516 1038 1577 1069 Deo
1600 1040 1744 1078 feminas,

973 1091 1022 1120 vel
1039 1091 1209 1120 monachas
1224 1100 1311 1120 sacra
1326 1100 1411 1128 vasa,
1430 1092 1479 1121 vel
1496 1095 1632 1122 sacratas
1648 1093 1744 1132 pallas

972 1153 1067 1184 penes
1081 1153 1138 1174 vos
1155 1145 1356 1183 contingere.
1374 1147 1403 1174 et
1419 1145 1584 1175 incensum
1603 1146 1685 1176 eirca
1700 1147 1746 1176 al-

972 1200 1039 1227 tare
1062 1197 1182 1227 deferre
1209 1197 1365 1236 perlat-im
1399 1200 1444 1228 est
1467 1198 1505 1227 ad
1531 1198 1745 1237 Apostolicam

973 1250 1103 1288 Sedem,
1121 1260 1193 1289 quse
1208 1250 1315 1280 omnia
1332 1251 1575 1290 vituperatione,
1596 1254 1625 1281 et
1640 1261 1746 1291 repre-

973 1303 1122 1333 hensione
1140 1304 1232 1343 plena
1253 1313 1320 1333 esse
1341 1304 1418 1333 nulli
1442 1307 1524 1334 recte
1547 1306 1678 1344 sapienti
1700 1309 1746 1336 est

973 1357 1118 1386 dubium.
1151 1356 1346 1396 Quapropter
1380 1357 1477 1396 liujus
1509 1360 1625 1387 sanctae
1658 1358 1744 1388 Sedis

973 1409 1172 1447 alict01·itatc;
1191 1420 1230 1439 ne
1245 1410 1338 1448 pestis
1353 1410 1421 1439 haee
1437 1410 1531 1439 latius
1546 1410 1742 1449 divulgetur,

972 1472 1027 1502 per
1038 1472 1147 1493 omnes
1159 1464 1334 1502 provincias
1344 1463 1483 1502 abstergi
1497 1464 1647 1493 citissime
1659 1473 1745 1494 man-

973 1517 1094 1547 damns.
1121 1528 1134 1544 »
1164 1516 1201 1546 Et
1221 1516 1265 1546 sic
1288 1525 1398 1546 omnes
1421 1517 1636 1554 consentiunt,
1661 1518 1744 1556 quod

973 1570 1152 1609 promoveri
1168 1578 1231 1599 non
1253 1569 1382 1606 debent3
1401 1569 1454 1599 sed
1477 1571 1584 1599 utrum
1609 1570 1743 1609 possint,

973 1623 1104 1653 dubium
1123 1625 1179 1652 est.
1205 1622 1286 1653 Sane
1310 1622 1522 1661 quorumdam
1545 1623 1651 1662 opinio
1671 1624 1742 1662 fuit,

972 1676 1056 1715 quod
1081 1678 1223 1716 possunt;
1241 1676 1314 1706 dicti
1335 1678 1409 1706 sunt
1429 1675 1641 1716 Cataphrygae
1661 1688 1666 1706 :
1689 1678 1745 1716 qui

973 1730 1066 1759 etiam
1093 1738 1157 1759 uon
1182 1729 1284 1759 solum
1309 1729 1481 1768 praemissis
1506 1730 1745 1760 auctoritatibus

973 1783 1165 1819 innituutnr;
1185 1783 1238 1813 sed
1253 1783 1492 1813 auctoritatibus
1513 1783 1678 1814 adhaerent
1692 1793 1745 1813 ca—

973 1845 1092 1866 nonum
1108 1838 1138 1866 et
1150 1845 1207 1875 pro
1223 1845 1255 1866 se
1272 1836 1443 1873 adducunt,
1465 1836 1496 1865 in
1511 1836 1627 1875 quibus
1644 1839 1748 1867 osten-

972 1889 1056 1919 ditur
1070 1889 1216 1919 mulieres
1230 1889 1407 1928 antiquitus
1421 1889 1547 1918 ordines
1560 1890 1743 1928 suscepisse.

974 1942 1090 1972 Dicitur
1108 1942 1193 1972 enim
1213 1946 1223 1959 ‘³
1247 1953 1252 1971 :
1273 1954 1286 1969 α
1309 1941 1520 1971 Diaconissam
1544 1944 1617 1972 ante
1645 1952 1745 1973 annos

972 1995 1183 2035 quadraginta
1206 2004 1269 2025 non
1306 1995 1419 2025 debere
1445 1995 1605 2033 ordiliari,
1634 1997 1744 2026 statui·-

972 2059 1054 2080 mus.
1076 2061 1089 2078 »
1106 2049 1145 2079 Et
1164 2049 1196 2079 in
1218 2049 1327 2079 cadem
1352 2048 1527 2088 quaestione
1545 2052 1553 2066 ⁷
1573 2060 1578 2079 z
1597 2048 1658 2079 «Si
1674 2050 1745 2089 quis

972 2103 1111 2142 rapuerit
1127 2125 1134 2139 ,
1165 2102 1215 2132 vel
1242 2101 1454 2132 sollicitaverit
1482 2102 1700 2133 diaconissam.
1726 2114 1740 2131 »

973 2156 1009 2186 Et
1038 2156 1192 2193 similiter,
1223 2156 1293 2186 dist.
1326 2163 1408 2185 mxu
1438 2155 1447 2171 '³
1479 2156 1535 2195 (α),
1566 2156 1685 2187 mentio
1709 2156 1744 2186 fit

971 2210 1009 2239 de
1024 2209 1216 2249 presbytera.
1239 2208 1300 2239 Sed
1318 2209 1344 2238 si
1369 2209 1550 2239 attendatur
1565 2209 1649 2248 quod
1670 2209 1743 2240 dici-

972 2267 1034 2301 tur,
1052 2263 1123 2293 dist.
1141 2264 1189 2300 3⁶2,
1206 2262 1438 2301 presbyteram,
1455 2264 1527 2299 etc,
1546 2262 1589 2292 ibi
1604 2263 1743 2293 ostendi-

973 2319 1024 2346 tur
1040 2316 1123 2355 quod
1140 2316 1332 2355 presbyterae
1348 2316 1502 2345 vocantur
1518 2315 1635 2352 viduae,
1653 2318 1683 2345 et
1698 2325 1743 2345 sc-

972 2369 1087 2406 mores,
1099 2371 1129 2399 et
1136 2370 1305 2399 matronae:
1318 2370 1397 2398 etex
1411 2368 1471 2398 hoc
1480 2367 1742 2408 colligitur,quod

972 2423 1154 2453 diaconissae
1169 2422 1354 2453 dicebantur
1376 2430 1450 2461 quae
1466 2422 1743 2452 communicabant

972 2486 1045 2507 cum
1064 2476 1247 2507 diaconibus
1269 2476 1302 2505 in
1325 2475 1460 2514 legendo
1475 2475 1654 2512 homiliam3
1672 2475 1741 2514 qui-

972 2539 1165 2564 caus.xxv11‚q.
1184 2540 1200 2563 1,
1212 2539 1354 2557 e..xX111.—
1368 2533 1377 2549 ⁷
1392 2533 1464 2563 Ibid.‚
1482 2541 1503 2556 e.
1521 2533 1632 2556 xxx—⁸
1648 2533 1740 2556 Det-ret.

973 2576 995 2599 p.
1022 2570 1040 2599 1,
1058 2568 1113 2593 dist.
1132 2575 1217 2599 xxxii,
1233 2576 1288 2599 cap.
1305 2574 1381 2592 xvm.

1003 2608 1036 2639 (α)
1054 2609 1114 2632 Coet.
1125 2608 1185 2632 edit.
1202 2609 1322 2635 Delbora,
1339 2608 1377 2631 vel
1394 2608 1604 2638 Dealborasstsic
1621 2607 1740 2638 deinceps.

973 2643 1046 2674 -(}›)
1061 2643 1120 2668 Caet.
1140 2644 1198 2668 edit.
1215 2643 1352 2675 recipiunt,
1369 2643 1448 2667 mend.
1459 2656 1484 2660 —
1504 2644 1532 2673 (c)
1549 2643 1618 2666 Item.
1634 2644 1672 2666 22.

1775 1631 1853 1659 Opinio

1760 1670 1857 1684 (ΞΓΓΟῙᾺΕΒ.

1769 2255 1852 2281 {inpro-

1759 2285 1823 2306 batio.

1768 2319 1854 2345 Presby-

1779 2353 1829 2371 teroe

1758 2389 1855 2408 qni-'cnam

1758 2422 1766 2433 s
1772 2418 1808 2434 int.
