<?xml version="1.0" encoding="UTF-8"?>
<!DOCTYPE html PUBLIC "-//W3C//DTD XHTML 1.0 Transitional//EN"
    "http://www.w3.org/TR/xhtml1/DTD/xhtml1-transitional.dtd">
<html xmlns="http://www.w3.org/1999/xhtml" xml:lang="en" lang="en">
 <head>
  <title>
</title>
<meta http-equiv="Content-Type" content="text/html;charset=utf-8" />
  <meta name='ocr-system' content='tesseract 3.04.00' />
  <meta name='ocr-capabilities' content='ocr_page ocr_carea ocr_par ocr_line ocrx_word'/>
</head>
<body>
  <div class='ocr_page' id='page_1' title='image "./operaomniasixtiv06bonauoft/operaomniasixtiv06bonauoft_0415.png"; bbox 0 0 1991 3006; ppageno 0'>
   <div class='ocr_carea' id='block_1_1' title="bbox 790 233 1133 265">
    <p class='ocr_par' dir='ltr' id='par_1_1' title="bbox 790 233 1133 265">
     <span class='ocr_line' id='line_1_1' title="bbox 790 233 1133 265; baseline 0.003 -1"><span class='ocrx_word' id='word_1_1' title='bbox 790 233 979 264; x_wconf 90' lang='lat' dir='ltr'>DlSTlNCT.</span> <span class='ocrx_word' id='word_1_2' title='bbox 1004 234 1133 265; x_wconf 79' lang='lat' dir='ltr'>XXXIX.</span> 
     </span>
    </p>
   </div>
   <div class='ocr_carea' id='block_1_2' title="bbox 158 300 932 610">
    <p class='ocr_par' dir='ltr' id='par_1_2' title="bbox 158 300 932 610">
     <span class='ocr_line' id='line_1_2' title="bbox 159 300 930 343; baseline -0.005 -8"><span class='ocrx_word' id='word_1_3' title='bbox 159 306 266 335; x_wconf 91' lang='lat' dir='ltr'>mento</span> <span class='ocrx_word' id='word_1_4' title='bbox 280 302 466 343; x_wconf 83' lang='lat' dir='ltr'>baptismi.»</span> <span class='ocrx_word' id='word_1_5' title='bbox 480 301 567 332; x_wconf 83' lang='lat' dir='ltr'>Unde</span> <span class='ocrx_word' id='word_1_6' title='bbox 581 300 678 339; x_wconf 81' lang='lat' dir='ltr'>Hugo</span> <span class='ocrx_word' id='word_1_7' title='bbox 690 301 749 331; x_wconf 88' lang='lat' dir='ltr'>fuit</span> <span class='ocrx_word' id='word_1_8' title='bbox 758 300 849 331; x_wconf 89' lang='lat' dir='ltr'>istius</span> <span class='ocrx_word' id='word_1_9' title='bbox 862 300 930 340; x_wconf 87' lang='lat' dir='ltr'>opi-</span> 
     </span>
     <span class='ocr_line' id='line_1_3' title="bbox 160 353 931 395; baseline -0.005 -8"><span class='ocrx_word' id='word_1_10' title='bbox 160 357 282 394; x_wconf 83' lang='lat' dir='ltr'>nionis,</span> <span class='ocrx_word' id='word_1_11' title='bbox 312 355 395 395; x_wconf 88' lang='lat' dir='ltr'>quod</span> <span class='ocrx_word' id='word_1_12' title='bbox 421 355 480 385; x_wconf 88' lang='lat' dir='ltr'>hoc</span> <span class='ocrx_word' id='word_1_13' title='bbox 502 353 691 393; x_wconf 76' lang='lat' dir='ltr'>intelligitur</span> <span class='ocrx_word' id='word_1_14' title='bbox 714 355 869 393; x_wconf 85' lang='lat' dir='ltr'>quantum</span> <span class='ocrx_word' id='word_1_15' title='bbox 893 353 931 383; x_wconf 88' lang='lat' dir='ltr'>ad</span> 
     </span>
     <span class='ocr_line' id='line_1_4' title="bbox 160 406 932 446; baseline -0.006 -5"><span class='ocrx_word' id='word_1_16' title='bbox 160 410 393 440; x_wconf 82' lang='lat' dir='ltr'>sacramentum</span> <span class='ocrx_word' id='word_1_17' title='bbox 422 406 589 446; x_wconf 75' lang='lat' dir='ltr'>baptismi,</span> <span class='ocrx_word' id='word_1_18' title='bbox 622 406 738 436; x_wconf 86' lang='lat' dir='ltr'>scilicet</span> <span class='ocrx_word' id='word_1_19' title='bbox 765 406 932 445; x_wconf 80' lang='lat' dir='ltr'>disparitas</span> 
     </span>
     <span class='ocr_line' id='line_1_5' title="bbox 160 460 929 502; baseline -0.005 -8"><span class='ocrx_word' id='word_1_20' title='bbox 160 464 263 494; x_wconf 88' lang='lat' dir='ltr'>cultus</span> <span class='ocrx_word' id='word_1_21' title='bbox 285 473 291 492; x_wconf 93' lang='lat'>:</span> <span class='ocrx_word' id='word_1_22' title='bbox 314 461 461 502; x_wconf 82' lang='lat' dir='ltr'>quamvis</span> <span class='ocrx_word' id='word_1_23' title='bbox 485 469 562 499; x_wconf 75' lang='lat' dir='ltr'>ergo</span> <span class='ocrx_word' id='word_1_24' title='bbox 584 460 654 490; x_wconf 84' lang='lat' dir='ltr'>talis</span> <span class='ocrx_word' id='word_1_25' title='bbox 677 460 771 491; x_wconf 83' lang='lat' dir='ltr'>fidem</span> <span class='ocrx_word' id='word_1_26' title='bbox 796 460 907 491; x_wconf 86' lang='lat' dir='ltr'>habeat</span> <span class='ocrx_word' id='word_1_27' title='bbox 921 484 929 498; x_wconf 92' lang='lat'>,</span> 
     </span>
     <span class='ocr_line' id='line_1_6' title="bbox 159 515 932 552; baseline -0.005 -3"><span class='ocrx_word' id='word_1_28' title='bbox 159 521 266 549; x_wconf 87' lang='lat' dir='ltr'>tamen</span> <span class='ocrx_word' id='word_1_29' title='bbox 289 526 353 547; x_wconf 91' lang='lat' dir='ltr'>non</span> <span class='ocrx_word' id='word_1_30' title='bbox 377 516 472 546; x_wconf 88' lang='lat' dir='ltr'>habet</span> <span class='ocrx_word' id='word_1_31' title='bbox 492 515 563 545; x_wconf 79' lang='lat' dir='ltr'>[idei</span> <span class='ocrx_word' id='word_1_32' title='bbox 584 517 835 552; x_wconf 74' lang='lat' dir='ltr'>sacramentum3</span> <span class='ocrx_word' id='word_1_33' title='bbox 862 515 932 546; x_wconf 91' lang='lat' dir='ltr'>ideo</span> 
     </span>
     <span class='ocr_line' id='line_1_7' title="bbox 158 568 928 610; baseline -0.004 -8"><span class='ocrx_word' id='word_1_34' title='bbox 158 580 223 602; x_wconf 90' lang='lat' dir='ltr'>non</span> <span class='ocrx_word' id='word_1_35' title='bbox 238 573 285 601; x_wconf 85' lang='lat' dir='ltr'>est</span> <span class='ocrx_word' id='word_1_36' title='bbox 298 578 433 610; x_wconf 88' lang='lat' dir='ltr'>persona</span> <span class='ocrx_word' id='word_1_37' title='bbox 449 568 486 599; x_wconf 84' lang='lat' dir='ltr'>ad</span> <span class='ocrx_word' id='word_1_38' title='bbox 502 568 753 599; x_wconf 81' lang='lat' dir='ltr'>contrahendum</span> <span class='ocrx_word' id='word_1_39' title='bbox 774 568 928 607; x_wconf 83' lang='lat' dir='ltr'>legitima.</span> 
     </span>
    </p>
   </div>
   <div class='ocr_carea' id='block_1_3' title="bbox 487 661 610 683">
    <p class='ocr_par' dir='ltr' id='par_1_3' title="bbox 487 661 610 683">
     <span class='ocr_line' id='line_1_8' title="bbox 487 661 610 683; baseline -0.008 -1"><span class='ocrx_word' id='word_1_40' title='bbox 487 661 553 683; x_wconf 79' lang='lat' dir='ltr'>DUB.</span> <span class='ocrx_word' id='word_1_41' title='bbox 578 661 610 682; x_wconf 83' lang='lat'>11.</span> 
     </span>
    </p>
   </div>
   <div class='ocr_carea' id='block_1_4' title="bbox 220 717 868 752">
    <p class='ocr_par' dir='ltr' id='par_1_4' title="bbox 220 717 868 752">
     <span class='ocr_line' id='line_1_9' title="bbox 220 717 868 752; baseline -0.005 -7"><span class='ocrx_word' id='word_1_42' title='bbox 220 720 370 752; x_wconf 79' lang='lat' dir='ltr'>Apostolus,</span> <span class='ocrx_word' id='word_1_43' title='bbox 385 726 416 743; x_wconf 89' lang='lat' dir='ltr'>ne</span> <span class='ocrx_word' id='word_1_44' title='bbox 433 720 487 748; x_wconf 81' lang='lat' dir='ltr'>fiat,</span> <span class='ocrx_word' id='word_1_45' title='bbox 505 718 611 742; x_wconf 78' lang='lat' dir='ltr'>consilio</span> <span class='ocrx_word' id='word_1_46' title='bbox 628 717 756 741; x_wconf 73' lang='lat' dir='ltr'>charitatis</span> <span class='ocrx_word' id='word_1_47' title='bbox 772 718 868 742; x_wconf 79' lang='lat' dir='ltr'>suadet.</span> 
     </span>
    </p>
   </div>
   <div class='ocr_carea' id='block_1_5' title="bbox 148 779 931 2351">
    <p class='ocr_par' dir='ltr' id='par_1_5' title="bbox 155 779 931 1144">
     <span class='ocr_line' id='line_1_10' title="bbox 197 779 931 819; baseline -0.004 -5"><span class='ocrx_word' id='word_1_48' title='bbox 197 782 327 814; x_wconf 84' lang='lat' dir='ltr'>Videtur</span> <span class='ocrx_word' id='word_1_49' title='bbox 342 781 424 812; x_wconf 86' lang='lat' dir='ltr'>male</span> <span class='ocrx_word' id='word_1_50' title='bbox 438 781 555 817; x_wconf 79' lang='lat' dir='ltr'>dicere,</span> <span class='ocrx_word' id='word_1_51' title='bbox 580 779 654 819; x_wconf 84' lang='lat' dir='ltr'>quia</span> <span class='ocrx_word' id='word_1_52' title='bbox 672 788 712 810; x_wconf 79' lang='lat' dir='ltr'>ex</span> <span class='ocrx_word' id='word_1_53' title='bbox 731 780 791 810; x_wconf 79' lang='lat' dir='ltr'>hoc.</span> <span class='ocrx_word' id='word_1_54' title='bbox 809 779 931 811; x_wconf 81' lang='lat' dir='ltr'>videtur</span> 
     </span>
     <span class='ocr_line' id='line_1_11' title="bbox 157 833 929 877; baseline -0.004 -10"><span class='ocrx_word' id='word_1_55' title='bbox 157 836 241 877; x_wconf 84' lang='lat' dir='ltr'>quod</span> <span class='ocrx_word' id='word_1_56' title='bbox 256 835 357 866; x_wconf 81' lang='lat' dir='ltr'>fidelis</span> <span class='ocrx_word' id='word_1_57' title='bbox 371 835 454 865; x_wconf 87' lang='lat' dir='ltr'>licite</span> <span class='ocrx_word' id='word_1_58' title='bbox 468 835 563 874; x_wconf 80' lang='lat' dir='ltr'>possit</span> <span class='ocrx_word' id='word_1_59' title='bbox 579 843 652 864; x_wconf 86' lang='lat' dir='ltr'>cum</span> <span class='ocrx_word' id='word_1_60' title='bbox 667 833 785 864; x_wconf 84' lang='lat' dir='ltr'>infideli</span> <span class='ocrx_word' id='word_1_61' title='bbox 802 834 929 865; x_wconf 85' lang='lat' dir='ltr'>cohabi-</span> 
     </span>
     <span class='ocr_line' id='line_1_12' title="bbox 156 890 927 928; baseline -0.004 -6"><span class='ocrx_word' id='word_1_62' title='bbox 156 894 223 922; x_wconf 86' lang='lat' dir='ltr'>tare</span> <span class='ocrx_word' id='word_1_63' title='bbox 239 902 246 922; x_wconf 90' lang='lat'>:</span> <span class='ocrx_word' id='word_1_64' title='bbox 264 890 317 921; x_wconf 89' lang='lat' dir='ltr'>sed</span> <span class='ocrx_word' id='word_1_65' title='bbox 328 892 448 927; x_wconf 85' lang='lat' dir='ltr'>contra,</span> <span class='ocrx_word' id='word_1_66' title='bbox 462 898 548 919; x_wconf 58' lang='lat' dir='ltr'>caus„</span> <span class='ocrx_word' id='word_1_67' title='bbox 564 898 673 925; x_wconf 76' lang='lat' dir='ltr'>xxvni,</span> <span class='ocrx_word' id='word_1_68' title='bbox 689 890 802 927; x_wconf 72' lang='lat' dir='ltr'>quaest.</span> <span class='ocrx_word' id='word_1_69' title='bbox 820 891 847 927; x_wconf 82' lang='lat'>1,</span> <span class='ocrx_word' id='word_1_70' title='bbox 860 898 927 928; x_wconf 87' lang='lat' dir='ltr'>cap.</span> 
     </span>
     <span class='ocr_line' id='line_1_13' title="bbox 155 941 930 982; baseline -0.005 -6"><span class='ocrx_word' id='word_1_71' title='bbox 155 945 278 982; x_wconf 72' lang='lat' dir='ltr'>chdaei,</span> <span class='ocrx_word' id='word_1_72' title='bbox 301 946 360 974; x_wconf 86' lang='lat' dir='ltr'>etc.</span> <span class='ocrx_word' id='word_1_73' title='bbox 380 955 386 974; x_wconf 90' lang='lat'>:</span> <span class='ocrx_word' id='word_1_74' title='bbox 403 955 417 971; x_wconf 87' lang='lat'>«</span> <span class='ocrx_word' id='word_1_75' title='bbox 438 942 507 973; x_wconf 88' lang='lat' dir='ltr'>Non</span> <span class='ocrx_word' id='word_1_76' title='bbox 530 944 629 981; x_wconf 85' lang='lat' dir='ltr'>potest</span> <span class='ocrx_word' id='word_1_77' title='bbox 652 941 785 972; x_wconf 87' lang='lat' dir='ltr'>infidelis</span> <span class='ocrx_word' id='word_1_78' title='bbox 806 942 839 971; x_wconf 89' lang='lat' dir='ltr'>in</span> <span class='ocrx_word' id='word_1_79' title='bbox 861 943 930 981; x_wconf 75' lang='lat' dir='ltr'>ojus</span> 
     </span>
     <span class='ocr_line' id='line_1_14' title="bbox 155 995 929 1038; baseline -0.006 -9"><span class='ocrx_word' id='word_1_80' title='bbox 155 1006 341 1038; x_wconf 88' lang='lat' dir='ltr'>permanere</span> <span class='ocrx_word' id='word_1_81' title='bbox 357 996 593 1036; x_wconf 76' lang='lat' dir='ltr'>conjunctione,</span> <span class='ocrx_word' id='word_1_82' title='bbox 615 1003 688 1034; x_wconf 69' lang='lat' dir='ltr'>quae</span> <span class='ocrx_word' id='word_1_83' title='bbox 699 995 767 1033; x_wconf 85' lang='lat' dir='ltr'>jam</span> <span class='ocrx_word' id='word_1_84' title='bbox 784 995 816 1024; x_wconf 90' lang='lat' dir='ltr'>in</span> <span class='ocrx_word' id='word_1_85' title='bbox 830 995 929 1024; x_wconf 83' lang='lat' dir='ltr'>chris·</span> 
     </span>
     <span class='ocr_line' id='line_1_15' title="bbox 155 1047 929 1085; baseline -0.004 -4"><span class='ocrx_word' id='word_1_86' title='bbox 155 1051 273 1081; x_wconf 83' lang='lat' dir='ltr'>tianam</span> <span class='ocrx_word' id='word_1_87' title='bbox 296 1049 445 1080; x_wconf 88' lang='lat' dir='ltr'>translata</span> <span class='ocrx_word' id='word_1_88' title='bbox 465 1051 510 1079; x_wconf 82' lang='lat' dir='ltr'>est</span> <span class='ocrx_word' id='word_1_89' title='bbox 532 1049 644 1085; x_wconf 76' lang='lat' dir='ltr'>fidem;</span> <span class='ocrx_word' id='word_1_90' title='bbox 667 1059 680 1075; x_wconf 75' lang='lat' dir='ltr'>n</span> <span class='ocrx_word' id='word_1_91' title='bbox 701 1050 731 1077; x_wconf 87' lang='lat' dir='ltr'>et</span> <span class='ocrx_word' id='word_1_92' title='bbox 754 1048 785 1077; x_wconf 92' lang='lat' dir='ltr'>in</span> <span class='ocrx_word' id='word_1_93' title='bbox 807 1047 929 1078; x_wconf 85' lang='lat' dir='ltr'>duobus</span> 
     </span>
     <span class='ocr_line' id='line_1_16' title="bbox 155 1101 819 1144; baseline -0.008 -9"><span class='ocrx_word' id='word_1_94' title='bbox 155 1103 299 1144; x_wconf 88' lang='lat' dir='ltr'>capitulis</span> <span class='ocrx_word' id='word_1_95' title='bbox 314 1102 581 1142; x_wconf 86' lang='lat' dir='ltr'>subsequentibus</span> <span class='ocrx_word' id='word_1_96' title='bbox 595 1101 679 1131; x_wconf 84' lang='lat' dir='ltr'>idem</span> <span class='ocrx_word' id='word_1_97' title='bbox 694 1101 819 1131; x_wconf 91' lang='lat' dir='ltr'>dicitur.</span> 
     </span>
    </p>

    <p class='ocr_par' dir='ltr' id='par_1_6' title="bbox 148 1151 929 2351">
     <span class='ocr_line' id='line_1_17' title="bbox 195 1151 929 1195; baseline -0.005 -9"><span class='ocrx_word' id='word_1_98' title='bbox 195 1155 286 1195; x_wconf 88' lang='lat' dir='ltr'>Resp.</span> <span class='ocrx_word' id='word_1_99' title='bbox 300 1154 471 1185; x_wconf 85' lang='lat' dir='ltr'>Dicendum</span> <span class='ocrx_word' id='word_1_100' title='bbox 483 1153 567 1193; x_wconf 85' lang='lat' dir='ltr'>quod</span> <span class='ocrx_word' id='word_1_101' title='bbox 582 1153 641 1183; x_wconf 86' lang='lat' dir='ltr'>hoc</span> <span class='ocrx_word' id='word_1_102' title='bbox 652 1151 748 1191; x_wconf 81' lang='lat' dir='ltr'>aliqui</span> <span class='ocrx_word' id='word_1_103' title='bbox 758 1152 929 1183; x_wconf 89' lang='lat' dir='ltr'>voluerunt</span> 
     </span>
     <span class='ocr_line' id='line_1_18' title="bbox 154 1205 929 1247; baseline -0.005 -8"><span class='ocrx_word' id='word_1_104' title='bbox 154 1208 368 1247; x_wconf 82' lang='lat' dir='ltr'>distinguere,</span> <span class='ocrx_word' id='word_1_105' title='bbox 390 1207 473 1247; x_wconf 89' lang='lat' dir='ltr'>quod</span> <span class='ocrx_word' id='word_1_106' title='bbox 492 1206 568 1236; x_wconf 90' lang='lat' dir='ltr'>illud</span> <span class='ocrx_word' id='word_1_107' title='bbox 584 1205 722 1245; x_wconf 86' lang='lat' dir='ltr'>Apostoli</span> <span class='ocrx_word' id='word_1_108' title='bbox 740 1205 929 1243; x_wconf 63' lang='lat' dir='ltr'>intelligitur</span> 
     </span>
     <span class='ocr_line' id='line_1_19' title="bbox 154 1259 927 1302; baseline -0.006 -9"><span class='ocrx_word' id='word_1_109' title='bbox 154 1262 192 1293; x_wconf 91' lang='lat' dir='ltr'>de</span> <span class='ocrx_word' id='word_1_110' title='bbox 205 1262 350 1302; x_wconf 80' lang='lat' dir='ltr'>paganis,</span> <span class='ocrx_word' id='word_1_111' title='bbox 367 1261 421 1301; x_wconf 87' lang='lat' dir='ltr'>qui</span> <span class='ocrx_word' id='word_1_112' title='bbox 436 1260 474 1290; x_wconf 90' lang='lat' dir='ltr'>ad</span> <span class='ocrx_word' id='word_1_113' title='bbox 492 1260 586 1290; x_wconf 87' lang='lat' dir='ltr'>fidem</span> <span class='ocrx_word' id='word_1_114' title='bbox 599 1259 722 1289; x_wconf 82' lang='lat' dir='ltr'>facilius</span> <span class='ocrx_word' id='word_1_115' title='bbox 736 1261 927 1289; x_wconf 86' lang='lat' dir='ltr'>convertun-</span> 
     </span>
     <span class='ocr_line' id='line_1_20' title="bbox 154 1311 928 1352; baseline -0.005 -7"><span class='ocrx_word' id='word_1_116' title='bbox 154 1316 205 1345; x_wconf 86' lang='lat' dir='ltr'>tur</span> <span class='ocrx_word' id='word_1_117' title='bbox 218 1326 224 1352; x_wconf 84' lang='lat'><em>3</em></span> <span class='ocrx_word' id='word_1_118' title='bbox 240 1315 293 1345; x_wconf 83' lang='lat' dir='ltr'>sed</span> <span class='ocrx_word' id='word_1_119' title='bbox 304 1314 355 1344; x_wconf 88' lang='lat' dir='ltr'>ille</span> <span class='ocrx_word' id='word_1_120' title='bbox 365 1322 464 1344; x_wconf 87' lang='lat' dir='ltr'>canon</span> <span class='ocrx_word' id='word_1_121' title='bbox 477 1312 667 1351; x_wconf 80' lang='lat' dir='ltr'>intelligitur</span> <span class='ocrx_word' id='word_1_122' title='bbox 680 1312 717 1341; x_wconf 85' lang='lat' dir='ltr'>de</span> <span class='ocrx_word' id='word_1_123' title='bbox 727 1311 741 1342; x_wconf 82' lang='lat' dir='ltr'>J</span> <span class='ocrx_word' id='word_1_124' title='bbox 748 1311 855 1349; x_wconf 79' lang='lat' dir='ltr'>udaeis,</span> <span class='ocrx_word' id='word_1_125' title='bbox 872 1312 928 1350; x_wconf 85' lang='lat' dir='ltr'>qui</span> 
     </span>
     <span class='ocr_line' id='line_1_21' title="bbox 154 1364 928 1405; baseline -0.005 -8"><span class='ocrx_word' id='word_1_126' title='bbox 154 1367 301 1398; x_wconf 74' lang='lat' dir='ltr'>obstinati</span> <span class='ocrx_word' id='word_1_127' title='bbox 326 1369 399 1396; x_wconf 91' lang='lat' dir='ltr'>sunt</span> <span class='ocrx_word' id='word_1_128' title='bbox 418 1366 509 1403; x_wconf 88' lang='lat' dir='ltr'>adeo,</span> <span class='ocrx_word' id='word_1_129' title='bbox 535 1365 618 1405; x_wconf 91' lang='lat' dir='ltr'>quod</span> <span class='ocrx_word' id='word_1_130' title='bbox 639 1364 742 1404; x_wconf 87' lang='lat' dir='ltr'>potius</span> <span class='ocrx_word' id='word_1_131' title='bbox 763 1366 928 1394; x_wconf 79' lang='lat' dir='ltr'>converte-</span> 
     </span>
     <span class='ocr_line' id='line_1_22' title="bbox 153 1419 925 1459; baseline -0.004 -8"><span class='ocrx_word' id='word_1_132' title='bbox 153 1423 224 1451; x_wconf 90' lang='lat' dir='ltr'>rent</span> <span class='ocrx_word' id='word_1_133' title='bbox 239 1429 420 1457; x_wconf 76' lang='lat' dir='ltr'>converSOS,</span> <span class='ocrx_word' id='word_1_134' title='bbox 442 1429 539 1459; x_wconf 85' lang='lat' dir='ltr'>quam</span> <span class='ocrx_word' id='word_1_135' title='bbox 555 1428 610 1459; x_wconf 89' lang='lat' dir='ltr'>per</span> <span class='ocrx_word' id='word_1_136' title='bbox 629 1419 712 1458; x_wconf 82' lang='lat' dir='ltr'>ipsos</span> <span class='ocrx_word' id='word_1_137' title='bbox 727 1419 925 1458; x_wconf 82' lang='lat' dir='ltr'>proficerent.</span> 
     </span>
     <span class='ocr_line' id='line_1_23' title="bbox 153 1473 927 1506; baseline -0.005 0"><span class='ocrx_word' id='word_1_138' title='bbox 153 1474 213 1506; x_wconf 86' lang='lat' dir='ltr'>Sed</span> <span class='ocrx_word' id='word_1_139' title='bbox 233 1484 305 1505; x_wconf 85' lang='lat' dir='ltr'>cum</span> <span class='ocrx_word' id='word_1_140' title='bbox 323 1483 433 1505; x_wconf 82' lang='lat' dir='ltr'>omnes</span> <span class='ocrx_word' id='word_1_141' title='bbox 452 1474 515 1504; x_wconf 86' lang='lat' dir='ltr'>sint</span> <span class='ocrx_word' id='word_1_142' title='bbox 536 1474 569 1503; x_wconf 90' lang='lat' dir='ltr'>in</span> <span class='ocrx_word' id='word_1_143' title='bbox 592 1473 709 1503; x_wconf 85' lang='lat' dir='ltr'>malitia</span> <span class='ocrx_word' id='word_1_144' title='bbox 728 1482 814 1503; x_wconf 85' lang='lat' dir='ltr'>nunc</span> <span class='ocrx_word' id='word_1_145' title='bbox 829 1473 927 1502; x_wconf 86' lang='lat' dir='ltr'>obsti-</span> 
     </span>
     <span class='ocr_line' id='line_1_24' title="bbox 153 1525 927 1565; baseline -0.003 -8"><span class='ocrx_word' id='word_1_146' title='bbox 153 1528 230 1565; x_wconf 83' lang='lat' dir='ltr'>nati,</span> <span class='ocrx_word' id='word_1_147' title='bbox 246 1527 307 1557; x_wconf 84' lang='lat' dir='ltr'>ista</span> <span class='ocrx_word' id='word_1_148' title='bbox 321 1527 479 1557; x_wconf 88' lang='lat' dir='ltr'>distinctio</span> <span class='ocrx_word' id='word_1_149' title='bbox 494 1535 557 1557; x_wconf 89' lang='lat' dir='ltr'>non</span> <span class='ocrx_word' id='word_1_150' title='bbox 570 1526 665 1556; x_wconf 85' lang='lat' dir='ltr'>hahet</span> <span class='ocrx_word' id='word_1_151' title='bbox 680 1526 785 1555; x_wconf 87' lang='lat' dir='ltr'>locum</span> <span class='ocrx_word' id='word_1_152' title='bbox 803 1536 809 1555; x_wconf 89' lang='lat'>:</span> <span class='ocrx_word' id='word_1_153' title='bbox 827 1525 879 1555; x_wconf 85' lang='lat' dir='ltr'>sed</span> <span class='ocrx_word' id='word_1_154' title='bbox 895 1525 927 1555; x_wconf 91' lang='lat' dir='ltr'>in</span> 
     </span>
     <span class='ocr_line' id='line_1_25' title="bbox 152 1576 926 1618; baseline -0.003 -10"><span class='ocrx_word' id='word_1_155' title='bbox 152 1578 314 1618; x_wconf 83' lang='lat' dir='ltr'>primitiva</span> <span class='ocrx_word' id='word_1_156' title='bbox 335 1578 490 1615; x_wconf 78' lang='lat' dir='ltr'>Ecclesia,</span> <span class='ocrx_word' id='word_1_157' title='bbox 513 1586 586 1607; x_wconf 88' lang='lat' dir='ltr'>cum</span> <span class='ocrx_word' id='word_1_158' title='bbox 609 1579 675 1607; x_wconf 85' lang='lat' dir='ltr'>tam</span> <span class='ocrx_word' id='word_1_159' title='bbox 697 1576 808 1613; x_wconf 75' lang='lat' dir='ltr'>Judaei,</span> <span class='ocrx_word' id='word_1_160' title='bbox 830 1585 926 1615; x_wconf 87' lang='lat' dir='ltr'>quam</span> 
     </span>
     <span class='ocr_line' id='line_1_26' title="bbox 153 1629 927 1670; baseline -0.004 -9"><span class='ocrx_word' id='word_1_161' title='bbox 153 1631 287 1670; x_wconf 83' lang='lat' dir='ltr'>gentiles</span> <span class='ocrx_word' id='word_1_162' title='bbox 302 1631 418 1670; x_wconf 82' lang='lat' dir='ltr'>passim</span> <span class='ocrx_word' id='word_1_163' title='bbox 433 1632 691 1661; x_wconf 84' lang='lat' dir='ltr'>converterentur</span> <span class='ocrx_word' id='word_1_164' title='bbox 706 1629 745 1659; x_wconf 89' lang='lat' dir='ltr'>ad</span> <span class='ocrx_word' id='word_1_165' title='bbox 762 1629 873 1666; x_wconf 87' lang='lat' dir='ltr'>fidem,</span> <span class='ocrx_word' id='word_1_166' title='bbox 897 1630 927 1659; x_wconf 89' lang='lat' dir='ltr'>et</span> 
     </span>
     <span class='ocr_line' id='line_1_27' title="bbox 152 1683 924 1723; baseline -0.003 -9"><span class='ocrx_word' id='word_1_167' title='bbox 152 1693 226 1714; x_wconf 89' lang='lat' dir='ltr'>cum</span> <span class='ocrx_word' id='word_1_168' title='bbox 241 1683 362 1714; x_wconf 89' lang='lat' dir='ltr'>modico</span> <span class='ocrx_word' id='word_1_169' title='bbox 376 1683 544 1723; x_wconf 70' lang='lat' dir='ltr'>adiutorio,</span> <span class='ocrx_word' id='word_1_170' title='bbox 562 1685 688 1722; x_wconf 89' lang='lat' dir='ltr'>propter</span> <span class='ocrx_word' id='word_1_171' title='bbox 701 1683 836 1713; x_wconf 87' lang='lat' dir='ltr'>salutem</span> <span class='ocrx_word' id='word_1_172' title='bbox 850 1691 924 1712; x_wconf 90' lang='lat' dir='ltr'>con-</span> 
     </span>
     <span class='ocr_line' id='line_1_28' title="bbox 148 1735 927 1776; baseline -0.003 -9"><span class='ocrx_word' id='word_1_173' title='bbox 148 1738 269 1776; x_wconf 76' lang='lat' dir='ltr'>J&#39;ugum</span> <span class='ocrx_word' id='word_1_174' title='bbox 285 1736 435 1766; x_wconf 85' lang='lat' dir='ltr'>concessit</span> <span class='ocrx_word' id='word_1_175' title='bbox 450 1738 480 1766; x_wconf 92' lang='lat' dir='ltr'>et</span> <span class='ocrx_word' id='word_1_176' title='bbox 496 1736 653 1766; x_wconf 87' lang='lat' dir='ltr'>consuluit</span> <span class='ocrx_word' id='word_1_177' title='bbox 668 1735 836 1775; x_wconf 83' lang='lat' dir='ltr'>Apostolus</span> <span class='ocrx_word' id='word_1_178' title='bbox 852 1738 927 1766; x_wconf 84' lang='lat' dir='ltr'>tunc</span> 
     </span>
     <span class='ocr_line' id='line_1_29' title="bbox 152 1788 926 1828; baseline -0.001 -8"><span class='ocrx_word' id='word_1_179' title='bbox 152 1789 346 1826; x_wconf 80' lang='lat' dir='ltr'>cohabitare3</span> <span class='ocrx_word' id='word_1_180' title='bbox 365 1789 417 1819; x_wconf 88' lang='lat' dir='ltr'>sed</span> <span class='ocrx_word' id='word_1_181' title='bbox 433 1789 634 1828; x_wconf 75' lang='lat' dir='ltr'>postmodun]</span> <span class='ocrx_word' id='word_1_182' title='bbox 646 1788 661 1819; x_wconf 89' lang='lat' dir='ltr'>J</span> <span class='ocrx_word' id='word_1_183' title='bbox 666 1789 746 1819; x_wconf 80' lang='lat' dir='ltr'>udaei</span> <span class='ocrx_word' id='word_1_184' title='bbox 760 1789 837 1819; x_wconf 89' lang='lat' dir='ltr'>adeo</span> <span class='ocrx_word' id='word_1_185' title='bbox 853 1790 926 1819; x_wconf 90' lang='lat' dir='ltr'>sunt</span> 
     </span>
     <span class='ocr_line' id='line_1_30' title="bbox 150 1842 927 1882; baseline 0 -9"><span class='ocrx_word' id='word_1_186' title='bbox 150 1842 297 1873; x_wconf 79' lang='lat' dir='ltr'>obstinati</span> <span class='ocrx_word' id='word_1_187' title='bbox 319 1843 352 1872; x_wconf 92' lang='lat' dir='ltr'>in</span> <span class='ocrx_word' id='word_1_188' title='bbox 376 1843 512 1880; x_wconf 87' lang='lat' dir='ltr'>malitia,</span> <span class='ocrx_word' id='word_1_189' title='bbox 539 1843 623 1882; x_wconf 84' lang='lat' dir='ltr'>quod</span> <span class='ocrx_word' id='word_1_190' title='bbox 648 1843 752 1882; x_wconf 87' lang='lat' dir='ltr'>potius</span> <span class='ocrx_word' id='word_1_191' title='bbox 779 1843 927 1873; x_wconf 81' lang='lat' dir='ltr'>volebant</span> 
     </span>
     <span class='ocr_line' id='line_1_31' title="bbox 151 1896 926 1935; baseline 0 -9"><span class='ocrx_word' id='word_1_192' title='bbox 151 1898 342 1935; x_wconf 81' lang='lat' dir='ltr'>pervertere,</span> <span class='ocrx_word' id='word_1_193' title='bbox 360 1905 457 1935; x_wconf 88' lang='lat' dir='ltr'>quam</span> <span class='ocrx_word' id='word_1_194' title='bbox 469 1896 619 1933; x_wconf 88' lang='lat' dir='ltr'>converti,</span> <span class='ocrx_word' id='word_1_195' title='bbox 633 1897 737 1926; x_wconf 87' lang='lat' dir='ltr'>adhuc</span> <span class='ocrx_word' id='word_1_196' title='bbox 753 1897 926 1935; x_wconf 84' lang='lat' dir='ltr'>gentilibus</span> 
     </span>
     <span class='ocr_line' id='line_1_32' title="bbox 151 1948 927 1986; baseline 0.003 -8"><span class='ocrx_word' id='word_1_197' title='bbox 151 1948 190 1978; x_wconf 90' lang='lat' dir='ltr'>ad</span> <span class='ocrx_word' id='word_1_198' title='bbox 209 1948 305 1978; x_wconf 88' lang='lat' dir='ltr'>fidem</span> <span class='ocrx_word' id='word_1_199' title='bbox 324 1949 530 1986; x_wconf 83' lang='lat' dir='ltr'>intrantibus,</span> <span class='ocrx_word' id='word_1_200' title='bbox 554 1952 584 1979; x_wconf 88' lang='lat' dir='ltr'>et</span> <span class='ocrx_word' id='word_1_201' title='bbox 602 1952 677 1979; x_wconf 88' lang='grc'><strong>111110</strong></span> <span class='ocrx_word' id='word_1_202' title='bbox 698 1949 927 1980; x_wconf 84' lang='lat' dir='ltr'>concedebatur</span> 
     </span>
     <span class='ocr_line' id='line_1_33' title="bbox 151 2001 926 2040; baseline 0.003 -9"><span class='ocrx_word' id='word_1_203' title='bbox 151 2001 332 2031; x_wconf 84' lang='lat' dir='ltr'>cohabitare</span> <span class='ocrx_word' id='word_1_204' title='bbox 359 2001 549 2040; x_wconf 85' lang='lat' dir='ltr'>gentilibus,</span> <span class='ocrx_word' id='word_1_205' title='bbox 579 2011 642 2032; x_wconf 90' lang='grc'><strong>11011</strong></span> <span class='ocrx_word' id='word_1_206' title='bbox 671 2002 788 2033; x_wconf 78' lang='lat' dir='ltr'>Judaeis</span> <span class='ocrx_word' id='word_1_207' title='bbox 811 2013 817 2032; x_wconf 73' lang='grc' dir='ltr'>ε</span> <span class='ocrx_word' id='word_1_208' title='bbox 841 2012 926 2033; x_wconf 88' lang='lat' dir='ltr'>nunc</span> 
     </span>
     <span class='ocr_line' id='line_1_34' title="bbox 152 2054 922 2094; baseline 0.001 -10"><span class='ocrx_word' id='word_1_209' title='bbox 152 2056 270 2091; x_wconf 87' lang='lat' dir='ltr'>autem,</span> <span class='ocrx_word' id='word_1_210' title='bbox 283 2054 356 2094; x_wconf 84' lang='lat' dir='ltr'>quia</span> <span class='ocrx_word' id='word_1_211' title='bbox 366 2054 494 2094; x_wconf 86' lang='lat' dir='ltr'>utrique</span> <span class='ocrx_word' id='word_1_212' title='bbox 505 2057 579 2085; x_wconf 89' lang='lat' dir='ltr'>sunt</span> <span class='ocrx_word' id='word_1_213' title='bbox 592 2055 624 2084; x_wconf 90' lang='lat' dir='ltr'>in</span> <span class='ocrx_word' id='word_1_214' title='bbox 636 2055 754 2085; x_wconf 88' lang='lat' dir='ltr'>malitia</span> <span class='ocrx_word' id='word_1_215' title='bbox 764 2055 922 2092; x_wconf 84' lang='lat' dir='ltr'>obstinati,</span> 
     </span>
     <span class='ocr_line' id='line_1_35' title="bbox 151 2108 921 2147; baseline 0.001 -10"><span class='ocrx_word' id='word_1_216' title='bbox 151 2110 279 2147; x_wconf 89' lang='lat' dir='ltr'>propter</span> <span class='ocrx_word' id='word_1_217' title='bbox 303 2108 477 2147; x_wconf 88' lang='lat' dir='ltr'>periculum</span> <span class='ocrx_word' id='word_1_218' title='bbox 502 2108 713 2147; x_wconf 83' lang='lat' dir='ltr'>corruptionis</span> <span class='ocrx_word' id='word_1_219' title='bbox 736 2108 921 2146; x_wconf 84' lang='lat' dir='ltr'>vitandum,</span> 
     </span>
     <span class='ocr_line' id='line_1_36' title="bbox 149 2161 922 2193; baseline 0.004 -3"><span class='ocrx_word' id='word_1_220' title='bbox 149 2161 272 2191; x_wconf 88' lang='lat' dir='ltr'>neutris</span> <span class='ocrx_word' id='word_1_221' title='bbox 295 2161 475 2191; x_wconf 89' lang='lat' dir='ltr'>conceditur</span> <span class='ocrx_word' id='word_1_222' title='bbox 505 2161 687 2192; x_wconf 73' lang='lat' dir='ltr'>cohabitare</span> <span class='ocrx_word' id='word_1_223' title='bbox 714 2162 782 2192; x_wconf 88' lang='lat' dir='ltr'>sine</span> <span class='ocrx_word' id='word_1_224' title='bbox 812 2164 922 2193; x_wconf 87' lang='lat' dir='ltr'>contu-</span> 
     </span>
     <span class='ocr_line' id='line_1_37' title="bbox 151 2212 922 2254; baseline 0.003 -11"><span class='ocrx_word' id='word_1_225' title='bbox 151 2212 244 2244; x_wconf 88' lang='lat' dir='ltr'>melia</span> <span class='ocrx_word' id='word_1_226' title='bbox 266 2213 436 2250; x_wconf 79' lang='lat' dir='ltr'>creatoris,</span> <span class='ocrx_word' id='word_1_227' title='bbox 463 2214 539 2254; x_wconf 91' lang='lat' dir='ltr'>quia</span> <span class='ocrx_word' id='word_1_228' title='bbox 559 2223 683 2254; x_wconf 85' lang='lat' dir='ltr'>semper</span> <span class='ocrx_word' id='word_1_229' title='bbox 706 2215 922 2254; x_wconf 73' lang='lat' dir='ltr'>praesumitur,</span> 
     </span>
     <span class='ocr_line' id='line_1_38' title="bbox 151 2266 924 2306; baseline 0.003 -10"><span class='ocrx_word' id='word_1_230' title='bbox 151 2266 212 2296; x_wconf 89' lang='lat' dir='ltr'>nisi</span> <span class='ocrx_word' id='word_1_231' title='bbox 227 2266 324 2297; x_wconf 87' lang='lat' dir='ltr'>velint</span> <span class='ocrx_word' id='word_1_232' title='bbox 344 2267 501 2303; x_wconf 78' lang='lat' dir='ltr'>converti,</span> <span class='ocrx_word' id='word_1_233' title='bbox 524 2267 608 2306; x_wconf 88' lang='lat' dir='ltr'>quod</span> <span class='ocrx_word' id='word_1_234' title='bbox 628 2267 727 2298; x_wconf 90' lang='lat' dir='ltr'>velint</span> <span class='ocrx_word' id='word_1_235' title='bbox 745 2268 924 2298; x_wconf 80' lang='lat' dir='ltr'>cohabitare</span> 
     </span>
     <span class='ocr_line' id='line_1_39' title="bbox 151 2318 602 2351; baseline 0.004 -2"><span class='ocrx_word' id='word_1_236' title='bbox 151 2318 186 2349; x_wconf 90' lang='lat' dir='ltr'>in</span> <span class='ocrx_word' id='word_1_237' title='bbox 199 2319 422 2350; x_wconf 87' lang='lat' dir='ltr'>contumeliam</span> <span class='ocrx_word' id='word_1_238' title='bbox 437 2320 602 2351; x_wconf 85' lang='lat' dir='ltr'>Creatoris.</span> 
     </span>
    </p>
   </div>
   <div class='ocr_carea' id='block_1_6' title="bbox 467 2423 603 2445">
    <p class='ocr_par' dir='ltr' id='par_1_7' title="bbox 467 2423 603 2445">
     <span class='ocr_line' id='line_1_40' title="bbox 467 2423 603 2445; baseline 0 -1"><span class='ocrx_word' id='word_1_239' title='bbox 467 2423 535 2445; x_wconf 88' lang='lat' dir='ltr'>DUB.</span> <span class='ocrx_word' id='word_1_240' title='bbox 559 2423 603 2445; x_wconf 85' lang='grc'><strong>111.</strong></span> 
     </span>
    </p>
   </div>
   <div class='ocr_carea' id='block_1_7' title="bbox 215 2484 860 2551">
    <p class='ocr_par' dir='ltr' id='par_1_8' title="bbox 215 2484 860 2551">
     <span class='ocr_line' id='line_1_41' title="bbox 215 2484 860 2517; baseline 0.006 -9"><span class='ocrx_word' id='word_1_241' title='bbox 215 2484 251 2508; x_wconf 83' lang='lat' dir='ltr'>Ex</span> <span class='ocrx_word' id='word_1_242' title='bbox 275 2491 325 2515; x_wconf 90' lang='lat' dir='ltr'>quo</span> <span class='ocrx_word' id='word_1_243' title='bbox 348 2484 507 2515; x_wconf 79' lang='lat' dir='ltr'>intelligitur,</span> <span class='ocrx_word' id='word_1_244' title='bbox 536 2485 602 2516; x_wconf 86' lang='lat' dir='ltr'>quod</span> <span class='ocrx_word' id='word_1_245' title='bbox 632 2488 736 2517; x_wconf 86' lang='lat' dir='ltr'>propter</span> <span class='ocrx_word' id='word_1_246' title='bbox 763 2487 860 2512; x_wconf 84' lang='lat' dir='ltr'>illicitas</span> 
     </span>
     <span class='ocr_line' id='line_1_42' title="bbox 391 2519 690 2551; baseline 0.007 -8"><span class='ocrx_word' id='word_1_247' title='bbox 391 2519 626 2551; x_wconf 80' lang='lat' dir='ltr'>concupiscentias,</span> <span class='ocrx_word' id='word_1_248' title='bbox 643 2523 690 2545; x_wconf 89' lang='lat' dir='ltr'>etc.</span> 
     </span>
    </p>
   </div>
   <div class='ocr_carea' id='block_1_8' title="bbox 194 2585 923 2627">
    <p class='ocr_par' dir='ltr' id='par_1_9' title="bbox 194 2585 923 2627">
     <span class='ocr_line' id='line_1_43' title="bbox 194 2585 923 2627; baseline 0.007 -12"><span class='ocrx_word' id='word_1_249' title='bbox 194 2585 317 2623; x_wconf 83' lang='lat' dir='ltr'>innuit,</span> <span class='ocrx_word' id='word_1_250' title='bbox 349 2586 434 2626; x_wconf 91' lang='lat' dir='ltr'>quod</span> <span class='ocrx_word' id='word_1_251' title='bbox 462 2588 590 2626; x_wconf 87' lang='lat' dir='ltr'>propter</span> <span class='ocrx_word' id='word_1_252' title='bbox 616 2588 772 2627; x_wconf 82' lang='lat' dir='ltr'>quaslibet</span> <span class='ocrx_word' id='word_1_253' title='bbox 798 2589 923 2620; x_wconf 88' lang='lat' dir='ltr'>illicitas</span> 
     </span>
    </p>
   </div>
   <div class='ocr_carea' id='block_1_9' title="bbox 185 2657 922 2735">
    <p class='ocr_par' dir='ltr' id='par_1_10' title="bbox 185 2657 922 2735">
     <span class='ocr_line' id='line_1_44' title="bbox 188 2657 396 2687; baseline 0 -7"><span class='ocrx_word' id='word_1_254' title='bbox 188 2657 194 2673; x_wconf 79' lang='lat'><strong>¹</strong></span> <span class='ocrx_word' id='word_1_255' title='bbox 210 2657 297 2687; x_wconf 61' lang='lat' dir='ltr'>lCor„</span> <span class='ocrx_word' id='word_1_256' title='bbox 312 2662 346 2687; x_wconf 82' lang='lat' dir='ltr'>Vi,</span> <span class='ocrx_word' id='word_1_257' title='bbox 360 2658 396 2681; x_wconf 85' lang='grc'>18.</span> 
     </span>
     <span class='ocr_line' id='line_1_45' title="bbox 185 2701 922 2735; baseline 0.008 -11"><span class='ocrx_word' id='word_1_258' title='bbox 185 2701 216 2732; x_wconf 83' lang='grc' dir='ltr'>(α)</span> <span class='ocrx_word' id='word_1_259' title='bbox 240 2701 293 2725; x_wconf 77' lang='lat' dir='ltr'>caet</span> <span class='ocrx_word' id='word_1_260' title='bbox 328 2701 387 2726; x_wconf 85' lang='lat' dir='ltr'>edit..</span> <span class='ocrx_word' id='word_1_261' title='bbox 408 2702 540 2726; x_wconf 76' lang='lat' dir='ltr'>remittunt</span> <span class='ocrx_word' id='word_1_262' title='bbox 563 2702 594 2726; x_wconf 79' lang='lat' dir='ltr'>ad</span> <span class='ocrx_word' id='word_1_263' title='bbox 617 2703 756 2735; x_wconf 78' lang='lat' dir='ltr'>marginem</span> <span class='ocrx_word' id='word_1_264' title='bbox 776 2704 922 2730; x_wconf 76' lang='lat' dir='ltr'>citationem</span> 
     </span>
    </p>
   </div>
   <div class='ocr_carea' id='block_1_10' title="bbox 1707 241 1764 269">
    <p class='ocr_par' dir='ltr' id='par_1_11' title="bbox 1707 241 1764 269">
     <span class='ocr_line' id='line_1_46' title="bbox 1707 241 1764 269; baseline 0.018 -1"><span class='ocrx_word' id='word_1_265' title='bbox 1707 241 1764 269; x_wconf 82' lang='lat'>393</span> 
     </span>
    </p>
   </div>
   <div class='ocr_carea' id='block_1_11' title="bbox 979 301 1765 2627">
    <p class='ocr_par' dir='ltr' id='par_1_12' title="bbox 985 301 1765 1088">
     <span class='ocr_line' id='line_1_47' title="bbox 990 301 1765 341; baseline 0.005 -10"><span class='ocrx_word' id='word_1_266' title='bbox 990 301 1197 332; x_wconf 86' lang='lat' dir='ltr'>contumelias</span> <span class='ocrx_word' id='word_1_267' title='bbox 1211 304 1313 341; x_wconf 87' lang='lat' dir='ltr'>potest</span> <span class='ocrx_word' id='word_1_268' title='bbox 1325 303 1375 333; x_wconf 91' lang='lat' dir='ltr'>vir</span> <span class='ocrx_word' id='word_1_269' title='bbox 1389 303 1546 334; x_wconf 86' lang='lat' dir='ltr'>dimittere</span> <span class='ocrx_word' id='word_1_270' title='bbox 1560 312 1693 334; x_wconf 84' lang='lat' dir='ltr'>uxorem</span> <span class='ocrx_word' id='word_1_271' title='bbox 1710 315 1716 334; x_wconf 75' lang='grc' dir='ltr'><strong><em>ε</em></strong></span> <span class='ocrx_word' id='word_1_272' title='bbox 1733 308 1765 335; x_wconf 91' lang='lat' dir='ltr'>et</span> 
     </span>
     <span class='ocr_line' id='line_1_48' title="bbox 988 354 1764 395; baseline 0.005 -11"><span class='ocrx_word' id='word_1_273' title='bbox 988 354 1048 384; x_wconf 88' lang='lat' dir='ltr'>hoc</span> <span class='ocrx_word' id='word_1_274' title='bbox 1062 355 1145 385; x_wconf 74' lang='lat' dir='ltr'>idem</span> <span class='ocrx_word' id='word_1_275' title='bbox 1160 364 1255 395; x_wconf 86' lang='lat' dir='ltr'>supra</span> <span class='ocrx_word' id='word_1_276' title='bbox 1270 356 1424 394; x_wconf 88' lang='lat' dir='ltr'>probavit.</span> <span class='ocrx_word' id='word_1_277' title='bbox 1446 357 1506 387; x_wconf 87' lang='lat' dir='ltr'>Sed</span> <span class='ocrx_word' id='word_1_278' title='bbox 1521 357 1554 387; x_wconf 93' lang='lat' dir='ltr'>in</span> <span class='ocrx_word' id='word_1_279' title='bbox 1568 357 1764 388; x_wconf 83' lang='lat' dir='ltr'>contrarium</span> 
     </span>
     <span class='ocr_line' id='line_1_49' title="bbox 989 407 1763 451; baseline 0.006 -14"><span class='ocrx_word' id='word_1_280' title='bbox 989 407 1135 447; x_wconf 85' lang='lat' dir='ltr'>objicitur</span> <span class='ocrx_word' id='word_1_281' title='bbox 1160 408 1373 449; x_wconf 86' lang='lat' dir='ltr'>Hieronymus</span> <span class='ocrx_word' id='word_1_282' title='bbox 1390 421 1396 440; x_wconf 88' lang='lat'>:</span> <span class='ocrx_word' id='word_1_283' title='bbox 1415 422 1428 438; x_wconf 77' lang='grc' dir='ltr'>α</span> <span class='ocrx_word' id='word_1_284' title='bbox 1447 410 1479 441; x_wconf 90' lang='lat' dir='ltr'>Si</span> <span class='ocrx_word' id='word_1_285' title='bbox 1503 420 1583 442; x_wconf 77' lang='lat' dir='ltr'>uxor</span> <span class='ocrx_word' id='word_1_286' title='bbox 1605 414 1711 451; x_wconf 88' lang='lat' dir='ltr'>peccat</span> <span class='ocrx_word' id='word_1_287' title='bbox 1731 412 1763 442; x_wconf 92' lang='lat' dir='ltr'>in</span> 
     </span>
     <span class='ocr_line' id='line_1_50' title="bbox 988 461 1759 503; baseline 0.004 -13"><span class='ocrx_word' id='word_1_288' title='bbox 988 461 1128 491; x_wconf 87' lang='lat' dir='ltr'>animam</span> <span class='ocrx_word' id='word_1_289' title='bbox 1145 471 1253 499; x_wconf 86' lang='lat' dir='ltr'>suam,</span> <span class='ocrx_word' id='word_1_290' title='bbox 1278 472 1341 493; x_wconf 87' lang='lat' dir='ltr'>non</span> <span class='ocrx_word' id='word_1_291' title='bbox 1361 466 1407 493; x_wconf 88' lang='lat' dir='ltr'>est</span> <span class='ocrx_word' id='word_1_292' title='bbox 1424 464 1542 503; x_wconf 88' lang='lat' dir='ltr'>polluta</span> <span class='ocrx_word' id='word_1_293' title='bbox 1558 465 1627 495; x_wconf 87' lang='lat' dir='ltr'>viro</span> <span class='ocrx_word' id='word_1_294' title='bbox 1644 474 1702 496; x_wconf 91' lang='lat' dir='ltr'>suo</span> <span class='ocrx_word' id='word_1_295' title='bbox 1721 476 1726 496; x_wconf 91' lang='lat'>:</span> <span class='ocrx_word' id='word_1_296' title='bbox 1746 476 1759 493; x_wconf 87' lang='lat'>›)</span> 
     </span>
     <span class='ocr_line' id='line_1_51' title="bbox 988 515 1765 554; baseline 0.006 -10"><span class='ocrx_word' id='word_1_297' title='bbox 988 523 1065 552; x_wconf 77' lang='lat' dir='ltr'>crgo</span> <span class='ocrx_word' id='word_1_298' title='bbox 1088 515 1137 545; x_wconf 92' lang='lat' dir='ltr'>vir</span> <span class='ocrx_word' id='word_1_299' title='bbox 1155 524 1219 546; x_wconf 89' lang='lat' dir='ltr'>non</span> <span class='ocrx_word' id='word_1_300' title='bbox 1242 518 1342 554; x_wconf 88' lang='lat' dir='ltr'>potest</span> <span class='ocrx_word' id='word_1_301' title='bbox 1363 526 1431 546; x_wconf 86' lang='lat' dir='ltr'>eam</span> <span class='ocrx_word' id='word_1_302' title='bbox 1455 517 1624 548; x_wconf 89' lang='lat' dir='ltr'>dimittere.</span> <span class='ocrx_word' id='word_1_303' title='bbox 1646 518 1683 549; x_wconf 87' lang='lat' dir='ltr'>Et</span> <span class='ocrx_word' id='word_1_304' title='bbox 1704 519 1765 549; x_wconf 89' lang='lat' dir='ltr'>hoc</span> 
     </span>
     <span class='ocr_line' id='line_1_52' title="bbox 987 568 1763 612; baseline 0.006 -14"><span class='ocrx_word' id='word_1_305' title='bbox 987 577 1055 598; x_wconf 85' lang='lat' dir='ltr'>esse.</span> <span class='ocrx_word' id='word_1_306' title='bbox 1070 568 1195 599; x_wconf 88' lang='lat' dir='ltr'>videtur</span> <span class='ocrx_word' id='word_1_307' title='bbox 1210 569 1343 607; x_wconf 85' lang='lat' dir='ltr'>ratione,</span> <span class='ocrx_word' id='word_1_308' title='bbox 1360 571 1434 609; x_wconf 88' lang='lat' dir='ltr'>quia</span> <span class='ocrx_word' id='word_1_309' title='bbox 1449 571 1498 600; x_wconf 91' lang='lat' dir='ltr'>vir</span> <span class='ocrx_word' id='word_1_310' title='bbox 1514 580 1579 601; x_wconf 87' lang='lat' dir='ltr'>non</span> <span class='ocrx_word' id='word_1_311' title='bbox 1596 571 1689 602; x_wconf 89' lang='lat' dir='ltr'>habet</span> <span class='ocrx_word' id='word_1_312' title='bbox 1708 582 1763 612; x_wconf 89' lang='lat' dir='ltr'>po-</span> 
     </span>
     <span class='ocr_line' id='line_1_53' title="bbox 989 622 1760 664; baseline 0.008 -14"><span class='ocrx_word' id='word_1_313' title='bbox 989 623 1131 651; x_wconf 79' lang='lat' dir='ltr'>testaten]</span> <span class='ocrx_word' id='word_1_314' title='bbox 1143 622 1259 652; x_wconf 76' lang='lat' dir='ltr'>animae</span> <span class='ocrx_word' id='word_1_315' title='bbox 1269 623 1389 661; x_wconf 82' lang='lat' dir='ltr'>uxoris,</span> <span class='ocrx_word' id='word_1_316' title='bbox 1403 624 1456 654; x_wconf 88' lang='lat' dir='ltr'>sed</span> <span class='ocrx_word' id='word_1_317' title='bbox 1467 626 1591 654; x_wconf 84' lang='lat' dir='ltr'>tantum</span> <span class='ocrx_word' id='word_1_318' title='bbox 1603 626 1760 664; x_wconf 89' lang='lat' dir='ltr'>corporis:</span> 
     </span>
     <span class='ocr_line' id='line_1_54' title="bbox 988 674 1763 717; baseline 0.01 -14"><span class='ocrx_word' id='word_1_319' title='bbox 988 674 1059 704; x_wconf 75' lang='lat' dir='ltr'>sesi¹</span> <span class='ocrx_word' id='word_1_320' title='bbox 1088 682 1175 706; x_wconf 80' lang='lat' dir='ltr'>omne</span> <span class='ocrx_word' id='word_1_321' title='bbox 1200 679 1380 714; x_wconf 77' lang='lat' dir='ltr'>peccatum,</span> <span class='ocrx_word' id='word_1_322' title='bbox 1407 677 1623 717; x_wconf 75' lang='lat' dir='ltr'>quodcumque</span> <span class='ocrx_word' id='word_1_323' title='bbox 1651 679 1763 717; x_wconf 71' lang='lat' dir='ltr'>fecerit</span> 
     </span>
     <span class='ocr_line' id='line_1_55' title="bbox 987 727 1762 771; baseline 0.006 -14"><span class='ocrx_word' id='word_1_324' title='bbox 987 727 1089 765; x_wconf 78' lang='lat' dir='ltr'>homo,</span> <span class='ocrx_word' id='word_1_325' title='bbox 1100 731 1229 768; x_wconf 78' lang='lat' dir='ltr'>excepta</span> <span class='ocrx_word' id='word_1_326' title='bbox 1238 729 1453 767; x_wconf 70' lang='lat' dir='ltr'>fornicatione,</span> <span class='ocrx_word' id='word_1_327' title='bbox 1467 734 1513 762; x_wconf 75' lang='lat' dir='ltr'>est</span> <span class='ocrx_word' id='word_1_328' title='bbox 1524 734 1619 763; x_wconf 65' lang='lat' dir='ltr'>extra</span> <span class='ocrx_word' id='word_1_329' title='bbox 1628 739 1742 771; x_wconf 74' lang='lat' dir='ltr'>corpus</span> <span class='ocrx_word' id='word_1_330' title='bbox 1752 742 1762 762; x_wconf 89' lang='lat'><em>:</em></span> 
     </span>
     <span class='ocr_line' id='line_1_56' title="bbox 987 781 1764 821; baseline 0.006 -10"><span class='ocrx_word' id='word_1_331' title='bbox 987 781 1047 811; x_wconf 87' lang='lat' dir='ltr'>alia</span> <span class='ocrx_word' id='word_1_332' title='bbox 1071 782 1155 812; x_wconf 84' lang='grc'><strong>0111111</strong></span> <span class='ocrx_word' id='word_1_333' title='bbox 1180 785 1305 821; x_wconf 77' lang='lat' dir='ltr'>peccata</span> <span class='ocrx_word' id='word_1_334' title='bbox 1328 783 1468 814; x_wconf 84' lang='lat' dir='ltr'>animam</span> <span class='ocrx_word' id='word_1_335' title='bbox 1493 785 1659 815; x_wconf 79' lang='lat' dir='ltr'>offendunt</span> <span class='ocrx_word' id='word_1_336' title='bbox 1684 797 1690 816; x_wconf 88' lang='lat'>:</span> <span class='ocrx_word' id='word_1_337' title='bbox 1713 795 1764 816; x_wconf 83' lang='lat' dir='ltr'>er-</span> 
     </span>
     <span class='ocr_line' id='line_1_57' title="bbox 987 835 1760 875; baseline 0.008 -11"><span class='ocrx_word' id='word_1_338' title='bbox 987 844 1045 873; x_wconf 85' lang='lat' dir='ltr'>go,</span> <span class='ocrx_word' id='word_1_339' title='bbox 1068 837 1124 865; x_wconf 80' lang='lat' dir='ltr'>etc.</span> <span class='ocrx_word' id='word_1_340' title='bbox 1151 835 1227 865; x_wconf 74' lang='lat' dir='ltr'>Item</span> <span class='ocrx_word' id='word_1_341' title='bbox 1247 845 1302 875; x_wconf 89' lang='lat' dir='ltr'>per</span> <span class='ocrx_word' id='word_1_342' title='bbox 1318 836 1537 867; x_wconf 80' lang='lat' dir='ltr'>deductionem</span> <span class='ocrx_word' id='word_1_343' title='bbox 1555 838 1593 867; x_wconf 88' lang='lat' dir='ltr'>ad</span> <span class='ocrx_word' id='word_1_344' title='bbox 1611 838 1760 870; x_wconf 88' lang='lat' dir='ltr'>inconve-</span> 
     </span>
     <span class='ocr_line' id='line_1_58' title="bbox 986 888 1763 930; baseline 0.006 -13"><span class='ocrx_word' id='word_1_345' title='bbox 986 888 1078 918; x_wconf 86' lang='lat' dir='ltr'>nieus</span> <span class='ocrx_word' id='word_1_346' title='bbox 1092 888 1290 927; x_wconf 72' lang='lat' dir='ltr'>improbatur</span> <span class='ocrx_word' id='word_1_347' title='bbox 1306 889 1365 919; x_wconf 87' lang='lat' dir='ltr'>hoc</span> <span class='ocrx_word' id='word_1_348' title='bbox 1385 890 1505 928; x_wconf 86' lang='lat' dir='ltr'>ipsum,</span> <span class='ocrx_word' id='word_1_349' title='bbox 1528 891 1602 930; x_wconf 84' lang='lat' dir='ltr'>quia</span> <span class='ocrx_word' id='word_1_350' title='bbox 1617 900 1690 922; x_wconf 88' lang='lat' dir='ltr'>cum</span> <span class='ocrx_word' id='word_1_351' title='bbox 1706 892 1763 922; x_wconf 75' lang='lat' dir='ltr'>vix</span> 
     </span>
     <span class='ocr_line' id='line_1_59' title="bbox 986 941 1763 984; baseline 0.006 -14"><span class='ocrx_word' id='word_1_352' title='bbox 986 941 1185 980; x_wconf 68' lang='lat' dir='ltr'>reperiantur</span> <span class='ocrx_word' id='word_1_353' title='bbox 1206 942 1243 971; x_wconf 87' lang='lat' dir='ltr'>de</span> <span class='ocrx_word' id='word_1_354' title='bbox 1263 942 1470 973; x_wconf 63' lang='lat' dir='ltr'>saecularibus</span> <span class='ocrx_word' id='word_1_355' title='bbox 1490 944 1630 983; x_wconf 87' lang='lat' dir='ltr'>personis</span> <span class='ocrx_word' id='word_1_356' title='bbox 1648 945 1763 984; x_wconf 79' lang='lat' dir='ltr'>aliquae</span> 
     </span>
     <span class='ocr_line' id='line_1_60' title="bbox 985 994 1762 1034; baseline 0.006 -11"><span class='ocrx_word' id='word_1_357' title='bbox 985 1002 1057 1032; x_wconf 82' lang='lat' dir='ltr'>quae</span> <span class='ocrx_word' id='word_1_358' title='bbox 1069 1002 1133 1023; x_wconf 88' lang='grc'><strong>11011</strong></span> <span class='ocrx_word' id='word_1_359' title='bbox 1145 996 1271 1032; x_wconf 74' lang='lat' dir='ltr'>peccent</span> <span class='ocrx_word' id='word_1_360' title='bbox 1286 994 1467 1034; x_wconf 85' lang='lat' dir='ltr'>aliquando,</span> <span class='ocrx_word' id='word_1_361' title='bbox 1482 998 1558 1026; x_wconf 84' lang='lat' dir='ltr'>tunc</span> <span class='ocrx_word' id='word_1_362' title='bbox 1575 997 1640 1027; x_wconf 85' lang='lat' dir='ltr'>fere</span> <span class='ocrx_word' id='word_1_363' title='bbox 1654 997 1762 1028; x_wconf 84' lang='lat' dir='ltr'>omnia</span> 
     </span>
     <span class='ocr_line' id='line_1_61' title="bbox 986 1047 1600 1088; baseline 0.005 -12"><span class='ocrx_word' id='word_1_364' title='bbox 986 1047 1187 1077; x_wconf 82' lang='lat' dir='ltr'>matrimonia</span> <span class='ocrx_word' id='word_1_365' title='bbox 1202 1050 1333 1086; x_wconf 89' lang='lat' dir='ltr'>possunt</span> <span class='ocrx_word' id='word_1_366' title='bbox 1350 1048 1431 1078; x_wconf 87' lang='lat' dir='ltr'>licite</span> <span class='ocrx_word' id='word_1_367' title='bbox 1448 1050 1600 1088; x_wconf 88' lang='lat' dir='ltr'>separari.</span> 
     </span>
    </p>

    <p class='ocr_par' dir='ltr' id='par_1_13' title="bbox 979 1099 1764 2627">
     <span class='ocr_line' id='line_1_62' title="bbox 1026 1099 1761 1140; baseline 0.007 -12"><span class='ocrx_word' id='word_1_368' title='bbox 1026 1099 1116 1138; x_wconf 82' lang='lat' dir='ltr'>Resp.</span> <span class='ocrx_word' id='word_1_369' title='bbox 1134 1099 1317 1138; x_wconf 78' lang='lat' dir='ltr'>Dicendum,</span> <span class='ocrx_word' id='word_1_370' title='bbox 1333 1102 1418 1140; x_wconf 89' lang='lat' dir='ltr'>quod</span> <span class='ocrx_word' id='word_1_371' title='bbox 1435 1111 1500 1132; x_wconf 91' lang='lat' dir='ltr'>non</span> <span class='ocrx_word' id='word_1_372' title='bbox 1514 1105 1560 1132; x_wconf 90' lang='lat' dir='ltr'>est</span> <span class='ocrx_word' id='word_1_373' title='bbox 1576 1111 1761 1133; x_wconf 88' lang='lat' dir='ltr'>concessum</span> 
     </span>
     <span class='ocr_line' id='line_1_63' title="bbox 984 1153 1761 1192; baseline 0.005 -10"><span class='ocrx_word' id='word_1_374' title='bbox 984 1155 1111 1192; x_wconf 87' lang='lat' dir='ltr'>propter</span> <span class='ocrx_word' id='word_1_375' title='bbox 1127 1153 1365 1184; x_wconf 84' lang='lat' dir='ltr'>fornicationem</span> <span class='ocrx_word' id='word_1_376' title='bbox 1384 1155 1453 1185; x_wconf 83' lang='lat' dir='ltr'>fieri</span> <span class='ocrx_word' id='word_1_377' title='bbox 1469 1155 1662 1185; x_wconf 85' lang='lat' dir='ltr'>matrimonii</span> <span class='ocrx_word' id='word_1_378' title='bbox 1677 1156 1761 1186; x_wconf 89' lang='lat' dir='ltr'>divi-</span> 
     </span>
     <span class='ocr_line' id='line_1_64' title="bbox 984 1206 1764 1247; baseline 0.006 -12"><span class='ocrx_word' id='word_1_379' title='bbox 984 1207 1116 1244; x_wconf 85' lang='lat' dir='ltr'>sionem,</span> <span class='ocrx_word' id='word_1_380' title='bbox 1131 1206 1190 1236; x_wconf 89' lang='lat' dir='ltr'>nisi</span> <span class='ocrx_word' id='word_1_381' title='bbox 1202 1208 1344 1245; x_wconf 85' lang='lat' dir='ltr'>eatenus,</span> <span class='ocrx_word' id='word_1_382' title='bbox 1360 1210 1518 1247; x_wconf 87' lang='lat' dir='ltr'>quatenus</span> <span class='ocrx_word' id='word_1_383' title='bbox 1533 1218 1589 1247; x_wconf 83' lang='lat' dir='ltr'>per</span> <span class='ocrx_word' id='word_1_384' title='bbox 1605 1208 1689 1239; x_wconf 87' lang='lat' dir='ltr'>illam</span> <span class='ocrx_word' id='word_1_385' title='bbox 1705 1209 1764 1240; x_wconf 85' lang='lat' dir='ltr'>for-</span> 
     </span>
     <span class='ocr_line' id='line_1_65' title="bbox 984 1259 1764 1302; baseline 0.006 -14"><span class='ocrx_word' id='word_1_386' title='bbox 984 1259 1172 1289; x_wconf 85' lang='lat' dir='ltr'>nicationem</span> <span class='ocrx_word' id='word_1_387' title='bbox 1192 1260 1271 1290; x_wconf 88' lang='lat' dir='ltr'>alter</span> <span class='ocrx_word' id='word_1_388' title='bbox 1288 1261 1424 1299; x_wconf 82' lang='lat' dir='ltr'>laeditur,</span> <span class='ocrx_word' id='word_1_389' title='bbox 1444 1261 1493 1292; x_wconf 90' lang='lat' dir='ltr'>vel</span> <span class='ocrx_word' id='word_1_390' title='bbox 1509 1261 1691 1298; x_wconf 80' lang='lat' dir='ltr'>offenditur,</span> <span class='ocrx_word' id='word_1_391' title='bbox 1709 1263 1764 1302; x_wconf 89' lang='lat' dir='ltr'>qui</span> 
     </span>
     <span class='ocr_line' id='line_1_66' title="bbox 983 1312 1763 1353; baseline 0.005 -11"><span class='ocrx_word' id='word_1_392' title='bbox 983 1314 1030 1342; x_wconf 88' lang='lat' dir='ltr'>est</span> <span class='ocrx_word' id='word_1_393' title='bbox 1050 1312 1252 1343; x_wconf 83' lang='lat' dir='ltr'>matrimonio</span> <span class='ocrx_word' id='word_1_394' title='bbox 1273 1313 1363 1343; x_wconf 89' lang='lat' dir='ltr'>aliter</span> <span class='ocrx_word' id='word_1_395' title='bbox 1387 1314 1563 1353; x_wconf 84' lang='lat' dir='ltr'>copulatus.</span> <span class='ocrx_word' id='word_1_396' title='bbox 1583 1314 1763 1346; x_wconf 86' lang='lat' dir='ltr'>Secundum</span> 
     </span>
     <span class='ocr_line' id='line_1_67' title="bbox 984 1366 1760 1408; baseline 0.005 -13"><span class='ocrx_word' id='word_1_397' title='bbox 984 1366 1042 1396; x_wconf 83' lang='grc'><strong>1100</strong></span> <span class='ocrx_word' id='word_1_398' title='bbox 1058 1368 1149 1403; x_wconf 84' lang='lat' dir='ltr'>nota,</span> <span class='ocrx_word' id='word_1_399' title='bbox 1175 1367 1260 1405; x_wconf 85' lang='lat' dir='ltr'>quod</span> <span class='ocrx_word' id='word_1_400' title='bbox 1277 1367 1440 1397; x_wconf 82' lang='lat' dir='ltr'>fornicatio</span> <span class='ocrx_word' id='word_1_401' title='bbox 1456 1367 1620 1406; x_wconf 87' lang='lat' dir='ltr'>tripliciter</span> <span class='ocrx_word' id='word_1_402' title='bbox 1635 1368 1760 1408; x_wconf 83' lang='lat' dir='ltr'>dicitur,</span> 
     </span>
     <span class='ocr_line' id='line_1_68' title="bbox 983 1419 1760 1458; baseline 0.005 -9"><span class='ocrx_word' id='word_1_403' title='bbox 983 1419 1123 1458; x_wconf 88' lang='lat' dir='ltr'>proprie,</span> <span class='ocrx_word' id='word_1_404' title='bbox 1147 1420 1370 1457; x_wconf 84' lang='lat' dir='ltr'>communiter,</span> <span class='ocrx_word' id='word_1_405' title='bbox 1392 1420 1664 1451; x_wconf 69' lang='lat' dir='ltr'>cornmunissime.</span> <span class='ocrx_word' id='word_1_406' title='bbox 1684 1421 1760 1453; x_wconf 89' lang='lat' dir='ltr'>Pro-</span> 
     </span>
     <span class='ocr_line' id='line_1_69' title="bbox 982 1472 1763 1512; baseline 0.006 -11"><span class='ocrx_word' id='word_1_407' title='bbox 982 1472 1051 1511; x_wconf 86' lang='lat' dir='ltr'>prie</span> <span class='ocrx_word' id='word_1_408' title='bbox 1079 1472 1193 1502; x_wconf 87' lang='lat' dir='ltr'>dicitur</span> <span class='ocrx_word' id='word_1_409' title='bbox 1215 1473 1379 1504; x_wconf 82' lang='lat' dir='ltr'>fornicatio</span> <span class='ocrx_word' id='word_1_410' title='bbox 1404 1482 1470 1503; x_wconf 87' lang='lat' dir='ltr'>esse</span> <span class='ocrx_word' id='word_1_411' title='bbox 1494 1476 1657 1512; x_wconf 86' lang='lat' dir='ltr'>peccatum</span> <span class='ocrx_word' id='word_1_412' title='bbox 1680 1477 1763 1506; x_wconf 86' lang='lat' dir='ltr'>circa</span> 
     </span>
     <span class='ocr_line' id='line_1_70' title="bbox 982 1525 1760 1566; baseline 0.005 -12"><span class='ocrx_word' id='word_1_413' title='bbox 982 1530 1087 1555; x_wconf 85' lang='lat' dir='ltr'>actum</span> <span class='ocrx_word' id='word_1_414' title='bbox 1103 1525 1217 1562; x_wconf 79' lang='lat' dir='ltr'>carnis,</span> <span class='ocrx_word' id='word_1_415' title='bbox 1233 1528 1346 1564; x_wconf 82' lang='lat' dir='ltr'>utputa</span> <span class='ocrx_word' id='word_1_416' title='bbox 1361 1526 1436 1565; x_wconf 83' lang='lat' dir='ltr'>quia</span> <span class='ocrx_word' id='word_1_417' title='bbox 1451 1526 1512 1556; x_wconf 86' lang='lat' dir='ltr'>coit</span> <span class='ocrx_word' id='word_1_418' title='bbox 1525 1535 1598 1557; x_wconf 87' lang='lat' dir='ltr'>cum</span> <span class='ocrx_word' id='word_1_419' title='bbox 1616 1536 1679 1558; x_wconf 90' lang='lat' dir='ltr'>non</span> <span class='ocrx_word' id='word_1_420' title='bbox 1692 1537 1760 1566; x_wconf 89' lang='lat' dir='ltr'>sua,</span> 
     </span>
     <span class='ocr_line' id='line_1_71' title="bbox 983 1578 1763 1611; baseline 0.005 -4"><span class='ocrx_word' id='word_1_421' title='bbox 983 1578 1033 1608; x_wconf 86' lang='lat' dir='ltr'>vel</span> <span class='ocrx_word' id='word_1_422' title='bbox 1048 1587 1111 1608; x_wconf 90' lang='lat' dir='ltr'>non</span> <span class='ocrx_word' id='word_1_423' title='bbox 1130 1587 1200 1608; x_wconf 84' lang='lat' dir='ltr'>suo.</span> <span class='ocrx_word' id='word_1_424' title='bbox 1226 1578 1444 1608; x_wconf 84' lang='lat' dir='ltr'>Communiter</span> <span class='ocrx_word' id='word_1_425' title='bbox 1467 1579 1580 1609; x_wconf 83' lang='lat' dir='ltr'>dicitur</span> <span class='ocrx_word' id='word_1_426' title='bbox 1599 1580 1763 1611; x_wconf 87' lang='lat' dir='ltr'>fornicatio</span> 
     </span>
     <span class='ocr_line' id='line_1_72' title="bbox 982 1631 1762 1671; baseline 0.001 -9"><span class='ocrx_word' id='word_1_427' title='bbox 982 1632 1015 1662; x_wconf 89' lang='grc'>111</span> <span class='ocrx_word' id='word_1_428' title='bbox 1035 1632 1197 1670; x_wconf 83' lang='lat' dir='ltr'>Scriptura</span> <span class='ocrx_word' id='word_1_429' title='bbox 1217 1631 1409 1669; x_wconf 82' lang='lat' dir='ltr'>idololatria,</span> <span class='ocrx_word' id='word_1_430' title='bbox 1434 1641 1490 1669; x_wconf 86' lang='lat' dir='ltr'>per</span> <span class='ocrx_word' id='word_1_431' title='bbox 1513 1641 1608 1671; x_wconf 87' lang='lat' dir='ltr'>quem</span> <span class='ocrx_word' id='word_1_432' title='bbox 1631 1633 1762 1664; x_wconf 87' lang='lat' dir='ltr'>modum</span> 
     </span>
     <span class='ocr_line' id='line_1_73' title="bbox 983 1684 1763 1725; baseline 0.001 -10"><span class='ocrx_word' id='word_1_433' title='bbox 983 1685 1144 1725; x_wconf 62' lang='lat' dir='ltr'>propheta}</span> <span class='ocrx_word' id='word_1_434' title='bbox 1159 1684 1242 1723; x_wconf 89' lang='lat' dir='ltr'>ipsos</span> <span class='ocrx_word' id='word_1_435' title='bbox 1262 1684 1442 1715; x_wconf 84' lang='lat' dir='ltr'>idololatras</span> <span class='ocrx_word' id='word_1_436' title='bbox 1462 1686 1681 1716; x_wconf 85' lang='lat' dir='ltr'>meretricibus</span> <span class='ocrx_word' id='word_1_437' title='bbox 1699 1687 1763 1716; x_wconf 89' lang='lat' dir='ltr'>for—</span> 
     </span>
     <span class='ocr_line' id='line_1_74' title="bbox 983 1738 1760 1779; baseline 0.001 -11"><span class='ocrx_word' id='word_1_438' title='bbox 983 1738 1110 1768; x_wconf 83' lang='lat' dir='ltr'>nicariis</span> <span class='ocrx_word' id='word_1_439' title='bbox 1131 1739 1315 1778; x_wconf 80' lang='lat' dir='ltr'>frequenter</span> <span class='ocrx_word' id='word_1_440' title='bbox 1335 1740 1535 1777; x_wconf 79' lang='lat' dir='ltr'>comparant,</span> <span class='ocrx_word' id='word_1_441' title='bbox 1560 1739 1641 1769; x_wconf 87' lang='lat' dir='ltr'>sicut</span> <span class='ocrx_word' id='word_1_442' title='bbox 1660 1741 1760 1779; x_wconf 86' lang='lat' dir='ltr'>patet,</span> 
     </span>
     <span class='ocr_line' id='line_1_75' title="bbox 983 1791 1764 1830; baseline 0.003 -9"><span class='ocrx_word' id='word_1_443' title='bbox 983 1791 993 1821; x_wconf 93' lang='lat' dir='ltr'>I</span> <span class='ocrx_word' id='word_1_444' title='bbox 1020 1791 1143 1829; x_wconf 59' lang='lat' dir='ltr'>Paral„</span> <span class='ocrx_word' id='word_1_445' title='bbox 1166 1802 1198 1829; x_wconf 86' lang='lat' dir='ltr'>v,</span> <span class='ocrx_word' id='word_1_446' title='bbox 1223 1793 1261 1821; x_wconf 68' lang='lat'>25</span> <span class='ocrx_word' id='word_1_447' title='bbox 1287 1791 1338 1830; x_wconf 72' lang='lat' dir='ltr'>(a).</span> <span class='ocrx_word' id='word_1_448' title='bbox 1364 1791 1629 1822; x_wconf 84' lang='lat' dir='ltr'>Communissime</span> <span class='ocrx_word' id='word_1_449' title='bbox 1649 1793 1764 1824; x_wconf 79' lang='lat' dir='ltr'>dicitur</span> 
     </span>
     <span class='ocr_line' id='line_1_76' title="bbox 983 1844 1759 1884; baseline 0.004 -11"><span class='ocrx_word' id='word_1_450' title='bbox 983 1844 1164 1882; x_wconf 74' lang='lat' dir='ltr'>fornicatio,</span> <span class='ocrx_word' id='word_1_451' title='bbox 1181 1844 1286 1874; x_wconf 87' lang='lat' dir='ltr'>omnis</span> <span class='ocrx_word' id='word_1_452' title='bbox 1302 1844 1553 1883; x_wconf 82' lang='lat' dir='ltr'>concupiscentia</span> <span class='ocrx_word' id='word_1_453' title='bbox 1569 1845 1759 1884; x_wconf 86' lang='lat' dir='ltr'>inordinata,</span> 
     </span>
     <span class='ocr_line' id='line_1_77' title="bbox 982 1896 1762 1937; baseline 0.005 -11"><span class='ocrx_word' id='word_1_454' title='bbox 982 1906 1044 1936; x_wconf 81' lang='lat' dir='ltr'>qua</span> <span class='ocrx_word' id='word_1_455' title='bbox 1063 1896 1234 1927; x_wconf 83' lang='lat' dir='ltr'>offenditur</span> <span class='ocrx_word' id='word_1_456' title='bbox 1258 1897 1355 1934; x_wconf 75' lang='lat' dir='ltr'>Deus,</span> <span class='ocrx_word' id='word_1_457' title='bbox 1380 1899 1410 1927; x_wconf 91' lang='lat' dir='ltr'>et</span> <span class='ocrx_word' id='word_1_458' title='bbox 1432 1897 1631 1937; x_wconf 87' lang='lat' dir='ltr'>relinquitur.</span> <span class='ocrx_word' id='word_1_459' title='bbox 1656 1897 1762 1930; x_wconf 80' lang='lat' dir='ltr'>Prima</span> 
     </span>
     <span class='ocr_line' id='line_1_78' title="bbox 982 1950 1758 1990; baseline 0.003 -10"><span class='ocrx_word' id='word_1_460' title='bbox 982 1950 1148 1981; x_wconf 85' lang='lat' dir='ltr'>fornicatio</span> <span class='ocrx_word' id='word_1_461' title='bbox 1165 1960 1227 1980; x_wconf 90' lang='lat' dir='ltr'>non</span> <span class='ocrx_word' id='word_1_462' title='bbox 1243 1953 1345 1990; x_wconf 87' lang='lat' dir='ltr'>potest</span> <span class='ocrx_word' id='word_1_463' title='bbox 1359 1950 1428 1980; x_wconf 76' lang='lat' dir='ltr'>fieri</span> <span class='ocrx_word' id='word_1_464' title='bbox 1442 1951 1481 1981; x_wconf 88' lang='lat' dir='ltr'>ab</span> <span class='ocrx_word' id='word_1_465' title='bbox 1498 1960 1598 1981; x_wconf 80' lang='lat' dir='ltr'>uxore</span> <span class='ocrx_word' id='word_1_466' title='bbox 1613 1951 1758 1990; x_wconf 86' lang='lat' dir='ltr'>scienter,</span> 
     </span>
     <span class='ocr_line' id='line_1_79' title="bbox 980 2001 1758 2042; baseline 0.001 -10"><span class='ocrx_word' id='word_1_467' title='bbox 980 2003 1057 2041; x_wconf 87' lang='lat' dir='ltr'>quin</span> <span class='ocrx_word' id='word_1_468' title='bbox 1080 2003 1135 2032; x_wconf 85' lang='lat' dir='ltr'>fiat</span> <span class='ocrx_word' id='word_1_469' title='bbox 1155 2002 1273 2041; x_wconf 84' lang='lat' dir='ltr'>injuria</span> <span class='ocrx_word' id='word_1_470' title='bbox 1295 2001 1364 2031; x_wconf 89' lang='lat' dir='ltr'>viro</span> <span class='ocrx_word' id='word_1_471' title='bbox 1384 2010 1392 2031; x_wconf 72' lang='grc' dir='ltr'>ε</span> <span class='ocrx_word' id='word_1_472' title='bbox 1415 2004 1444 2032; x_wconf 83' lang='grc'>01</span> <span class='ocrx_word' id='word_1_473' title='bbox 1469 2002 1539 2032; x_wconf 83' lang='lat' dir='ltr'>ideo</span> <span class='ocrx_word' id='word_1_474' title='bbox 1564 2004 1691 2042; x_wconf 85' lang='lat' dir='ltr'>propter</span> <span class='ocrx_word' id='word_1_475' title='bbox 1722 2003 1758 2042; x_wconf 80' lang='lat' dir='ltr'>(b)</span> 
     </span>
     <span class='ocr_line' id='line_1_80' title="bbox 982 2055 1761 2095; baseline 0.001 -10"><span class='ocrx_word' id='word_1_476' title='bbox 982 2055 1066 2085; x_wconf 80' lang='lat' dir='ltr'>illam</span> <span class='ocrx_word' id='word_1_477' title='bbox 1084 2057 1183 2094; x_wconf 71' lang='lat' dir='ltr'>potest</span> <span class='ocrx_word' id='word_1_478' title='bbox 1199 2055 1265 2084; x_wconf 83' lang='lat' dir='ltr'>sieri</span> <span class='ocrx_word' id='word_1_479' title='bbox 1287 2055 1460 2085; x_wconf 86' lang='lat' dir='ltr'>divortium</span> <span class='ocrx_word' id='word_1_480' title='bbox 1479 2055 1574 2085; x_wconf 79' lang='lat' dir='ltr'>otiam</span> <span class='ocrx_word' id='word_1_481' title='bbox 1594 2064 1651 2095; x_wconf 90' lang='lat' dir='ltr'>pro</span> <span class='ocrx_word' id='word_1_482' title='bbox 1666 2056 1761 2086; x_wconf 87' lang='lat' dir='ltr'>unico</span> 
     </span>
     <span class='ocr_line' id='line_1_81' title="bbox 981 2107 1762 2147; baseline 0.001 -10"><span class='ocrx_word' id='word_1_483' title='bbox 981 2108 1047 2139; x_wconf 89' lang='lat' dir='ltr'>solo</span> <span class='ocrx_word' id='word_1_484' title='bbox 1064 2111 1153 2146; x_wconf 83' lang='lat' dir='ltr'>actu,</span> <span class='ocrx_word' id='word_1_485' title='bbox 1171 2108 1195 2137; x_wconf 72' lang='lat' dir='ltr'>si</span> <span class='ocrx_word' id='word_1_486' title='bbox 1214 2107 1309 2147; x_wconf 89' lang='lat' dir='ltr'>possit</span> <span class='ocrx_word' id='word_1_487' title='bbox 1324 2108 1467 2146; x_wconf 86' lang='lat' dir='ltr'>probari,</span> <span class='ocrx_word' id='word_1_488' title='bbox 1484 2108 1579 2138; x_wconf 89' lang='lat' dir='ltr'>etiam</span> <span class='ocrx_word' id='word_1_489' title='bbox 1593 2110 1762 2147; x_wconf 83' lang='lat' dir='ltr'>quantum-</span> 
     </span>
     <span class='ocr_line' id='line_1_82' title="bbox 982 2159 1761 2199; baseline -0.003 -7"><span class='ocrx_word' id='word_1_490' title='bbox 982 2162 1028 2192; x_wconf 81' lang='lat' dir='ltr'>vis</span> <span class='ocrx_word' id='word_1_491' title='bbox 1041 2162 1075 2199; x_wconf 68' lang='grc' dir='ltr'>(οἕ</span> <span class='ocrx_word' id='word_1_492' title='bbox 1090 2161 1247 2191; x_wconf 79' lang='lat' dir='ltr'>fornicans</span> <span class='ocrx_word' id='word_1_493' title='bbox 1259 2160 1421 2199; x_wconf 75' lang='lat' dir='ltr'>poeniteat.</span> <span class='ocrx_word' id='word_1_494' title='bbox 1437 2159 1583 2191; x_wconf 87' lang='lat' dir='ltr'>Secunda</span> <span class='ocrx_word' id='word_1_495' title='bbox 1596 2169 1671 2190; x_wconf 87' lang='lat' dir='ltr'>vero</span> <span class='ocrx_word' id='word_1_496' title='bbox 1683 2162 1761 2191; x_wconf 90' lang='lat' dir='ltr'>tunc</span> 
     </span>
     <span class='ocr_line' id='line_1_83' title="bbox 980 2213 1760 2253; baseline -0.001 -9"><span class='ocrx_word' id='word_1_497' title='bbox 980 2216 1026 2245; x_wconf 82' lang='lat' dir='ltr'>est</span> <span class='ocrx_word' id='word_1_498' title='bbox 1040 2215 1071 2244; x_wconf 93' lang='lat' dir='ltr'>in</span> <span class='ocrx_word' id='word_1_499' title='bbox 1088 2213 1239 2253; x_wconf 72' lang='lat' dir='ltr'>injuriam</span> <span class='ocrx_word' id='word_1_500' title='bbox 1255 2214 1422 2252; x_wconf 84' lang='lat' dir='ltr'>conjugis,</span> <span class='ocrx_word' id='word_1_501' title='bbox 1446 2213 1573 2253; x_wconf 86' lang='lat' dir='ltr'>quando</span> <span class='ocrx_word' id='word_1_502' title='bbox 1594 2214 1711 2252; x_wconf 88' lang='lat' dir='ltr'>conjux</span> <span class='ocrx_word' id='word_1_503' title='bbox 1726 2214 1760 2244; x_wconf 85' lang='lat' dir='ltr'>in</span> 
     </span>
     <span class='ocr_line' id='line_1_84' title="bbox 980 2266 1759 2308; baseline -0.003 -10"><span class='ocrx_word' id='word_1_504' title='bbox 980 2269 1034 2298; x_wconf 86' lang='lat' dir='ltr'>illa</span> <span class='ocrx_word' id='word_1_505' title='bbox 1048 2269 1238 2308; x_wconf 73' lang='lat' dir='ltr'>perseverat,</span> <span class='ocrx_word' id='word_1_506' title='bbox 1257 2267 1333 2306; x_wconf 90' lang='lat' dir='ltr'>quia</span> <span class='ocrx_word' id='word_1_507' title='bbox 1348 2269 1422 2297; x_wconf 89' lang='lat' dir='ltr'>tunc</span> <span class='ocrx_word' id='word_1_508' title='bbox 1436 2269 1482 2297; x_wconf 88' lang='lat' dir='ltr'>est</span> <span class='ocrx_word' id='word_1_509' title='bbox 1497 2266 1550 2297; x_wconf 84' lang='lat' dir='ltr'>via</span> <span class='ocrx_word' id='word_1_510' title='bbox 1568 2266 1703 2297; x_wconf 87' lang='lat' dir='ltr'>ducendi</span> <span class='ocrx_word' id='word_1_511' title='bbox 1719 2266 1759 2297; x_wconf 86' lang='lat' dir='ltr'>ad</span> 
     </span>
     <span class='ocr_line' id='line_1_85' title="bbox 980 2319 1758 2360; baseline -0.003 -9"><span class='ocrx_word' id='word_1_512' title='bbox 980 2321 1232 2360; x_wconf 86' lang='lat' dir='ltr'>corruptionem;</span> <span class='ocrx_word' id='word_1_513' title='bbox 1254 2322 1285 2350; x_wconf 92' lang='lat' dir='ltr'>et</span> <span class='ocrx_word' id='word_1_514' title='bbox 1305 2319 1374 2349; x_wconf 87' lang='lat' dir='ltr'>ideo</span> <span class='ocrx_word' id='word_1_515' title='bbox 1392 2328 1447 2359; x_wconf 90' lang='lat' dir='ltr'>per</span> <span class='ocrx_word' id='word_1_516' title='bbox 1462 2319 1549 2349; x_wconf 87' lang='lat' dir='ltr'>illam</span> <span class='ocrx_word' id='word_1_517' title='bbox 1570 2321 1669 2359; x_wconf 88' lang='lat' dir='ltr'>potest</span> <span class='ocrx_word' id='word_1_518' title='bbox 1690 2319 1758 2350; x_wconf 87' lang='lat' dir='ltr'>fieri</span> 
     </span>
     <span class='ocr_line' id='line_1_86' title="bbox 980 2372 1756 2414; baseline -0.003 -10"><span class='ocrx_word' id='word_1_519' title='bbox 980 2374 1145 2414; x_wconf 75' lang='lat' dir='ltr'>separatio,</span> <span class='ocrx_word' id='word_1_520' title='bbox 1158 2374 1183 2403; x_wconf 85' lang='lat' dir='ltr'>si</span> <span class='ocrx_word' id='word_1_521' title='bbox 1195 2374 1263 2412; x_wconf 81' lang='lat' dir='ltr'>conj</span> <span class='ocrx_word' id='word_1_522' title='bbox 1270 2382 1314 2403; x_wconf 77' lang='lat' dir='ltr'>ux</span> <span class='ocrx_word' id='word_1_523' title='bbox 1330 2372 1407 2402; x_wconf 90' lang='lat' dir='ltr'>nolit</span> <span class='ocrx_word' id='word_1_524' title='bbox 1421 2374 1584 2412; x_wconf 87' lang='lat' dir='ltr'>poenitere.</span> <span class='ocrx_word' id='word_1_525' title='bbox 1602 2372 1634 2403; x_wconf 89' lang='lat' dir='ltr'>Si</span> <span class='ocrx_word' id='word_1_526' title='bbox 1649 2375 1756 2402; x_wconf 90' lang='lat' dir='ltr'>autem</span> 
     </span>
     <span class='ocr_line' id='line_1_87' title="bbox 980 2425 1756 2467; baseline -0.005 -8"><span class='ocrx_word' id='word_1_527' title='bbox 980 2428 1048 2459; x_wconf 89' lang='lat' dir='ltr'>vult</span> <span class='ocrx_word' id='word_1_528' title='bbox 1063 2427 1232 2467; x_wconf 85' lang='lat' dir='ltr'>poenitere,</span> <span class='ocrx_word' id='word_1_529' title='bbox 1258 2428 1288 2456; x_wconf 84' lang='lat' dir='ltr'>et</span> <span class='ocrx_word' id='word_1_530' title='bbox 1310 2425 1428 2463; x_wconf 89' lang='lat' dir='ltr'>redire,</span> <span class='ocrx_word' id='word_1_531' title='bbox 1453 2434 1517 2456; x_wconf 91' lang='lat' dir='ltr'>non</span> <span class='ocrx_word' id='word_1_532' title='bbox 1537 2427 1638 2465; x_wconf 87' lang='lat' dir='ltr'>potest</span> <span class='ocrx_word' id='word_1_533' title='bbox 1658 2434 1756 2464; x_wconf 87' lang='lat' dir='ltr'>repu-</span> 
     </span>
     <span class='ocr_line' id='line_1_88' title="bbox 979 2478 1754 2512; baseline -0.005 -1"><span class='ocrx_word' id='word_1_534' title='bbox 979 2481 1066 2512; x_wconf 87' lang='lat' dir='ltr'>diare</span> <span class='ocrx_word' id='word_1_535' title='bbox 1087 2489 1168 2510; x_wconf 90' lang='lat' dir='ltr'>eam.</span> <span class='ocrx_word' id='word_1_536' title='bbox 1194 2478 1372 2509; x_wconf 88' lang='lat' dir='ltr'>Fornicatio</span> <span class='ocrx_word' id='word_1_537' title='bbox 1392 2481 1467 2509; x_wconf 88' lang='lat' dir='ltr'>tunc</span> <span class='ocrx_word' id='word_1_538' title='bbox 1484 2480 1532 2509; x_wconf 90' lang='lat' dir='ltr'>est</span> <span class='ocrx_word' id='word_1_539' title='bbox 1549 2478 1583 2508; x_wconf 91' lang='lat' dir='ltr'>in</span> <span class='ocrx_word' id='word_1_540' title='bbox 1601 2478 1754 2508; x_wconf 83' lang='lat' dir='ltr'>damnum</span> 
     </span>
     <span class='ocr_line' id='line_1_89' title="bbox 979 2530 1752 2574; baseline -0.006 -9"><span class='ocrx_word' id='word_1_541' title='bbox 979 2544 1035 2565; x_wconf 88' lang='lat' dir='ltr'>con</span> <span class='ocrx_word' id='word_1_542' title='bbox 1036 2536 1073 2574; x_wconf 77' lang='lat' dir='ltr'>ji]</span> <span class='ocrx_word' id='word_1_543' title='bbox 1078 2534 1140 2572; x_wconf 83' lang='lat' dir='ltr'>gis,</span> <span class='ocrx_word' id='word_1_544' title='bbox 1151 2532 1278 2573; x_wconf 87' lang='lat' dir='ltr'>quando</span> <span class='ocrx_word' id='word_1_545' title='bbox 1289 2533 1342 2563; x_wconf 83' lang='lat' dir='ltr'>dat</span> <span class='ocrx_word' id='word_1_546' title='bbox 1353 2532 1381 2562; x_wconf 91' lang='lat' dir='ltr'>ei</span> <span class='ocrx_word' id='word_1_547' title='bbox 1392 2532 1589 2563; x_wconf 90' lang='lat' dir='ltr'>occasionem</span> <span class='ocrx_word' id='word_1_548' title='bbox 1599 2530 1752 2568; x_wconf 80' lang='lat' dir='ltr'>scandali3</span> 
     </span>
     <span class='ocr_line' id='line_1_90' title="bbox 979 2584 1752 2627; baseline -0.006 -9"><span class='ocrx_word' id='word_1_549' title='bbox 979 2590 1014 2619; x_wconf 88' lang='lat' dir='ltr'>ut</span> <span class='ocrx_word' id='word_1_550' title='bbox 1034 2587 1161 2627; x_wconf 86' lang='lat' dir='ltr'>quando</span> <span class='ocrx_word' id='word_1_551' title='bbox 1183 2596 1248 2617; x_wconf 89' lang='lat' dir='ltr'>non</span> <span class='ocrx_word' id='word_1_552' title='bbox 1269 2586 1337 2616; x_wconf 94' lang='lat' dir='ltr'>vult</span> <span class='ocrx_word' id='word_1_553' title='bbox 1358 2595 1431 2616; x_wconf 85' lang='lat' dir='ltr'>cum</span> <span class='ocrx_word' id='word_1_554' title='bbox 1451 2594 1488 2616; x_wconf 92' lang='lat' dir='ltr'>eo</span> <span class='ocrx_word' id='word_1_555' title='bbox 1507 2585 1612 2624; x_wconf 88' lang='lat' dir='ltr'>quiete</span> <span class='ocrx_word' id='word_1_556' title='bbox 1633 2584 1752 2621; x_wconf 88' lang='lat' dir='ltr'>vivere,</span> 
     </span>
    </p>
   </div>
   <div class='ocr_carea' id='block_1_12' title="bbox 979 2663 1753 2736">
    <p class='ocr_par' dir='ltr' id='par_1_14' title="bbox 979 2663 1753 2736">
     <span class='ocr_line' id='line_1_91' title="bbox 979 2663 1753 2698; baseline -0.005 -7"><span class='ocrx_word' id='word_1_557' title='bbox 979 2667 1278 2698; x_wconf 75' lang='lat' dir='ltr'>Paralipomenorum.—</span> <span class='ocrx_word' id='word_1_558' title='bbox 1298 2665 1330 2696; x_wconf 79' lang='lat' dir='ltr'>(b)</span> <span class='ocrx_word' id='word_1_559' title='bbox 1353 2666 1414 2690; x_wconf 83' lang='lat' dir='ltr'>Coet.</span> <span class='ocrx_word' id='word_1_560' title='bbox 1434 2665 1492 2689; x_wconf 81' lang='lat' dir='ltr'>edil.</span> <span class='ocrx_word' id='word_1_561' title='bbox 1512 2671 1567 2694; x_wconf 61' lang='lat' dir='ltr'>per,</span> <span class='ocrx_word' id='word_1_562' title='bbox 1590 2677 1614 2681; x_wconf 93' lang='lat'>—</span> <span class='ocrx_word' id='word_1_563' title='bbox 1638 2663 1668 2693; x_wconf 80' lang='lat' dir='ltr'>(c)</span> <span class='ocrx_word' id='word_1_564' title='bbox 1692 2663 1753 2687; x_wconf 77' lang='lat' dir='ltr'>Item</span> 
     </span>
     <span class='ocr_line' id='line_1_92' title="bbox 979 2705 1111 2736; baseline -0.015 -8"><span class='ocrx_word' id='word_1_565' title='bbox 979 2705 1111 2736; x_wconf 82' lang='lat' dir='ltr'>quantum.</span> 
     </span>
    </p>
   </div>
  </div>
 </body>
</html>
