1991 3006
9 2516 43 2536 Ad
59 2523 110 2543 opp.

619 263 716 295 DIST.
740 263 826 295 XLV.
852 264 942 297 ART.
966 264 1003 296 ΙΙ.
1027 264 1177 301 QUAEST.
1201 265 1239 296 II.

137 339 200 361 non
228 333 370 371 possunt.
399 331 445 362 Ex
473 331 533 362 hoc
563 333 647 370 patet
675 331 836 370 responsio
864 330 902 361 ad

137 383 288 422 primum,
304 385 379 423 quia
393 384 546 423 suffragia
560 393 624 414 non
640 384 681 414 ita
696 383 801 414 valent
815 392 900 413 com-

136 436 397 475 prehensoribus,
418 437 534 467 scilicet
557 437 632 476 quia
653 446 716 467 non
739 436 900 475 indigent,

136 491 165 518 et
178 498 243 519 non
257 490 300 520 ita
315 490 503 527 viatoribus,
521 490 597 529 quia
612 490 715 520 adhuc
727 491 858 529 possunt
870 498 902 518 se

132 541 256 580 juvare.

175 596 204 625 2.
215 595 263 625 Ad
275 595 350 625 iliud
363 595 445 635 quod
457 595 606 634 objicitur
618 595 700 634 quod
712 603 775 625 non
787 597 860 624 sunt
870 594 903 624 in

135 649 218 677 statu
235 648 386 685 merendi,
400 648 567 679 dicendum
580 648 664 687 quod
680 647 827 686 quamvis
840 656 903 677 non

136 700 246 730 sintin
267 703 349 731 statu
370 701 528 737 merendi,
549 703 623 731 sunt
644 700 799 730 tamenin
821 702 903 730 statu

135 752 276 783 solvendi
290 764 296 784 z
310 754 435 785 solvunt
453 755 537 785 enim
554 764 625 794 quae
641 755 772 785 debent:
791 757 821 785 et
835 755 904 785 ideo

135 806 193 836 etsi
208 815 270 836 non
285 807 430 846 adjuvari
445 808 479 837 in
500 808 614 838 merito
629 810 779 847 possunt,
796 810 903 838 tamen

135 858 280 898 adjuvari
295 860 328 890 in
340 860 495 891 solut'10ne
510 863 642 900 possunt
659 872 665 891 ε
684 864 783 891 status
797 865 914 891 autem-

135 911 276 942 solvendi
300 922 364 943 non
386 917 432 943 est
447 923 572 953 semper
596 923 669 944 cum
689 916 770 944 statu
787 914 902 951 meriti,

135 966 188 996 sed
215 966 305 996 illum
332 968 544 1007 praesupponit
559 990 565 1002 ,
592 967 708 998 seilicet
736 968 789 1007 qui
814 967 904 1006 prius

134 1019 266 1056 meruit,
289 1019 373 1058 quod
389 1019 420 1049 in
440 1020 494 1049 tati
514 1022 592 1050 statu
614 1023 716 1059 posset
738 1020 860 1051 solvere
875 1023 905 1050 et

129 1071 251 1109 juvari.

172 1126 200 1154 3.
215 1124 303 1161 Quod
317 1125 475 1164 objicitur,
493 1125 576 1164 quod
590 1126 616 1155 si
632 1125 760 1162 meruit,
777 1135 902 1156 necesse

132 1180 178 1208 est
194 1180 362 1216 meruisse,
386 1178 556 1209 dicendum
576 1178 661 1218 quod
678 1188 788 1209 verum
805 1182 852 1209 est
866 1180 903 1210 de

132 1231 244 1261 merito
259 1231 420 1268 absolut0;
438 1233 489 1262 sed
505 1232 582 1263 illud
597 1232 656 1262 suit
669 1233 817 1263 meritum
832 1242 902 1263 con-

131 1284 291 1315 ditionale.

170 1339 199 1367 4.
224 1337 271 1367 Ad
294 1337 371 1368 illud
391 1338 474 1377 quod
498 1338 644 1377 objicitur
664 1340 700 1377 (α)
727 1339 902 1369 secuudum

131 1390 339 1429 quantitatem
347 1390 534 1429 cremabilis7
550 1394 621 1428 etc„
637 1391 803 1422 dicendum
818 1392 903 1431 quod

131 1443 289 1482 quantitas
310 1453 412 1483 poenae
429 1453 494 1474 non
513 1444 639 1484 respicit
655 1444 831 1482 maculam,
849 1445 902 1476 sed

130 1498 274 1534 reatum;
300 1498 331 1526 et
354 1496 508 1535 obligatio
532 1496 571 1527 ad
594 1506 720 1536 poenam
745 1498 902 1528 minuitur

129 1547 286 1579 solutione
302 1558 404 1588 poenae
418 1549 499 1579 fieta
510 1550 548 1579 ab
562 1550 640 1589 ipso,
655 1550 705 1580 vei
719 1550 757 1580 ab
773 1550 845 1580 alio.

170 1603 199 1631 5.
212 1601 258 1632 Ad
273 1601 361 1639 illud,
379 1601 463 1641 quod
478 1602 654 1633 solveretur
669 1605 744 1639 tota,
760 1605 833 1640 etc.‚
850 1604 899 1633 di-

129 1654 265 1684 cendum
284 1655 368 1694 quod
388 1663 500 1685 verum
521 1657 581 1692 est,
604 1655 630 1685 si
650 1657 695 1686 tot
714 1658 817 1686 essent
835 1657 898 1686 suf-

129 1707 233 1745 fragia
247 1719 252 1737 :
271 1708 323 1738 sed
339 1707 494 1746 suffragia
509 1717 573 1738 non
591 1708 739 1738 auferunt
754 1718 772 1738 a
788 1717 897 1748 poena,

129 1768 185 1790 nee
201 1760 351 1798 liberant,
370 1761 429 1790 nisi
449 1760 524 1791 dum
541 1760 638 1797 fiunt3
656 1763 687 1791 et
702 1761 733 1790 in
750 1761 804 1791 illo
818 1764 898 1791 tem-

131 1821 206 1851 pore
225 1813 321 1843 homo
344 1813 490 1852 punitur7
517 1817 545 1844 et
570 1814 621 1843 alii
642 1823 698 1853 pro
720 1814 806 1853 ipso:
831 1815 899 1845 ideo

128 1874 193 1896 non
224 1869 366 1897 remanet
400 1866 584 1905 impunitus.
618 1866 844 1897 Verumtamen
873 1869 897 1898 si

129 1919 434 1958 superabundarent,
448 1922 523 1949 tunc
538 1920 684 1958 possibile
699 1922 780 1949 esset
795 1922 897 1950 totum

129 1972 267 2002 remitti:
291 1981 348 2002 nec
368 1975 475 2002 tamen
496 1976 657 2011 peccatum
678 1975 820 2003 remanet
836 1973 896 2003 im-

129 2025 277 2063 punitum
289 2048 296 2062 ‚
314 2024 389 2064 quia
403 2025 549 2064 quamvis
564 2034 627 2055 non
643 2026 797 2065 puniatur
809 2026 840 2055 in
853 2035 896 2063 se,

128 2077 261 2116 punitur
284 2080 389 2107 tamen
412 2078 443 2107 in
468 2078 548 2116 alio,
574 2078 623 2109 vel
648 2079 681 2108 in
705 2079 794 2117 aliis,
819 2080 899 2110 sicut

128 2139 223 2169 supra
239 2133 247 2149 ¹
262 2130 381 2160 dictum
395 2130 454 2160 fuit
470 2130 508 2161 de
522 2130 697 2170 baptismo:
714 2132 774 2162 hoc
791 2133 896 2163 tamen

128 2183 197 2220 vix⁷
215 2184 269 2213 aut
284 2192 450 2222 nunquam
464 2183 508 2213 sit.

392 2310 570 2347 QUAESTIO
594 2311 630 2342 ll.

142 2408 188 2434 An
202 2407 335 2440 defunctis
347 2409 454 2441 prosint
468 2407 603 2441 suffragia
619 2408 691 2439 facta
704 2415 754 2442 per
768 2409 852 2435 malos
864 2412 882 2435 ².

170 2502 280 2533 Utrum
298 2503 421 2542 prosint
441 2502 597 2540 suffragia
617 2503 697 2532 facta
711 2512 767 2542 per
783 2503 894 2541 inaios3

129 2557 158 2586 et
172 2555 255 2595 quod
270 2564 345 2591 non,
362 2555 488 2586 videtur
499 2555 508 2571 ³
528 2567 534 2585 :
557 2555 679 2586 Scimus
695 2556 773 2595 quia
786 2564 898 2595 pecca-

163 2657 168 2668 ¹
189 2655 249 2678 Dist..
271 2660 305 2677 iv.
326 2667 354 2672 —
373 2655 382 2671 ²
402 2654 442 2678 Cf.
467 2657 494 2678 s.
518 2654 618 2682 Ttiom„
643 2654 667 2677 in
691 2654 775 2685 Suppl.
796 2662 818 2685 p.
849 2655 895 2685 lii,

129 2697 153 2721 q.
170 2695 242 2719 Lxxi,
260 2691 307 2713 art..
324 2691 353 2719 Ἀρ
369 2689 497 2720 Πίε]ιω·ι].,
515 2690 544 2713 tv
561 2689 639 2718 Sciit„
655 2689 711 2713 dist.
728 2696 787 2721 xrs,
808 2693 854 2714 art.
873 2692 896 2720 2,

130 2732 153 2755 q.
173 2731 201 2749 ιιι
219 2727 243 2748 et.
257 2730 295 2754 1v;
311 2725 396 2755 Stepb.
415 2724 517 2754 Bruter„
535 2725 564 2748 tv
580 2724 658 2754 Seni„
675 2724 730 2749 dist.
749 2731 812 2755 nv,
827 2733 852 2756 q.
866 2731 896 2755 x;

1667 271 1724 299 515

958 335 1038 363 tores
1056 333 1137 363 Deus
1154 339 1218 362 non
1238 331 1397 364 eoeaudz‘t:
1413 341 1501 372 ergo,
1518 334 1544 364 si
1565 342 1630 365 non
1651 343 1724 374 pro-

957 384 1023 414 dest
1043 384 1142 415 oratio
1162 394 1257 424 quam
1277 384 1359 415 Deus
1379 395 1442 416 non
1460 386 1607 424 exaudit,
1623 389 1725 426 patet,

957 440 1015 467 ete.
1050 437 1139 474 Quod
1171 437 1197 467 si
1228 437 1312 468 dicas
1325 461 1332 474 ,
1365 439 1447 477 quod
1483 439 1620 470 verbum
1648 439 1726 471 iilud

957 498 1020 519 non
1055 492 1099 520 est
1129 499 1258 527 verum,
1296 491 1369 530 quia
1400 500 1419 521 a
1450 501 1552 530 caeco,
1586 502 1651 523 non
1688 493 1727 523 ab

958 541 1160 581 Evangeiista
1184 543 1302 573 dietum
1325 546 1388 580 est3
1414 547 1522 574 eontra
1541 555 1547 575 τ
1577 544 1642 576 Hoc
1664 555 1728 576 non

958 595 1064 632 solvit,
1089 596 1163 635 quia
1178 597 1189 614 ⁸
1211 606 1217 625 :
1239 595 1316 627 Cum
1339 596 1633 635 multiplicaveritis
1655 605 1728 629 ora-

959 649 1058 680 tiones
1072 652 1208 686 vestras,
1224 656 1289 680 ηοη
1303 648 1478 680 exaudiam
1489 659 1500 679 .·
1514 658 1628 682 manus
1643 651 1729 682 enim

958 704 1069 733 vestrae
1081 702 1181 741 plenoe
1194 705 1269 733 sunt
1282 703 1456 741 sanquine,
1473 701 1598 734 Glossa:
1619 715 1633 732 <‹
1649 703 1727 734 San-

960 755 1076 793 guine,
1095 755 1126 785 id
1141 757 1187 785 est
1202 757 1336 794 peccato.
1356 765 1370 783 1)
1395 754 1481 794 Ergo
1497 756 1523 785 si
1538 757 1642 786 omnis
1657 766 1729 796 pec-

959 810 1044 838 cator
1069 810 1099 838 et
1119 808 1222 838 matus
1242 810 1288 837 est
1305 807 1390 845 talis,
1416 807 1540 838 videtur
1561 809 1646 848 quod
1665 810 1728 840 suf-

958 861 1063 900 fragia
1077 862 1156 892 facta
1172 870 1227 900 per
1241 860 1341 891 malos
1356 870 1419 892 non
1436 862 1569 901 prosint.

999 914 1077 944 Item
1093 914 1282 952 Gregorius:
1301 926 1315 942 «
1333 913 1409 944 Cum
1426 914 1452 944 is
1466 914 1521 953 qui
1533 914 1675 954 displicet
1692 915 1729 945 ad

960 967 1218 998 intercedendum
1248 967 1405 1004 mittitur,
1438 967 1508 997 irati
1536 968 1663 998 animus
1692 968 1730 999 ad

959 1019 1115 1050 deteriora
1130 1022 1330 1058 provocatmu
1350 1030 1365 1048 υ
1384 1018 1471 1059 Ergo
1486 1020 1589 1059 potius
1604 1021 1729 1059 obsunt,

959 1081 1055 1111 quam
1069 1072 1201 1112 prosint.

1000 1125 1077 1155 Item
1104 1126 1227 1155 ratione
1248 1125 1387 1163 videtur,
1404 1125 1480 1165 quia
1505 1125 1630 1156 nullum
1652 1135 1731 1166 opus

959 1181 1005 1209 est
1031 1179 1292 1216 satisfactorium,
1319 1179 1379 1209 nisi
1403 1179 1488 1219 quod
1509 1179 1544 1209 fit
1568 1188 1607 1209 ex
1628 1179 1731 1211 radice

959 1230 1120 1260 charitatis
1138 1241 1143 1260 z
1164 1230 1218 1260 sed
1242 1230 1326 1260 istud
1344 1239 1408 1260 non
1431 1230 1467 1260 fit
1481 1230 1544 1267 sic,
1562 1230 1646 1270 quod
1666 1231 1732 1261 fita

960 1283 1042 1313 malo
1058 1292 1066 1313 .’
1083 1292 1161 1322 ergo
1179 1292 1245 1313 non
1261 1283 1418 1313 satisfacit.

1000 1336 1077 1367 item
1100 1337 1157 1366 iste
1176 1339 1320 1376 peccator
1335 1345 1398 1366 non
1414 1339 1459 1367 est
1473 1337 1654 1367 membrum
1673 1336 1730 1367 Ec·

959 1389 1061 1420 clesiae
1087 1400 1093 1419 :
1122 1398 1199 1428 ergo
1232 1389 1351 1419 nuliam
1379 1389 1474 1420 habet
1501 1390 1731 1421 connexionem

959 1451 1031 1472 cum
1054 1441 1107 1472 ilio
1127 1442 1181 1481 qui
1206 1444 1351 1473 mortuus
1371 1444 1437 1472 est:
1459 1451 1540 1481 ergo
1560 1451 1640 1482 opus
1662 1443 1731 1482 ejus

958 1495 1089 1525 omnino
1105 1497 1150 1525 est
1172 1495 1312 1526 alienum
1327 1495 1366 1525 ab
1382 1495 1448 1534 ipso
1463 1495 1610 1526 defuncto
1628 1506 1634 1526 :
1652 1505 1730 1536 ergo

958 1548 1038 1577 nihil
1054 1548 1081 1577 ei
1098 1548 1181 1578 facit.

998 1600 1090 1638 Item,
1108 1601 1134 1630 si
1157 1600 1260 1630 malus
1277 1601 1391 1631 faceret
1407 1610 1463 1640 pro
1485 1610 1533 1638 se,
1554 1601 1633 1632 nihil
1657 1611 1731 1641 pro-

956 1653 1078 1683 desset:
1100 1663 1179 1692 ergo
1200 1653 1268 1692 pari
1291 1653 1412 1684 ratione
1432 1663 1495 1684 uon
1515 1654 1641 1694 prodest
1660 1655 1728 1693 aiii,

956 1707 979 1735 si
997 1706 1111 1736 faceret
1131 1715 1187 1746 pro
1206 1705 1259 1736 illo
1271 1730 1279 1743 ,
1297 1706 1371 1745 quia
1386 1707 1607 1746 unusquisque
1622 1708 1726 1739 effica-

956 1759 1023 1789 cius
1038 1761 1179 1789 meretur
1194 1759 1269 1794 sibi,
1287 1768 1383 1798 quam
1398 1759 1461 1789 aiii.

995 1811 1108 1841 Contra
1126 1821 1132 1841 :
1156 1811 1357 1841 Sacramenta
1375 1811 1520 1842 Ecclesiae
1535 1821 1626 1852 aeque
1643 1813 1725 1845 bona
1741 1827 1846 1849 pamm,

954 1867 1042 1901 sunt,
1065 1874 1138 1894 curn
1157 1864 1381 1903 dispensantur
1400 1873 1456 1904 per
1473 1865 1588 1903 bonos,
1606 1869 1636 1896 et
1657 1876 1723 1897 ma-

955 1917 1019 1947 los:
1034 1926 1111 1956 ergo
1126 1917 1223 1947 missa
1245 1917 1317 1947 maii
1332 1917 1500 1948 sacerdotis
1517 1918 1558 1948 ita
1574 1919 1722 1958 prodest,

954 1972 991 2001 ut
1006 1970 1090 2000 boni.

995 2023 1072 2054 Item
1090 2023 1216 2062 quando
1232 2032 1344 2054 servus
1362 2023 1502 2054 existens
1516 2026 1606 2054 extra
1620 2024 1723 2055 chari-

956 2080 1050 2108 tatem
1067 2077 1119 2107 dat
1133 2077 1366 2116 eleemosynam
1381 2077 1419 2108 ad
1434 2077 1605 2117 imperium
1621 2079 1722 2109 domi-

955 2131 1008 2168 ni,
1037 2133 1176 2160 meretur
1203 2130 1352 2160 dominus
1381 2139 1416 2160 ac
1449 2131 1475 2160 si
1507 2140 1618 2162 servus
1645 2131 1724 2163 bene

954 2183 1062 2214 daret:
1080 2192 1158 2222 ergo
1172 2183 1316 2213 similiter
1330 2183 1362 2213 in
1378 2184 1553 2223 proposito,
1573 2193 1645 2215 cum
1660 2184 1722 2223 ille,

955 2246 1012 2275 pro
1027 2246 1089 2276 quo
1102 2237 1151 2274 fit,
1170 2237 1211 2266 sit
1225 2237 1257 2267 in
1272 2237 1439 2275 charitate,
1457 2238 1541 2268 vaiet
1554 2239 1593 2270 ei.

995 2290 1072 2320 Item
1092 2290 1213 2320 ratione
1236 2290 1382 2328 videtur,
1401 2291 1478 2330 quia
1501 2290 1652 2322 Dominus
1667 2301 1724 2324 sua

955 2343 1100 2381 largitate
1124 2345 1249 2382 reputat
1263 2352 1343 2383 opus
1361 2343 1476 2374 factum
1491 2344 1530 2375 ab
1550 2345 1625 2383 alio,
1641 2354 1677 2375 ac
1698 2346 1723 2376 si

955 2397 1009 2426 ssat
1024 2396 1063 2426 ab
1079 2405 1115 2426 eo
1134 2405 1192 2435 pro
1207 2405 1271 2436 quo
1291 2397 1324 2426 fit
1340 2407 1346 2427 ε
1369 2397 1423 2428 sed
1447 2397 1498 2428 ille
1513 2400 1560 2428 est
1576 2398 1609 2428 in
1624 2398 1724 2429 chari-

954 2452 1016 2479 tate
1035 2460 1041 2479 z
1059 2458 1158 2488 ergo,
1175 2452 1233 2480 etc.

995 2503 1071 2533 item
1096 2503 1222 2542 quando
1249 2503 1361 2543 aliquis
1382 2503 1455 2534 facit
1475 2504 1568 2535 alicui
1591 2505 1723 2535 eleemo-

955 2566 1078 2596 synam,
1094 2555 1152 2586 etsi
1165 2555 1242 2586 dans
1253 2556 1294 2586 sit
1308 2558 1397 2587 extra
1409 2556 1604 2594 charitatem,
1616 2558 1722 2586 tamen

955 2609 1106 2648 recipiens
1121 2610 1222 2648 potest
1243 2609 1357 2639 mereri
1379 2609 1413 2639 in
1432 2609 1619 2648 recipiendo,
1637 2609 1662 2638 si
1677 2617 1723 2639 re-

956 2691 1044 2713 l‘etrus
1057 2688 1087 2712 de
1105 2689 1218 2717 'rai-ant„
1234 2689 1264 2712 lv
1281 2689 1360 2718 Sene„
1374 2689 1429 2712 dist.
1451 2694 1508 2716 XLV,
1526 2696 1550 2718 q.
1572 2694 1628 2718 vm,
1644 2694 1681 2712 ix.
1693 2701 1721 2706 —-

954 2725 962 2738 ³
973 2725 1054 2753 J01171.,
1072 2730 1107 2753 ix,
1124 2726 1162 2747 31.
1175 2737 1202 2741 -
1215 2724 1224 2740 δ
1239 2725 1297 2753 lm„
1314 2730 1331 2754 1,
1349 2726 1385 2747 15.
1400 2737 1430 2741 -
1448 2724 1480 2753 (a)
1494 2723 1583 2754 suppl.
1597 2723 1674 2754 quod.
