1991 3006
633 213 730 245 DIST.
754 209 884 242 XXXVI.
908 207 997 239 ΛΒΤ.
1023 207 1045 238 Ι.
1069 206 1218 244 QUAEST.
1245 206 1281 237 ll.

204 283 281 314 Item
304 282 440 313 servitus
462 284 509 312 est
535 281 573 312 de
600 282 672 319 jure
696 277 848 318 positivo·,
874 274 927 305 sed

164 335 402 366 matrimonium
426 336 472 364 cst
496 333 534 364 de
556 334 630 371 ¹iure
649 329 784 362 naturali
804 338 811 359 :
839 336 927 366 ergo,

165 388 256 425 sijus
269 388 439 426 positivum
454 395 518 415 non
541 384 725 424 praejudicet
747 391 805 412 nec
826 381 927 419 impe-

165 441 209 470 dit
220 441 273 478 jus
286 439 441 476 naturale,
455 447 511 468 nec
527 438 663 467 servitus
677 434 928 466 matrimonium.

205 492 283 522 Ilem
297 492 376 521 sicut
388 500 498 521 servus
508 493 633 520 tenetur
648 489 776 519 obedire
789 487 929 523 domino,

165 544 208 574 ita
223 545 253 573 et
273 543 358 572 filius
374 543 453 581 patri
472 553 478 573 z
497 543 548 572 sed
565 542 599 571 in
619 542 678 571 hoc.
702 541 786 570 filius
805 548 868 569 nou
885 540 929 567 te-

165 598 258 626 netur
277 595 404 625 obedire
425 595 525 634 patri,
547 597 582 624 ut
596 594 740 623 habitum
756 594 802 622 est
815 599 912 629 supra
923 613 930 626 ,

166 650 196 678 et
210 650 370 677 ostensum
385 650 540 686 quantum
555 646 595 676 ad
612 644 849 675 matrimonium
862 651 933 672 con-

166 699 357 730 trahendum
373 708 380 729 :
397 708 474 737 ergo
489 708 547 729 nec
561 707 672 728 servus
686 697 824 727 domiuo.

437 811 660 843 CONCLUSIO.

169 898 311 924 Servz'tutis
335 897 452 923 conditio
473 897 612 923 secundnm
635 896 680 929 jus
708 903 826 926 novum,
857 895 934 920 ctiam

205 942 310 968 domino
339 941 552 972 contradicente,
581 948 632 967 non
660 939 773 974 impedit
801 941 936 966 matrimo-

204 993 286 1012 mum.

211 1067 302 1107 Resp.
323 1068 362 1098 ad
383 1077 454 1107 arg.
473 1068 643 1098 Dicendum
659 1067 742 1106 quod
764 1067 937 1097 secundum

167 1122 221 1160 jus
240 1130 360 1151 novum
385 1121 520 1152 conditio
540 1121 700 1151 servitutis
721 1128 785 1150 non
810 1120 939 1159 impedit

171 1174 412 1205 matrimonium
430 1175 525 1205 etiam
545 1174 673 1204 domino
688 1174 936 1210 contradicente,

171 1226 222 1256 vel
243 1227 397 1264 dominis,
420 1228 494 1267 quia
513 1229 708 1257 sacramenta
732 1226 940 1256 ecclesiastiva

172 1279 321 1309 omnihus
343 1283 417 1310 sunt
438 1280 637 1316 communia;
659 1282 689 1309 ct
711 1288 822 1309 servus
846 1279 940 1308 eliam

173 1333 365 1370 conjugatus
388 1335 489 1371 potest
504 1333 597 1362 etiam
624 1341 681 1362 suo
696 1331 822 1361 domino
838 1331 941 1361 debita

173 1384 300 1414 servitia
320 1385 469 1414 exhibere
486 1395 492 1413 :
517 1384 601 1414 unde
621 1393 676 1423 per
698 1383 938 1413 matrimonium

174 1445 237 1466 non
252 1436 449 1466 subtrahitur
464 1446 481 1466 a
496 1436 615 1466 domini
631 1439 791 1475 potestate.

216 1491 229 1518 1
248 1491 278 1518 et
290 1491 319 1519 2.
339 1489 385 1519 Ad
401 1489 476 1519 illud
488 1498 566 1527 ergo
580 1489 662 1528 quod
679 1489 825 1527 obiicitur
839 1489 876 1518 de
892 1497 940 1519 re-

174 1541 303 1580 ligione,
316 1541 483 1572 dicendum
499 1542 581 1581 quod
598 1541 631 1570 in
649 1541 802 1579 religione
818 1541 943 1579 religio-

175 1602 227 1623 sus
242 1594 371 1623 omnino
381 1593 487 1623 subest
500 1596 656 1632 praecepto
667 1593 831 1632 religionis
846 1602 943 1632 qnan-

175 1648 242 1675 tum
258 1646 295 1675 a·l
318 1655 411 1676 omne
425 1649 565 1684 tempus,
582 1649 612 1675 et
631 1646 700 1676 ideo
716 1645 889 1675 absolvitur
904 1646 943 1675 ab

176 1698 261 1728 omni
278 1698 339 1728 alia
355 1700 506 1737 potestate
523 1708 530 1728 ε
547 1701 578 1728 et
592 1699 665 1737 quia
684 1708 748 1728 non
772 1701 869 1737 polest
887 1707 944 1728 nec

176 1750 267 1781 debet
294 1751 409 1781 auferri
435 1753 490 1790 jus
515 1751 649 1789 domiui,
677 1751 762 1790 quod
791 1752 883 1781 liabrt
911 1751 943 1781 in

177 1812 302 1833 servum
319 1804 387 1842 ipso
403 1804 513 1840 invito⁷
530 1804 600 1834 ideo
616 1806 715 1842 patet,
733 1807 790 1833 etc.
812 1804 878 1834 Non
902 1804 945 1834 sic

177 1856 209 1885 ia
228 1856 451 1893 matrimonio,
475 1857 548 1895 quia
569 1856 672 1886 adhuc
691 1866 803 1886 servus
823 1859 878 1886 esl.
909 1857 945 1887 Et

178 1918 234 1947 per
249 1908 308 1938 hoc
330 1911 413 1947 patet
434 1908 508 1937 illud
525 1909 562 1938 de
583 1909 692 1939 ordine
703 1933 710 1946 ,
726 1909 800 1947 quia
816 1919 946 1948 promo-

178 1963 229 1991 tus
243 1961 281 1990 aii
297 1961 422 1990 ordines
431 1970 536 1990 sacros
551 1961 610 1991 hoc
627 1961 694 2000 ipso
710 1962 844 1991 eflicitur
855 1962 942 1992 liber.

220 2015 238 2043 3
251 2016 281 2043 et
295 2016 324 2043 4.
337 2014 384 2044 Ad
399 2013 474 2043 illud
485 2014 570 2053 quod
581 2014 739 2053 objicitur,
753 2015 834 2054 quod
851 2018 948 2045 trans-

180 2066 277 2096 fertur
297 2066 329 2095 in
347 2066 510 2096 mulierem
528 2069 662 2105 poteslas
682 2067 760 2105 viri,
779 2067 947 2097 dicendum

180 2118 263 2158 quod
280 2127 341 2148 non
358 2119 542 2157 simpliciter
559 2119 762 2156 transfertur,
780 2120 855 2159 quia
866 2129 948 2149 uxor

180 2180 243 2201 non
262 2171 378 2200 dicitur
394 2171 524 2201 domina
546 2172 605 2201 viri
621 2182 628 2209 3
648 2172 701 2202 sed
724 2172 826 2211 quoad
842 2175 947 2203 actum

181 2223 402 2261 conjugalem,
419 2227 575 2262 quantum
593 2225 630 2253 ad
647 2234 741 2263 quem
758 2225 878 2255 nullam
895 2226 950 2255 ha-

181 2275 276 2305 bebat
299 2278 480 2314 potestatem
502 2277 650 2306 dominus
673 2286 768 2315 super
793 2287 921 2307 servum
941 2289 946 2308 1

183 2330 212 2357 et
228 2329 296 2357 ideo
311 2331 466 2367 quantum
488 2329 526 2358 ad
546 2329 637 2358 illum
653 2333 757 2359 actum
779 2332 949 2361 transii-rra

184 2383 294 2420 polest,
311 2380 381 2411 licet
398 2391 459 2411 non
482 2382 524 2412 ila
540 2382 636 2412 libere
654 2374 735 2412 sicut
751 2392 833 2413 unus
848 2384 927 2413 alius
938 2407 947 2421 ,

186 2436 220 2463 ut
236 2434 401 2464 videbitur.

225 2487 243 2514 5
258 2488 288 2514 et
301 2488 330 2515 6.
355 2486 399 2516 Ad
422 2486 499 2516 illud
523 2487 606 2526 quod
622 2487 770 2526 objicitur
789 2488 827 2518 de
846 2489 950 2519 reddi-

219 2582 275 2611 ¹Ff.
295 2583 319 2606 S
335 2583 453 2613 Thomas,
468 2583 492 2607 in
506 2584 592 2614 Suppl.
610 2591 634 2613 p.
656 2584 696 2613 ΙΙΙ,
716 2592 740 2614 q.
758 2591 802 2615 Lu,
820 2588 866 2608 ari,
888 2588 911 2614 t·,
927 2589 950 2609 vt

186 2617 216 2640 lv
231 2618 308 2647 soah,
320 2617 376 2641 dist.
390 2624 480 2647 xxxvl,
493 2626 517 2650 q.
533 2625 551 2648 ι,
562 2621 609 2642 ait.
625 2621 652 2648 23
666 2619 813 2645 aichardus,
827 2621 856 2644 lv
872 2622 950 2649 Smin,

186 2652 242 2675 dist.
266 2658 359 2681 λΧΧνι,
378 2655 423 2676 art.
445 2655 473 2682 2,
493 2661 517 2684 q.
540 2660 562 2683 13
587 2654 673 2684 bteph.
695 2654 797 2684 Bmlef„
820 2656 848 2678 ΙΨ
872 2658 949 2685 emit„

1694 205 1746 235 351

987 273 1071 304 tione
1092 272 1231 309 servitii,
1256 272 1425 302 dicendum
1447 271 1531 310 quod
1558 279 1669 301 servus
1697 273 1752 300 aut

986 326 1142 356 contrahit
1160 325 1289 355 domino
1309 325 1520 355 consentiente
1534 348 1541 361 ,
1559 325 1613 354 aut
1627 325 1752 353 contra-

986 379 1117 409 dicente.
1135 377 1165 407 Si
1180 378 1403 414 consentiente,
1420 386 1492 407 cum
1508 377 1679 407 concedens
1694 376 1750 406 ali-

987 432 1063 471 quid
1087 431 1235 461 concedat
1259 431 1353 460 eliam
1380 430 1433 459 illa
1458 439 1529 469 quae
1551 430 1588 460 ad
1605 429 1755 467 illiusjus

988 485 1145 523 portinent
1157 507 1165 520 ,
1182 486 1212 513 et
1227 483 1264 512 ad
1281 483 1518 513 matrimonium
1534 483 1669 522 pertinet
1682 481 1752 512 red-

988 536 1063 566 ditio
1089 536 1203 571 debiti,
1220 544 1292 565 cum
1315 544 1397 565 uxor
1419 537 1520 573 petat,
1538 535 1630 565 uxori
1645 536 1755 573 peten-

989 590 1011 617 ti
1027 588 1167 618 debitum
1183 612 1191 625 ‚
1208 590 1237 618 et
1255 588 1383 618 domino
1398 587 1482 617 aliud
1498 587 1671 626 imperante
1685 611 1692 623 ‚
1709 590 1753 617 te-

989 644 1082 671 netur
1109 644 1140 671 et
1167 642 1258 671 debet
1285 650 1351 671 non
1379 640 1506 671 obedire
1533 641 1676 675 domino,
1703 640 1755 670 sed

990 695 1095 724 uxori.
1113 694 1145 725 Si
1162 697 1268 724 autern
1284 693 1412 724 domino
1438 693 1666 723 contradicente
1681 702 1757 723 con-

991 749 1127 777 tractum
1142 749 1189 777 est
1202 770 1210 784 ,
1227 755 1299 777 cum
1320 746 1467 776 dominus
1482 754 1539 775 suo
1552 746 1625 784 jure
1641 745 1757 784 privari

991 810 1055 831 non
1084 800 1214 838 debeat‚
1236 810 1276 830 ex
1296 802 1432 838 utraque
1452 801 1538 837 parte
1563 799 1631 838 pari
1656 798 1758 828 immi-

992 856 1086 884 nente
1103 853 1253 893 periculo,
1267 853 1358 882 debet
1369 852 1497 882 domino
1509 851 1634 882 obedire
1653 862 1658 881 :
1675 851 1759 891 quod

993 908 1017 937 si
1034 907 1137 944 majus
1152 906 1326 945 periculum
1342 905 1381 934 sit
1394 914 1433 934 ex
1449 908 1535 943 parte
1551 904 1671 942 uxoris,
1687 904 1761 944 quia

992 959 1081 989 timet
1096 959 1259 997 lapsuram
1275 959 1308 988 in
1324 957 1582 994 fornicationem,
1597 959 1627 987 et
1641 966 1705 987 non
1721 957 1758 986 ti-

995 1014 1059 1042 met
1075 1012 1216 1050 graviter
1233 1010 1397 1040 domiuum
1413 1010 1588 1047 offendere,
1607 1010 1697 1040 debet
1712 1019 1759 1039 se-

994 1065 1134 1094 cundum
1160 1063 1265 1102 legem
1289 1063 1449 1093 charitatis
1478 1062 1594 1093 divinae
1620 1062 1761 1093 debitum

995 1117 1084 1155 prius
1108 1117 1202 1146 uxori
1225 1116 1373 1153 reddere,
1404 1125 1498 1156 quani
1525 1116 1638 1155 exequi
1663 1116 1761 1155 impe-

996 1170 1081 1200 rium
1097 1170 1218 1200 domini
1233 1170 1293 1199 sui.
1318 1169 1516 1208 Regulariter
1531 1171 1635 1199 tamen
1650 1171 1760 1199 tenen-

996 1222 1072 1252 dum
1100 1224 1162 1258 est,
1180 1222 1263 1261 quod
1291 1231 1363 1252 cum
1391 1222 1547 1252 contrahit
1572 1231 1644 1252 cum
1671 1231 1762 1252 servo

996 1275 1129 1305 scienter
1151 1275 1279 1304 domino
1303 1274 1553 1312 contradicente,
1573 1275 1621 1304 vel
1646 1284 1662 1304 e
1689 1284 1764 1305 con-

997 1337 1105 1365 verso,
1131 1328 1189 1357 sibi
1208 1327 1410 1365 piajudicat,
1429 1329 1463 1356 ut
1484 1328 1537 1366 jus
1562 1327 1686 1366 petendi
1701 1336 1763 1358 nou

997 1381 1111 1410 habeat
1136 1380 1262 1419 quando
1289 1380 1476 1419 obsequium
1508 1380 1677 1419 postulabit
1699 1390 1705 1417 ;
1735 1383 1765 1410 et

998 1433 1067 1463 ideo
1083 1442 1196 1465 servus
1212 1442 1275 1462 non
1290 1432 1451 1471 obligatur
1465 1432 1523 1462 hac
1537 1433 1762 1472 repugnantia,

997 1487 1072 1524 quia
1100 1488 1226 1516 tenetur
1252 1486 1393 1515 debitum
1418 1485 1559 1522 solvere,
1580 1486 1675 1515 etiam
1692 1495 1764 1516 cum

998 1538 1123 1568 nullum
1140 1538 1357 1577 praejildieinm
1370 1538 1499 1568 domino
1517 1540 1700 1576 generatur.

1236 1652 1453 1689 QUAESTIO
1485 1652 1528 1682 ΙΙ.

1064 1732 1103 1758 Αη
1118 1733 1238 1758 conditio
1251 1734 1387 1759 servitutis
1401 1740 1459 1759 cnm
1473 1740 1559 1759 errore
1574 1733 1704 1767 impediat

1268 1776 1467 1801 matrimonium
1485 1777 1500 1800 ¹.

1042 1853 1153 1883 Utrum
1167 1854 1302 1884 conditio
1318 1854 1479 1884 servitutis
1494 1863 1567 1884 cum
1582 1863 1687 1884 errore
1706 1854 1767 1883 iin-

1002 1906 1106 1944 pcdiat
1132 1907 1392 1943 matrimonium;
1418 1909 1448 1936 et
1467 1906 1551 1946 quod
1578 1916 1657 1944 non,
1680 1906 1766 1936 vide-

1002 1961 1055 1988 tur
1070 1969 1076 1988 :
1094 1959 1208 1998 l.quia
1223 1959 1325 1997 magis
1340 1961 1387 1989 est
1401 1959 1570 1989 tolerabilis
1585 1959 1616 1988 in
1632 1961 1770 1998 conjuge

1002 2012 1164 2041 servitulis
1179 2013 1325 2050 conditio,
1342 2022 1438 2051 quam
1452 2012 1586 2053 qualitas
1603 2013 1641 2051 (α)
1657 2013 1768 2052 leprae:

1003 2073 1080 2103 ergo
1105 2064 1131 2093 si
1155 2073 1242 2094 error
1267 2064 1427 2104 qualitatis
1447 2065 1516 2095 talis
1533 2074 1595 2095 non
1616 2065 1770 2104 impedit,

1004 2117 1104 2147 multo
1119 2117 1224 2147 n‘iinus
1239 2127 1296 2147 nec
1308 2126 1397 2147 error
1407 2117 1602 2147 conditionis.

1043 2171 1071 2200 2.
1090 2170 1165 2200 Item
1182 2179 1270 2200 error
1282 2171 1416 2200 fortunae
1433 2194 1442 2207 ,
1461 2170 1628 2209 sicutjura
1643 2170 1771 2209 dicunt,

1004 2232 1067 2252 non
1098 2223 1229 2262 inipedit
1254 2223 1493 2252 matrimonium
1517 2233 1523 2252 :
1549 2223 1601 2253 sed
1630 2223 1774 2262 possibile

1005 2278 1049 2305 esi
1065 2276 1147 2314 quod
1165 2276 1300 2305 servitus
1315 2276 1353 2305 sit
1378 2286 1395 2305 a
1416 2276 1541 2305 fortuna
1553 2300 1560 2313 ,
1578 2276 1659 2306 sicut
1674 2277 1699 2305 si
1715 2276 1771 2306 ali-

1005 2328 1076 2367 quis
1100 2328 1221 2367 capitur
1243 2329 1280 2367 (li)
1305 2338 1377 2357 casu
1403 2328 1436 2358 in
1463 2328 1561 2365 hello,
1591 2330 1622 2358 ct
1642 2330 1774 2359 eflicitur

1005 2390 1116 2411 servus
1131 2391 1138 2417 ·,
1158 2381 1206 2409 vel
1224 2381 1247 2409 *i
1266 2380 1301 2418 lb>
1320 2383 1446 2419 propter
1460 2383 1685 2420 paiqwitileni,
1703 2391 1774 2420 qua:

1006 2439 1051 2465 c>t
1067 2445 1084 2465 a
1107 2437 1231 2465 l'ortuna
1252 2435 1425 2465 set-undum
1449 2445 1540 2465 usum
1567 2436 1725 2476 loquendi,
1742 2446 1773 2466 se

1006 2489 1113 2518 vendit
1128 2488 1160 2517 in
1175 2497 1305 2517 servum
1324 2498 1329 2517 :
1348 2497 1438 2526 ergo,
1455 2490 1512 2518 ete.

1005 2572 1061 2595 dist.
1085 2577 1178 2600 xxxvl,
1203 2579 1227 2602 ιι.
1253 2579 1283 2601 n;
1311 2572 1398 2595 Petrus
1423 2572 1453 2596 di*
1476 2573 1613 2602 Tarnaias.)
1639 2573 1670 2595 ΙΥ
1696 2572 1772 2601 Sena,

1005 2608 1061 2631 «list.
1076 2613 1165 2637 xxxa,
1181 2614 1204 2637 q.
1223 2613 1249 2630 ιι.

1038 2658 1072 2687 (ιι,
1090 2657 1149 2679 cut.
1165 2656 1228 2679 ulit.
1245 2657 1383 2686 aequalitas.
1403 2670 1422 2673 m
1438 2657 1469 2687 (b)
1482 2657 1648 2685 aclcl.11.—-(c)
1664 2655 1729 2678 duest
1743 2656 1773 2680 si.

1791 1871 1817 1891 td
1837 1879 1886 1898 opp.
