1991 3006
64 260 168 282 Fundam.

186 194 245 223 ΗΟ
742 189 1049 223 SENTENTIARUM
1071 191 1142 222 Lm.
1166 191 1216 222 IV.

224 260 339 290 Contra
353 269 408 300 per
423 260 585 291 Psalmum
600 260 607 276 ¹
630 268 638 290 z
660 259 765 292 Dioez':
782 258 956 298 Confitebor

184 311 351 344 adversum
384 321 430 344 me
461 312 646 352 injusticias
677 322 760 346 meas
798 314 930 344 Dovrzino
944 321 958 352 ,·

184 366 309 396 Glossa:
332 378 346 395 «
366 366 495 397 Peccata
512 376 600 405 mea,
619 376 683 398 non
704 367 816 397 aliena.
833 379 846 394 »
871 366 956 405 Ergo

184 418 286 449 aliena
300 419 478 450 confitenda
493 429 557 450 non
573 423 661 451 sunt.

224 472 300 503 Item
316 472 414 503 Cham
426 473 484 503 fuit
499 473 697 509 maledictus,
714 473 791 513 quia
806 482 869 503 non
885 481 956 512 ope-

181 526 246 556 ruit
273 526 412 557 verenda
439 527 538 566 patris
563 538 569 557 :
601 536 678 566 ergo
705 527 873 557 tenebatur
902 525 956 555 illa

181 578 321 617 operire:
339 588 417 618 ergo
436 579 503 618 pari
525 580 645 610 ratione
660 582 690 610 et
709 579 875 619 proximus
899 587 955 608 ve-

181 631 278 662 renda
288 632 436 671 proximi,
449 632 521 663 licet
537 642 600 663 non
617 633 659 662 ita
674 633 795 662 stricte:
811 640 889 670 ergo
900 631 955 670 qui

184 683 303 714 revelat
317 684 453 716 alienam
469 685 606 725 culpam,
623 687 730 724 peccat
746 685 900 724 graviter.

221 736 310 774 Item,
327 738 354 768 si
372 738 443 769 licet
459 740 583 778 peccata
606 738 744 778 proximi
766 738 884 769 referre
899 737 955 767 uni

180 790 349 829 sacerdoti3
371 800 444 821 cum
463 791 554 821 liceat
577 791 720 821 confiteri
740 791 826 822 mille
841 815 848 828 ,
875 791 957 821 51001

182 851 222 873 ex
243 844 494 882 praecedentibus
509 844 655 874 habitum
671 847 737 882 est;
755 853 834 884 ergo
850 844 957 875 liceret

182 898 308 934 peccata
326 897 464 936 proximi
482 897 567 927 mille
586 897 744 935 revelare,
771 899 802 928 01
820 898 863 927 ita
881 906 954 937 pro-

182 949 308 980 ximum
322 950 484 980 infamare.

223 1002 301 1033 Item
315 1006 371 1034 1101
385 1003 444 1034 1011
458 1004 613 1044 particeps
636 1004 721 1034 illius
745 1003 879 1043 peccati,
899 1005 954 1033 aut

182 1065 247 1086 non
263 1067 269 1086 :
299 1057 325 1086 si
354 1066 417 1086 000
428 1080 437 1094 ,
466 1066 544 1096 ergo
571 1066 635 1088 non
663 1056 761 1095 tangit
790 1059 956 1096 peccatum

181 1118 288 1146 50010,
305 1118 384 1148 ergo
401 1118 467 1140 non
483 1110 574 1140 debet
592 1110 667 1140 illud
681 1110 824 1139 confiteri
837 1119 844 1147 3
857 1109 882 1139 si
898 1109 957 1139 fuit

181 1162 348 1202 particeps,
364 1162 460 1193 sedin
473 1163 559 1193 00110
572 1164 640 1193 soro
656 1165 757 1202 potest
769 1163 842 1202 quis
856 1162 955 1192 011001

181 1224 331 1246 accusare
346 1216 380 1246 in
395 1216 527 1246 crimine
547 1216 579 1246 iu
597 1225 661 1256 quo
676 1216 859 1256 participat:
877 1225 957 1253 ergo

181 1268 263 1299 male
278 1269 362 1307 facit,
380 1269 436 1308 qui
451 1269 549 1299 alium
565 1272 699 1300 accusat.

454 1384 678 1416 CONCLUSIO.

183 1469 284 1496 Aliena
296 1471 406 1503 peccata
420 1470 449 1495 in
463 1468 522 1503 foro
538 1470 724 1501 confessionis,
737 1468 877 1495 secundum
888 1469 959 1502 qnod

217 1513 301 1539 alium
324 1515 469 1547 accusant,
490 1521 541 1539 non
566 1515 627 1540 sunt
650 1513 795 1546 confitenda
817 1522 823 1539 ε
844 1515 873 1539 in
894 1520 958 1539 casu

219 1559 306 1584 tamen
321 1557 357 1584 ad
372 1558 490 1584 vulneris
505 1558 680 1589 curationem,
697 1558 754 1584 (lici
765 1559 884 1592 possunt.

223 1642 314 1682 Resp.
338 1643 378 1673 ad
392 1651 463 1681 arg.
483 1642 655 1672 Dicendum
671 1641 756 1681 quod
772 1641 874 1671 aliena
890 1650 959 1681 pec-

183 1698 252 1727 cata
264 1698 319 1726 aut
334 1698 408 1726 sunt
421 1695 660 1734 impertinentia
675 1695 715 1725 ad
726 1694 843 1734 peccati
858 1694 959 1725 nostri

183 1748 435 1786 accusationem,
458 1748 511 1778 sed
532 1757 572 1778 ex
595 1748 732 1786 quadam
755 1747 960 1777 associatione

184 1802 280 1832 refert
306 1811 343 1832 ea
353 1825 360 1839 ,
389 1803 420 1831 et
443 1801 481 1831 ad
506 1800 679 1840 quamdam
705 1800 957 1837 excusationem,

184 1854 237 1884 ille
250 1854 306 1893 qui
320 1854 498 1891 0001110101,
516 1854 591 1893 quia
608 1853 756 1884 solatium
772 1856 818 1883 est
835 1853 960 1883 miseris

186 1908 285 1938 socios
307 1908 424 1938 habere
446 1917 633 1948 poenarum;
661 1910 691 1938 et
717 1908 761 1938 510
791 1907 960 1938 dicendum

186 1961 269 2000 quod
294 1961 376 1991 male
401 1961 493 1999 facit,
518 1961 574 2000 qui
601 1961 644 1990 sic
669 1961 854 1999 confitetur,
881 1961 961 1991 sicut

186 2014 279 2044 multi
302 2014 460 2053 simplices
483 2014 651 2053 aliquando
677 2017 826 2044 accusant
850 2023 961 2044 omnes

185 2067 307 2098 vicinos
333 2076 418 2105 5005,
442 2070 478 2097 01
502 2067 562 2106 ipsi
584 2066 692 2096 minus
710 2066 958 2104 confundantur,

187 2122 224 2150 ut
238 2120 264 2149 si
279 2119 385 2150 dicant
401 2130 407 2149 :
427 2120 546 2150 Sumus
560 2119 708 2156 latrones,
725 2120 875 2157 usurarii,
893 2129 960 2159 per-

184 2173 250 2212 51011
264 2197 272 2211 ,
287 2175 318 2203 01
339 2173 534 2204 consimilia:
551 2175 581 2203 et
601 2173 678 2203 tales
693 2182 711 2203 a
731 2173 962 2203 confessoribus

187 2226 379 2266 corripiendi
394 2229 488 2264 sunt,
505 2227 580 2266 quia
595 2229 714 2256 rectam
733 2227 868 2256 sormam
884 2235 958 2256 con-

187 2279 329 2309 fessionis
355 2288 420 2309 000
445 2282 583 2310 servant.
611 2280 675 2309 Aut
703 2283 829 2318 peccata
857 2279 959 2309 aliena

187 2334 262 2362 sunt
280 2332 397 2362 nostris
413 2333 583 2371 conjuncta
601 2334 632 2362 et
645 2332 803 2370 admixta,
819 2332 862 2362 ita
877 2332 960 2371 quod

187 2384 256 2415 sine
276 2384 337 2414 illis
352 2393 416 2414 non
432 2387 534 2423 potest
550 2385 629 2415 bene
645 2384 737 2424 culpa
761 2385 888 2424 propria
904 2393 961 2414 ex-

187 2437 297 2477 plicari
309 2448 317 2474 ;
333 2439 364 2467 et
376 2439 451 2467 tunc
462 2437 585 2467 licitum
600 2440 645 2468 est
660 2438 803 2468 confiteri
818 2442 958 2476 eatenus,

187 2493 344 2529 quatenus
359 2498 423 2520 non
437 2492 538 2529 potest
554 2490 623 2520 51110
638 2491 742 2521 alieno
757 2493 882 2530 peccato
899 2491 961 2521 cul-

187 2553 228 2583 pa
242 2543 370 2583 propria
383 2542 544 2582 explicari.
562 2543 649 2573 Unde
661 2544 776 2574 sufficit
790 2544 961 2584 aliquando

188 2597 221 2627 in
235 2596 396 2635 generali,
411 2598 447 2626 ut
462 2596 489 2626 si
503 2596 620 2626 mulier
634 2597 764 2637 cognita
778 2600 823 2628 est
835 2598 875 2628 ab
889 2598 960 2636 epi-

220 2657 305 2682 ιΡεαι.
322 2663 396 2688 xxxi,
412 2659 434 2681 5.

1013 267 1106 297 scopo
1125 258 1218 298 (quod
1232 258 1336 298 absit),
1353 258 1469 289 sufficit
1488 258 1608 295 dicere,
1625 258 1710 298 quod
1723 258 1781 289 ali-

1013 311 1085 350 quis
1104 320 1240 350 magnus
1263 311 1414 350 praelatus
1433 320 1503 342 eam
1523 311 1682 349 cognovit.
1708 311 1740 342 Si
1763 321 1782 342 a

1012 372 1145 403 persona
1164 364 1326 402 religiosa,
1348 365 1463 395 sufficit
1487 364 1571 404 quod
1593 363 1626 394 in
1647 372 1780 403 genera-

1013 417 1097 448 litate
1126 427 1183 448 sua
1209 420 1288 454 stet,
1318 418 1395 457 quia
1422 418 1496 448 satis
1524 419 1653 458 apparet
1679 426 1784 457 genus

1013 471 1125 510 culpae.
1147 470 1180 501 Si
1195 480 1271 501 vcro
1290 470 1457 501 descendat
1476 471 1515 502 ad
1537 480 1703 510 personam
1720 471 1783 501 sin-

1013 524 1158 563 gularem
1169 548 1178 562 ,
1200 524 1390 563 increpanda
1409 526 1455 555 est
1469 533 1602 563 persona
1616 524 1779 554 confitens.

1013 578 1162 608 Similiter
1178 586 1236 607 nec
1253 577 1343 607 (101101
1361 577 1520 608 confessor
1535 577 1659 608 curiose
1673 577 1781 616 inqui-

1012 640 1082 662 rere
1101 632 1140 662 de
1157 640 1301 671 persona.
1321 630 1381 661 Sed
1401 631 1427 661 si
1444 631 1621 671 suspicatur
1642 631 1727 671 quod
1742 631 1782 661 sit

1012 694 1145 724 persona
1164 685 1215 714 cui
1234 684 1329 723 possit
1344 683 1500 723 prodesse,
1516 686 1546 715 et
1557 686 1737 724 competens
1751 687 1782 714 et

1012 738 1090 769 utile
1103 739 1141 768 sit
1158 738 1247 768 illum
1261 738 1352 775 scire,
1367 740 1467 777 potest
1482 739 1571 768 extra
1587 737 1690 768 forum
1706 746 1782 768 con-

1012 791 1155 821 fessionis
1169 791 1256 821 illam
1271 790 1443 830 inquirere.
1457 790 1536 821 Nam
1549 790 1623 821 talia
1637 791 1781 830 frequen-

1013 848 1059 876 ter
1078 847 1153 875 511111
1172 845 1291 875 occasio
1312 844 1479 883 frangendi
1498 843 1639 883 sigillum
1661 843 1781 874 confes-

1013 899 1120 936 sionis,
1138 898 1193 929 ubi
1215 900 1261 928 est
1285 897 1466 928 maximum
1488 897 1678 937 periculum,
1701 897 1782 927 sicut

1012 952 1130 992 patebit
1146 951 1287 982 inferius.
1314 951 1345 981 Si
1362 960 1438 981 vero
1453 952 1616 990 peccatum
1638 959 1704 980 non
1724 958 1780 989 po-

1012 1008 1070 1036 test
1086 1005 1236 1044 explicari
1255 1005 1323 1034 sine
1344 1003 1553 1043 explicatione
1569 1012 1711 1043 personae
1726 1003 1780 1034 de-

1013 1058 1209 1094 terminatae,
1237 1059 1345 1097 utpote
1369 1057 1395 1086 si
1419 1056 1536 1087 mulier
1560 1055 1736 1087 inordinate
1764 1063 1783 1085 a

1014 1112 1081 1143 viro
1103 1112 1230 1151 cognita
1254 1114 1318 1149 cst,
1342 1113 1418 1142 10110
1441 1111 1466 1141 51
1489 1110 1570 1141 (110111
1591 1109 1629 1141 de
1655 1109 1780 1146 marito,

1012 1175 1075 1196 non
1097 1167 1219 1205 peccat,
1246 1174 1303 1204 pro
1325 1173 1361 1194 οο
1383 1163 1467 1203 quod
1491 1172 1555 1193 non
1579 1163 1680 1202 potest
1693 1161 1783 1192 aliter

1012 1219 1155 1249 confiteri
1172 1218 1332 1257 propriam
1351 1217 1491 1256 culpam3
1505 1218 1536 1246 et
1550 1218 1626 1246 tunc
1640 1223 1705 1246 non
1725 1214 1781 1245 de—

1014 1272 1066 1301 bet
1086 1271 1203 1301 attendi
1225 1271 1383 1301 accusatio
1406 1270 1524 1306 aliena,
1548 1269 1601 1300 sed
1625 1267 1782 1299 accusatio

1013 1325 1141 1364 propria
1160 1336 1166 1354 :
1183 1327 1214 1355 et
1228 1325 1272 1354 sic
1287 1323 1478 1363 generaliter
1494 1331 1607 1354 verum
1619 1323 1681 1359 est,
1698 1320 1784 1360 quod

1012 1381 1138 1418 peccata
1159 1378 1261 1408 aliena
1281 1387 1345 1408 non
1364 1379 1439 1408 sunt
1464 1375 1594 1407 dicenda
1613 1375 1647 1406 in
1662 1373 1782 1405 confes-

1012 1432 1112 1469 sione,
1131 1431 1191 1461 nisi
1206 1434 1354 1465 eatenus,
1373 1431 1529 1469 quatenus
1543 1430 1619 1459 sunt
1636 1427 1780 1468 propria;

1012 1494 1070 1515 1100
1093 1485 1284 1515 confessores
1305 1483 1418 1514 debent
1442 1482 1612 1522 inquirere.
1636 1480 1723 1511 Unde
1736 1480 1782 1510 illi
1819 1510 1823 1514 ,

1013 1539 1204 1569 confessores
1216 1537 1269 1576 qui
1282 1535 1481 1567 ramusculos
1492 1535 1524 1565 in
1535 1534 1784 1566 confessionibus

1014 1591 1197 1630 inquirunt,
1221 1592 1253 1619 et
1277 1589 1410 1619 audiunt
1433 1588 1471 1618 de
1493 1588 1561 1618 aliis
1585 1587 1725 1623 malum,
1754 1589 1784 1618 01

1014 1644 1186 1680 5051100111,
1211 1643 1266 1672 vix
1287 1645 1341 1673 aut
1360 1650 1527 1681 nunquam
1546 1651 1565 1671 a
1588 1642 1714 1681 peccato
1728 1639 1782 1671 de-

1014 1696 1174 1727 tractionis
1189 1695 1335 1726 excusari
1350 1697 1497 1734 possunt3
1515 1696 1546 1724 et
1561 1694 1704 1724 nesciunt
1717 1702 1784 1724 me-

1015 1750 1081 1781 deri
1100 1749 1284 1786 animabus,
1301 1748 1377 1778 dum
1403 1747 1567 1787 patiuntur
1591 1755 1644 1777 eos
1658 1746 1713 1786 qui
1727 1755 1782 1777 ve-

1014 1804 1109 1834 niunt
1130 1802 1169 1833 ad
1195 1802 1382 1833 medicinam
1395 1824 1403 1838 ,
1426 1800 1503 1830 alios
1528 1799 1703 1830 accusando
1723 1799 1784 1829 sibi

1015 1857 1160 1896 infligere
1184 1856 1302 1886 vulnus
1318 1863 1429 1893 grave.
1453 1852 1664 1884 Concedendae
1683 1852 1785 1891 igitur

1015 1912 1090 1940 sunt
1108 1910 1247 1940 rationes
1266 1908 1466 1939 ostendentes
1489 1908 1614 1946 peccata
1636 1905 1783 1943 aliorum,

1015 1963 1190 1993 secundum
1219 1961 1304 2001 quod
1333 1960 1431 1990 alium
1460 1962 1628 1997 accusant,
1658 1959 1690 1989 10
1718 1958 1786 1989 1010

1015 2015 1218 2046 confessionis
1239 2014 1355 2053 passim
1376 2022 1441 2043 non
1462 2021 1530 2042 esse
1553 2011 1703 2049 dicenda,
1727 2020 1786 2042 nec

1015 2068 1180 2099 audienda.
1204 2066 1442 2098 Concedendum
1457 2065 1682 2102 nihilominus,
1702 2064 1786 2104 quod

1015 2122 1049 2152 in
1063 2130 1138 2152 casu
1151 2122 1281 2160 possunt
1296 2119 1357 2150 dici
1370 2120 1498 2159 propter
1510 2117 1707 2148 curationem
1718 2116 1786 2148 vul-

1016 2174 1100 2205 neris
1115 2173 1173 2204 sui.

1056 2230 1085 2257 ⁴1.
1112 2227 1158 2257 Ad
1177 2225 1254 2256 illud
1271 2227 1377 2255 tamen
1396 2224 1480 2264 quod
1500 2223 1649 2263 objicitur
1667 2223 1705 2254 de
1727 2221 1787 2254 Ne-

1016 2279 1123 2310 hemia
1137 2282 1167 2310 et
1181 2278 1306 2310 Daniele
1319 2303 1326 2316 ‚
1350 2278 1517 2309 dicendum
1535 2277 1619 2317 quod
1633 2276 1714 2307 alius
1729 2276 1788 2306 fuit

1017 2333 1130 2364 modus
1154 2333 1338 2370 confitendi,
1370 2332 1444 2372 quia
1467 2331 1518 2361 1110
1543 2331 1639 2361 flebat
1661 2329 1723 2360 Deo
1747 2329 1787 2359 ad

1017 2387 1115 2426 ipsius
1135 2386 1267 2425 Justitiae
1288 2385 1430 2423 laudem,
1456 2387 1486 2415 et
1504 2384 1543 2414 ad
1557 2382 1786 2423 impetrandam

1016 2440 1264 2470 misericordiam
1279 2439 1336 2469 toti
1350 2438 1482 2479 populo3
1499 2437 1550 2467 hic
1561 2439 1667 2467 autem
1682 2436 1734 2473 fit,
1751 2437 1787 2466 01

1016 2493 1112 2524 homo
1127 2502 1160 2522 se
1173 2495 1297 2522 accuset
1316 2501 1422 2522 coram
1441 2490 1617 2527 sacerdote,
1637 2490 1674 2519 ut
1690 2488 1787 2528 possit

1012 2545 1147 2586 judicari
1164 2548 1194 2576 et
1208 2545 1340 2576 absolvi.
1364 2545 1401 2575 Et
1420 2544 1494 2584 quia
1508 2542 1652 2573 sacerdos
1666 2543 1713 2572 est
1726 2542 1785 2581 ju-

1016 2598 1077 2629 dex
1098 2598 1257 2638 privatus,
1280 2598 1351 2629 ideo
1370 2600 1496 2629 tantum
1517 2595 1644 2636 propria
1662 2596 1787 2634 peecata

1017 2651 1119 2682 dicere
1133 2651 1236 2682 dohet.
