1991 3006
87 846 156 866 Prima
163 852 192 865 ra-

120 876 155 896 tio.

84 1266 144 1286 Ratio
168 1267 187 1285 (Ξ.Α

81 1582 141 1602 Ratio
166 1585 185 1604 3.

78 1955 138 1975 Ratio
161 1958 180 1975 4,

78 2272 137 2292 natio

689 189 782 220 DIST.
806 189 910 220 XLIII.
935 190 1025 222 ART.
1049 191 1071 220 I.
1096 190 1148 227 ΟΠ
1164 191 1244 223 EST.
1268 193 1318 224 IV.

208 257 370 288 munerari
387 267 393 286 :
420 264 499 296 ergo
515 256 660 286 meliores
684 256 776 286 citius
792 256 904 287 debent
927 266 977 287 re-

208 320 353 350 surgere.

248 367 277 394 4.
307 364 384 394 Item
405 364 506 402 maJ'or
531 365 576 393 est
601 362 803 393 conformitas
822 371 861 392 ex
888 364 974 401 parte

208 417 408 453 animarum,
431 425 526 455 qnam
552 424 739 454 corporum,
763 417 890 454 propter
906 415 976 445 vin-

208 469 316 499 culum
331 468 493 498 charitatis
507 479 513 497 z
527 467 579 498 sed
597 467 784 506 glorificatio
800 467 895 497 unius
911 467 977 497 ani-

209 530 269 552 mae
284 530 349 552 non
367 523 512 560 expectat
527 520 791 559 glorificationem
820 519 949 550 alterius
968 530 974 550 :

207 583 284 613 ergo
291 598 300 612 ,
317 576 375 604 etc.

474 641 699 674 CONCLUSIO.

206 720 368 746 Resurrectio
386 726 519 753 carperem
545 720 594 745 erit
620 719 716 749 simul,
735 726 786 745 uon
800 719 947 745 successiva
965 728 972 744 .-

265 763 335 797 quod
346 763 471 797 pluribus
486 763 634 789 rationibus
647 765 733 797 potest
748 764 909 796 confirmarit

246 837 338 877 Resp.
360 837 398 867 ad
413 846 484 876 arg.
502 837 673 867 Dicendum
688 837 771 876 quod
787 838 975 868 resurrectio

207 898 375 928 corporum
396 898 460 919 non
480 890 539 919 erit
561 890 753 927 successiva⁷
781 890 835 920 sed
851 891 948 920 simul
966 900 972 921 :

206 944 236 972 et
251 942 347 981 hujus
363 944 492 981 possunt
515 951 582 971 csse
603 942 741 972 rationes
760 946 972 981 congruentes

205 1003 271 1024 sex.
289 994 395 1024 Prima
409 997 455 1024 est
470 995 621 1024 severitas
635 995 734 1024 divini
747 995 870 1033 judicii,
889 996 972 1035 quod

204 1047 320 1076 inflixit
336 1056 461 1086 poenam
479 1047 714 1076 incinerationis
729 1048 851 1086 corpori
875 1058 973 1087 usque

203 1100 242 1130 ad
257 1100 428 1130 adventum
445 1099 618 1129 secundum
634 1099 703 1129 Filii
719 1100 772 1129 Dei
783 1124 791 1137 ‚
809 1100 888 1130 sicut
904 1110 971 1140 pce-

204 1162 278 1183 nam
298 1152 444 1182 carentiae
463 1152 593 1182 visionis
616 1161 716 1191 usque
739 1153 778 1182 ad
799 1153 972 1183 adventum

203 1206 354 1245 primum.
372 1205 409 1235 Et
425 1205 504 1235 ratio
520 1205 618 1243 hujus
634 1208 679 1235 est
690 1228 697 1242 7
713 1206 789 1245 quia
805 1214 915 1236 omnes
932 1207 973 1235 si-

204 1260 270 1290 mul
284 1260 402 1290 fuimus
423 1259 455 1288 in
474 1268 539 1289 uno
554 1259 706 1298 principio
731 1263 888 1299 peccante.
915 1260 971 1291 Se-

206 1312 309 1343 cunda
323 1312 402 1342 ratio
415 1313 462 1342 est
477 1312 627 1342 meritum
642 1312 731 1349 fidei,
747 1321 819 1351 quse
835 1313 970 1343 multum

203 1367 340 1395 meretur
362 1364 395 1394 in
419 1364 573 1394 credendo
595 1373 652 1394 nos
675 1365 894 1402 remunerari,
917 1365 972 1404 qui

202 1417 348 1448 videmur
363 1417 479 1446 similes
500 1417 605 1447 bestiis
625 1417 658 1446 in
677 1417 840 1447 moriendo
861 1428 867 1446 :
886 1417 971 1456 quod

201 1470 226 1500 si
250 1470 326 1500 illud
350 1479 406 1509 per
431 1470 686 1508 experimentum
711 1469 807 1499 homo
832 1470 969 1508 videret,

201 1532 265 1553 non
284 1522 414 1553 haberet
436 1522 602 1560 meritum,
627 1523 704 1562 quia
728 1523 871 1553 humana
891 1523 971 1553 ratio

200 1576 258 1606 sibi
269 1576 424 1615 praeberet
434 1576 701 1615 experimentum.
712 1575 817 1606 Tertia
829 1576 909 1606 ratio
925 1578 971 1605 est

199 1629 305 1659 unitas
331 1629 469 1668 corporis
490 1629 627 1668 mystici3
650 1629 725 1669 quia
749 1628 834 1659 enim
859 1638 970 1659 omnes

200 1691 299 1711 unum
315 1691 428 1721 corpus
442 1691 555 1712 sumus
569 1682 603 1712 in
613 1682 745 1720 Christo,
760 1683 830 1712 ideo
842 1691 967 1713 necesse

198 1735 343 1774 estquod
360 1737 516 1774 quantum
538 1735 577 1765 ad
600 1736 741 1775 aliquam
758 1735 895 1774 gloriam
917 1745 968 1766 re-

197 1796 369 1826 surgamus
383 1788 495 1825 simul,
512 1788 565 1818 sed
581 1797 645 1817 non
666 1789 823 1826 quantum
841 1788 880 1817 ad
897 1789 966 1826 glo-

197 1841 278 1870 riam
294 1840 410 1870 animae
422 1864 429 1877 ,
443 1840 518 1879 quia
533 1840 574 1869 ibi
590 1842 670 1870 esset
685 1840 863 1870 maximum
878 1841 967 1870 (lam-

197 1902 275 1924 num
292 1917 301 1931 ,
329 1895 359 1923 et
386 1893 475 1932 quasi
505 1893 819 1932 improportionabile
847 1902 854 1922 ;
887 1902 966 1931 ergo

197 1948 352 1986 quantum
367 1946 405 1976 ad
422 1945 558 1984 gloriam
575 1946 724 1985 corporis.
752 1946 868 1982 Quarta
884 1946 963 1976 ratio

196 2002 241 2029 est
255 1999 433 2029 subsidium
446 1999 637 2029 infirmitatis
652 2001 767 2029 nostrae
777 2023 784 2037 ,
798 1999 873 2038 quia
893 2009 966 2029 san-

196 2051 235 2082 cti
251 2052 327 2082 dum
343 2061 400 2081 sua
418 2051 594 2081 desiderant
616 2060 748 2091 corpora
760 2076 767 2089 ‚
790 2052 965 2083 vehemen-

194 2105 257 2135 tius
270 2104 365 2135 etiam
379 2104 556 2135 desiderant
571 2104 705 2135 salutem
720 2106 862 2135 nostram
880 2117 886 2136 :
906 2115 964 2136 un-

195 2157 233 2188 de
247 2158 416 2197 Apostolus
435 2158 529 2188 dicit¹
548 2169 554 2188 :
574 2159 636 2189 Deo
655 2166 711 2197 pro
726 2158 816 2190 nobis
837 2159 965 2198 ailquid

195 2210 307 2241 melius
329 2210 531 2249 providente,
552 2219 589 2242 ne
613 2212 682 2242 sine
702 2211 792 2242 nobis
816 2219 963 2243 consum-

161 2274 181 2293 5.
195 2265 366 2294 marentur.
383 2264 500 2300 Quinta
520 2264 598 2293 ratio
614 2265 660 2293 est
682 2264 892 2295 manifestatio
915 2265 961 2295 di-

195 2316 418 2356 vinaejiistitiae
430 2328 435 2347 :
450 2317 525 2356 quia
536 2317 621 2347 enim
631 2317 779 2347 omnibus
790 2317 881 2349 debet
895 2328 963 2350 esse

195 2371 307 2400 notum
321 2371 438 2409 quanta
449 2370 574 2408 justitia
588 2370 715 2400 damnet
731 2370 829 2400 malos
840 2395 847 2408 ‚
864 2373 893 2401 et
904 2371 963 2401 sal-

197 2425 248 2453 vet
273 2423 371 2453 honos
381 2446 390 2460 ‚
415 2423 484 2453 ideo
509 2423 655 2453 ultimam
685 2423 939 2455 distributionem
953 2449 960 2462 ‚

196 2474 247 2505 vel
260 2475 499 2506 retributionem
510 2499 517 2513 ,
534 2475 654 2506 distulit
671 2485 771 2515 usque
792 2477 831 2507 ad
852 2477 962 2507 novis-

227 2572 330 2601 ¹Hehr.‚
350 2578 385 2602 Xi,
405 2574 442 2596 40.
463 2586 488 2590 -
501 2573 562 2603 2οΓ.
581 2574 605 2596 S.
621 2573 721 2603 Thom.‚
743 2574 773 2597 IV
793 2574 876 2598 Sent..
904 2574 961 2598 (list.

197 2613 276 2638 mu,
291 2615 315 2639 q.
332 2614 354 2638 1,
375 2610 421 2632 art.
438 2611 463 2637 4;
484 2609 548 2633 Guit
563 2608 686 2637 Aliisioa„
702 2609 733 2632 lV
750 2609 828 2637 szl„
851 2612 922 2634 tract.
936 2617 960 2640 x,

196 2650 216 2666 c.
231 2649 247 2674 1,
263 2650 288 2674 q.
298 2643 434 2674 1115Rich.‚
448 2644 479 2668 lV
492 2645 570 2673 Sene„
589 2644 647 2668 dist.
667 2650 746 2674 Χιιιι,
765 2652 789 2675 q.
812 2651 852 2675 111,
871 2648 917 2669 art.
937 2648 958 2675 5;

1743 199 1802 228 455

1034 257 1171 295 simum,
1197 260 1230 288 ut
1248 268 1357 290 omnes
1380 263 1608 300 comparerent.
1637 262 1750 300 Sexta,
1773 265 1803 294 et

1035 311 1143 341 ultima
1160 312 1238 341 ratio
1258 315 1303 342 est
1321 315 1551 345 consummatio
1575 316 1706 354 gloriffi3
1728 317 1803 356 quia

1033 364 1118 393 enim
1138 365 1245 404 angeli
1266 365 1370 395 adhuc
1393 370 1466 397 sunt
1487 367 1623 398 viatores
1645 370 1802 408 quantum

1033 416 1072 446 ad
1091 417 1413 456 administrationem,
1431 420 1573 458 quandiu
1591 422 1735 451 homines
1751 421 1802 452 vi-

1033 471 1128 505 vunt,
1145 472 1174 499 et
1187 470 1343 508 gaudium
1359 480 1482 511 semper
1497 474 1608 504 crescit
1624 475 1800 505 secundum

1034 521 1268 552 multitudinem
1293 522 1482 562 electorum,
1510 535 1573 556 non
1598 526 1706 557 debuit
1728 536 1800 566 per-

1033 574 1108 604 fecte
1126 574 1227 613 gloria
1242 577 1456 606 consummari
1477 578 1510 607 in
1531 578 1639 618 aliquo
1656 579 1799 618 singula-

1033 627 1120 664 riter,
1136 627 1233 658 donec
1248 632 1526 660 consummaretur
1542 631 1573 661 in
1589 633 1741 663 omnibus
1756 633 1800 663 si-

1034 680 1110 710 mul.

1073 737 1101 763 st.
1118 733 1165 764 Ex
1180 734 1229 764 his
1242 736 1348 773 patent
1363 735 1494 774 objecta.
1512 735 1590 766 Nam
1610 739 1800 769 resurrectio

1032 795 1201 825 corporum
1220 796 1283 817 non
1303 787 1475 818 attenditur
1495 789 1669 819 secundum
1696 799 1801 821 resur-

1032 839 1201 869 rectionem
1215 839 1340 870 animze.
1366 840 1488 871 Animae
1504 842 1589 871 enim
1611 844 1801 874 resurrectio

1031 892 1133 931 prima
1147 892 1271 930 respicit
1286 893 1548 923 resurrectionem
1565 903 1620 933 per
1634 895 1775 934 gratiam
1792 907 1798 927 z

1031 946 1061 974 et
1078 944 1146 974 hrec
1167 946 1213 974 est
1229 944 1260 973 in
1276 944 1328 974 via
1339 969 1347 982 ,
1364 947 1395 975 et
1414 945 1483 976 ideo
1498 947 1684 978 successive.
1703 948 1799 987 Item,

1030 997 1146 1026 animae
1177 997 1364 1035 glorificatio
1402 999 1613 1029 substantiam
1652 1000 1802 1040 importat

1030 1049 1153 1088 praemii
1164 1073 1173 1086 ‚
1200 1059 1273 1088 quae
1288 1050 1313 1079 si
1330 1050 1522 1089 differretur⁷
1539 1061 1696 1091 magnum
1711 1053 1800 1084 dam-

1030 1111 1107 1131 num
1125 1104 1206 1132 esset
1225 1103 1403 1141 expectanti
1419 1114 1425 1133 z
1444 1113 1507 1134 non
1524 1105 1568 1135 sic
1586 1105 1624 1135 de
1643 1115 1773 1145 corpore
1790 1116 1797 1137 τ

1029 1154 1104 1193 qnia
1118 1164 1181 1184 non
1195 1154 1333 1185 multum
1348 1159 1462 1194 gravat
1477 1160 1642 1197 expectare
1660 1167 1775 1198 corpus
1787 1184 1795 1197 ,

1029 1207 1106 1236 dum
1122 1207 1236 1237 animae
1253 1208 1363 1238 timent
1380 1208 1487 1239 Deum.

1069 1259 1149 1289 &Ad
1160 1259 1236 1289 illud
1251 1261 1334 1299 quotl
1350 1262 1500 1300 objicitur
1512 1263 1550 1293 de
1564 1263 1796 1295 resurrectione

1029 1311 1157 1349 Christi,
1175 1315 1257 1351 patet
1273 1314 1451 1353 responsio,
1469 1316 1543 1354 quia
1562 1325 1619 1346 nec
1637 1317 1799 1347 concurrit

1027 1364 1069 1394 ibi
1092 1366 1242 1395 severitas
1265 1366 1397 1405 judicii,
1423 1376 1495 1397 curn
1518 1377 1582 1398 non
1606 1370 1686 1398 esset
1704 1378 1798 1409 super

1027 1427 1101 1447 eum
1117 1417 1243 1448 inducta
1259 1418 1411 1449 maleficio
1422 1443 1431 1457 ,
1448 1429 1505 1450 nec
1519 1420 1633 1451 ficeret
1649 1421 1687 1451 ad
1705 1421 1795 1452 meri-

1026 1471 1096 1499 tum
1111 1470 1198 1507 fidei,
1216 1471 1280 1501 imo
1294 1480 1311 1501 θ
1327 1473 1484 1502 contrario
1500 1475 1547 1503 est
1561 1473 1594 1503 in
1608 1473 1681 1504 fidei
1696 1474 1790 1514 adJu-

1026 1523 1155 1553 torium.

1066 1577 1094 1605 3.
1106 1576 1153 1605 Ad
1169 1575 1245 1606 illud
1257 1576 1341 1615 quod
1355 1577 1513 1616 objicitur,
1529 1579 1613 1618 quod
1624 1579 1795 1618 praemium

1025 1628 1191 1667 respondet
1202 1630 1324 1667 merito,
1340 1630 1508 1661 dicendum
1519 1632 1604 1671 quod
1618 1641 1733 1663 verum
1749 1636 1795 1664 est

1024 1691 1080 1721 pro
1094 1681 1160 1712 loco
1175 1684 1204 1712 et
1220 1684 1361 1721 ternpore
1378 1692 1385 1713 z
1402 1685 1431 1713 et
1446 1684 1615 1723 praemium
1631 1685 1795 1716 essentiale

1023 1735 1171 1774 competit
1196 1736 1352 1765 utstatim
1377 1736 1543 1774 reddatur3
1570 1737 1624 1767 sed
1645 1738 1724 1768 stola
1746 1747 1793 1769 se-

1023 1786 1127 1816 cunda
1141 1787 1232 1816 debet
1246 1789 1403 1826 expectari
1416 1797 1584 1829 quousque
1599 1799 1672 1820 cum
1684 1791 1795 1821 solem-

1024 1839 1119 1869 nitate
1134 1841 1165 1869 et
1177 1839 1426 1878 magnificentia⁷
1445 1843 1476 1871 et
1491 1841 1594 1880 gloria
1607 1842 1709 1873 dant1s
1721 1852 1794 1874 con-

1022 1892 1152 1922 feratur.

1062 1947 1090 1974 Ιι.
1109 1945 1156 1974 Ad
1172 1944 1249 1975 illud
1265 1945 1348 1985 quod
1364 1945 1511 1985 obicitur,
1529 1948 1614 1986 quod
1629 1950 1675 1978 est
1689 1950 1792 1988 maj0r

1022 1997 1098 2028 unio
1114 1999 1145 2027 ct
1161 1998 1381 2028 convenientia
1400 1998 1598 2036 animarum,
1621 2000 1790 2032 dicendum

1019 2051 1239 2091 quodfalsum
1263 2053 1322 2089 cst,
1349 2052 1413 2082 imo
1429 2052 1543 2089 minor,
1568 2062 1624 2092 pro
1649 2063 1686 2085 eo
1707 2055 1791 2094 quod

1020 2104 1128 2134 omnia
1142 2113 1273 2143 corpora
1293 2105 1325 2134 in
1341 2114 1406 2135 uno
1423 2114 1554 2145 corpore
1568 2106 1714 2144 fuerunt,
1736 2107 1789 2139 sed

1019 2166 1083 2187 non
1099 2166 1208 2188 omncs
1222 2157 1340 2188 animae
1356 2157 1387 2187 in
1403 2167 1468 2188 una
1481 2159 1597 2189 anima.

1279 2272 1459 2310 QUAESTlo
1482 2273 1532 2304 IV.

1037 2352 1081 2378 An
1101 2358 1213 2386 corpora
1232 2353 1350 2379 omnium
1364 2355 1500 2387 resument
1519 2354 1609 2381 eadem
1629 2354 1771 2381 secundum

1318 2404 1455 2424 numerum
1470 2397 1488 2424 ⁹.

1058 2476 1170 2507 Utrum
1194 2476 1385 2507 resurrectio
1407 2477 1445 2507 sit
1464 2477 1648 2508 eorumdem
1672 2486 1784 2508 secun-

1017 2574 1240 2604 Tl10m.Argent.,
1262 2574 1292 2597 lV
1314 2574 1391 2602 Seni„
1415 2574 1470 2597 dist.
1496 2580 1576 2604 Χιιιι,
1595 2582 1620 2605 q.
1642 2580 1664 2604 1,
1685 2576 1732 2597 art.
1755 2576 1785 2603 3;

1018 2610 1104 2640 Stcpli.
1130 2609 1236 2639 Brulef„
1261 2610 1290 2634 lV
1307 2610 1391 2639 Sena,
1414 2610 1470 2633 (list.
1487 2616 1558 2639 mu,
1578 2616 1602 2640 q.
1620 2616 1655 2638 iv;
1673 2611 1738 2634 Petr.
1756 2611 1786 2633 de

1017 2646 1128 2674 Tui-aut..
1144 2646 1173 2668 lv
1187 2646 1264 2675 Seni„
1278 2645 1334 2669 dist.
1351 2651 1425 2674 xmn,
1442 2653 1466 2675 q.
1483 2651 1518 2669 ιιι.

1818 265 1878 287 Ratio
1898 268 1908 287 θ
1915 282 1920 287 .

1803 2493 1906 2514 Fundam.
