1991 3006
101 1728 198 1748 Auctori-

114 1759 191 1779 tatibus

119 1790 192 1816 prohat

100 1821 196 1846 quaedani

104 1852 198 1877 jusiiiim,

100 1882 141 1901 alia
148 1883 206 1902 misc-

101 1913 205 1935 rieordiae,

101 1944 140 1963 alia
149 1944 207 1964 boni-

104 1975 140 1994 tati
151 1976 207 1995 altri·

130 2005 175 2025 bui.

111 2472 201 2497 Quonim

114 2504 140 2523 do
159 2503 203 2522 uni-

215 220 272 248 524
768 213 1074 246 SENTENTIARUM
1098 214 1170 244 ΗΒ.
1196 213 1243 244 lV.

211 288 281 317 tur.
308 285 355 317 lta
370 289 400 317 et
417 295 491 316 cuni
507 284 625 316 dicitur
646 283 827 316 misericors
841 309 848 322 ,
867 282 1004 314 essentia
1019 281 1131 314 divina
1146 281 1339 325 praedicatur
1356 294 1363 314 :
1381 285 1412 313 et
1435 281 1568 324 insuper
1583 280 1671 324 quod
1685 281 1725 313 sit
1741 280 1800 313 mi-

214 353 361 375 serorum
378 342 532 374 liberator
545 341 687 383 intelligi
700 340 807 373 datur.
826 339 984 372 Similiter
999 350 1074 371 cum
1099 339 1218 371 dicitur
1238 339 1344 370 bonus
1356 364 1364 379 ,
1379 338 1517 370 essentia
1532 337 1725 382 praedicatur
1740 350 1747 377 ;
1766 341 1797 369 et

214 400 347 443 insuper
362 403 474 431 auctor
496 398 645 430 omnium
669 398 830 430 bonorum
858 396 1050 429 ostenditur.
1078 397 1125 428 Ita
1148 407 1223 428 cnm
1245 396 1365 428 dicitur
1389 396 1496 436 Deus,
1523 395 1660 428 essentia
1684 394 1798 427 divina

214 456 420 501 praedicatur,
439 460 469 488 ct
485 456 552 499 ipse
568 455 733 488 timendus
753 454 946 487 ostenditur.
964 453 1042 486 Inde
1061 464 1138 495 ergo
1153 453 1305 497 quaedam
1327 464 1424 496 opera
1440 452 1669 485 misericordiae
1688 478 1696 493 ,
1713 462 1802 496 quae-

213 513 287 545 dam
307 513 441 556 justitiae
466 513 640 554 dicuntur3
664 524 729 545 non
752 513 833 556 quin
849 511 961 543 divina
976 511 1113 544 essentia
1127 511 1194 544 lioec
1214 515 1245 543 et
1265 511 1322 543 illa
1347 515 1518 554 operetur,
1543 514 1573 542 et
1588 510 1669 554 quin
1685 509 1754 542 haec
1769 513 1801 542 et

214 571 271 603 illa
282 570 346 602 sint
361 581 459 614 opera
473 570 594 602 divina}
617 570 780 610 essentiae,
797 580 870 613 quae
886 569 1005 601 dicitur
1026 568 1247 600 misericordia
1271 573 1301 600 et
1313 568 1461 612 justitia3
1479 567 1533 600 sed
1559 567 1638 612 quia
1651 566 1802 611 qnaedam

214 631 290 660 sunt
305 628 426 672 quibus
447 628 629 660 ostenditur
649 628 770 671 judex,
786 632 816 659 et
838 638 953 670 {equus
966 626 1159 658 distributor
1178 652 1185 666 ‚
1202 625 1352 670 quaedam
1369 625 1489 669 quibus
1503 624 1685 657 ostenditur
1707 624 1802 656 mise-

214 690 312 719 rator.
327 685 507 718 Misericors
523 685 610 717 enim
626 685 744 717 dicitur
760 685 793 716 in
810 688 939 724 natura,
955 684 1122 716 miserator
1135 684 1169 715 in
1181 683 1394 715 exhibitione.
1412 682 1451 714 Et
1467 683 1500 714 in
1513 682 1711 726 quibusdam
1727 692 1803 725 ope-

216 743 306 776 ribus
321 743 441 776 dicitur
457 743 589 775 effectus
604 754 670 775 esse
688 741 918 774 misericordiae
930 767 937 781 ,
950 741 985 773 in
1000 741 1198 785 quibusdam
1210 740 1506 784 effectusjustitiae;
1524 750 1589 771 non
1605 739 1692 783 qnod
1707 738 1798 771 aliud

214 801 334 834 efficiat
345 801 473 845 justitia
486 827 494 841 ,
507 800 596 833 aliud
614 799 834 832 misericordia
851 799 927 838 Dei,
945 799 970 830 si
985 798 1026 831 ad
1042 798 1212 830 essentiam
1230 798 1367 838 refe1·as;
1388 797 1442 830 sed
1459 797 1538 841 qnia
1551 808 1589 829 ex
1604 796 1800 840 quibusdam

214 859 382 892 effectibus
405 858 600 901 intelligitur
620 858 742 901 judex,
770 868 810 889 ex
836 856 1034 900 quibusdam
1059 856 1226 888 miserator
1242 882 1249 894 ,
1277 855 1328 887 vel
1356 855 1364 897 (
1386 859 1422 887 ut
1449 854 1648 898 quibusdam
1675 853 1799 896 placet)

209 919 318 960 justus
332 920 363 948 et
379 915 569 948 misericors.
592 915 655 947 Sed
676 914 855 947 secundum
871 914 930 946 hoc
944 913 1084 946 occurrit
1108 912 1243 957 quaestio
1259 938 1266 953 ‚
1290 923 1355 956 quo
1372 911 1467 944 modo
1484 915 1515 943 et
1529 910 1601 943 aliis
1615 909 1804 943 ostendatur

210 974 319 1018 justus
332 999 340 1014 ,
358 978 389 1005 et
404 973 476 1005 aliis
492 973 675 1005 misericors
688 999 696 1013 ,
712 983 786 1005 cum
811 972 852 1004 sit
876 971 962 1004 idem
981 971 1011 1003 ei
1031 982 1097 1003 csse
1110 971 1236 1014 justum
1257 974 1288 1002 et
1307 980 1374 1002 esse
1391 968 1644 1001 misericordem.
1663 967 1698 1000 Si
1715 967 1803 999 enim

214 1023 393 1063 secundum
410 1030 557 1063 camdem
573 1030 731 1062 rationem
747 1029 866 1062 dicitur
877 1029 986 1072 justus
998 1054 1006 1069 ,
1021 1032 1051 1060 et
1064 1027 1244 1060 misericors
1258 1053 1265 1067 ‚
1282 1038 1320 1059 ex
1335 1038 1372 1059 eo
1387 1037 1483 1070 opere
1497 1052 1504 1066 ,
1521 1037 1588 1070 quo
1604 1024 1803 1067 intelligitur

210 1088 320 1132 justus
333 1114 341 1129 ,
358 1088 554 1131 intelligitur
570 1087 751 1120 misericors
766 1113 773 1128 ,
791 1092 822 1119 et
838 1099 853 1118 e
869 1098 1036 1119 converso.
1065 1085 1127 1118 Sed
1152 1085 1219 1117 dixi
1245 1096 1343 1128 supra
1358 1110 1365 1125 ,
1389 1084 1467 1128 quia
1488 1095 1563 1116 cum
1578 1083 1698 1116 dicitur
1714 1083 1801 1114 Deus

211 1145 319 1189 justus
334 1150 365 1178 et
381 1145 564 1177 misericors
575 1170 583 1183 ‚
599 1145 642 1177 ita
655 1145 767 1177 eadem
783 1144 895 1176 divina
909 1155 998 1176 essen
1006 1143 1048 1176 tia
1063 1143 1280 1185 significatur,
1298 1146 1328 1173 et
1339 1141 1519 1174 secundum
1535 1152 1606 1173 eam
1622 1140 1709 1172 idem
1721 1150 1803 1184 prae-

215 1202 342 1235 dicatur
355 1228 362 1242 ,
380 1206 416 1234 ut
429 1203 527 1235 etiam
540 1203 691 1246 quaedam
706 1202 835 1233 diversa
854 1201 1094 1243 intelligantur.
1113 1200 1333 1242 intelligimus
1355 1199 1444 1231 enim
1469 1209 1525 1242 per
1549 1198 1609 1230 hoc
1632 1209 1708 1230 eum
1735 1208 1803 1229 esse

217 1260 437 1292 miseratorem
464 1264 494 1291 et
514 1260 641 1303 justum
664 1259 821 1302 judicem.
845 1258 940 1297 Quod
962 1258 1130 1290 evidenter
1146 1256 1302 1299 Origenes
1318 1256 1459 1288 ostendit
1474 1254 1605 1287 dicens¹
1627 1267 1633 1286 :
1656 1267 1672 1285 «
1686 1254 1805 1287 Omnia

218 1328 292 1361 quae
309 1317 368 1349 Dei
383 1320 461 1349 sunt
475 1343 482 1358 ,
495 1316 643 1349 Christus
658 1321 705 1349 est
719 1342 726 1356 ,
743 1317 810 1360 ipse
826 1316 984 1360 sapientia
999 1316 1069 1359 ejus
1082 1341 1090 1355 ,
1109 1315 1175 1358 ipse
1192 1314 1348 1347 fortitudo
1362 1340 1370 1354 ,
1384 1313 1510 1357 justitia
1521 1339 1529 1354 ‚
1547 1312 1715 1353 sanctitas,
1738 1311 1805 1356 ipse

217 1374 411 1418 prudentia,
430 1375 496 1418 ipse
513 1374 642 1406 veritas.
666 1373 730 1406 Sed
755 1385 830 1406 cum
851 1384 957 1405 unum
981 1373 1022 1405 sit
1046 1373 1080 1404 in
1100 1372 1302 1416 subjacenti,
1323 1382 1380 1415 pro
1402 1371 1558 1403 varietate
1578 1380 1734 1402 sensuum
1757 1368 1807 1402 di-

218 1432 317 1465 versis
340 1435 550 1476 nuncupatur
574 1431 752 1463 vocabulis.
773 1430 874 1463 Aliud
896 1430 983 1462 enim
1009 1429 1172 1473 significat
1192 1429 1370 1472 sapientia,
1396 1428 1487 1461 aliud
1503 1427 1641 1472 justitia.
1667 1425 1806 1466 Quando

217 1490 305 1523 enim
321 1489 479 1534 sapientia
494 1489 614 1521 dicitur
625 1514 633 1530 ‚
651 1488 830 1532 disciplinis
846 1492 875 1520 te
891 1488 1081 1521 divinarum
1099 1487 1387 1530 humanarumque
1404 1497 1516 1518 rerum
1532 1486 1692 1518 instruere
1707 1483 1805 1516 intel-

217 1548 344 1591 ligitur.
363 1547 502 1586 Quando
517 1546 646 1590 justitia
659 1572 667 1587 ,
684 1546 876 1579 distributor
891 1546 943 1579 vel
964 1545 1067 1589 judex
1092 1545 1284 1577 meritorum
1310 1544 1508 1576 insinuatur.
1525 1543 1573 1575 Ita
1587 1546 1618 1574 et
1632 1540 1806 1586 prudentia

218 1617 293 1638 cum
309 1605 447 1646 dicitur,
465 1604 576 1637 doctor
593 1608 623 1636 et
638 1603 878 1636 demonstrator
899 1603 1061 1635 bonarum
1078 1602 1129 1635 vel
1145 1602 1307 1634 malarum
1323 1612 1433 1633 rerum
1446 1627 1454 1642 ,
1474 1600 1525 1632 vel
1541 1604 1734 1632 neutrarum
1750 1598 1807 1630 in-

221 1662 392 1705 telligitur.
410 1674 427 1692 ))

265 1719 360 1758 Quod
376 1723 485 1751 autem
501 1718 653 1762 quaedam
670 1729 767 1762 opera
787 1717 1018 1750 misericordiae
1030 1742 1038 1758 ,
1055 1717 1205 1760 quiedam
1217 1716 1354 1760 justitiae
1371 1742 1378 1757 ‚
1395 1715 1547 1760 quaedam
1563 1714 1703 1746 bonitati
1719 1713 1811 1745 attri-

223 1777 369 1809 buantur
383 1801 390 1816 ,
408 1776 441 1807 in
457 1775 636 1819 Scripturis
653 1776 745 1808 facile
764 1779 811 1807 est
833 1775 986 1819 reperire.
1002 1775 1041 1806 Et
1057 1774 1096 1806 de
1120 1774 1340 1807 misericordia
1361 1773 1495 1817 quidem
1517 1776 1549 1804 et
1563 1771 1691 1815 justitia
1706 1770 1812 1803 mani-

222 1834 340 1866 festum
357 1839 424 1875 est;
441 1834 480 1866 de
497 1833 641 1866 bonitate
658 1845 734 1865 vero
751 1837 782 1865 et
797 1832 1018 1865 misericordia
1041 1832 1183 1876 amplius
1207 1832 1296 1864 latet.
1321 1831 1384 1864 Sed
1408 1830 1616 1873 Augustinus
1639 1829 1731 1862 docet
1753 1828 1812 1861 illa

222 1903 319 1936 opera
336 1891 464 1936 proprie
480 1891 519 1923 ad
538 1891 792 1923 misericordiam
811 1890 972 1934 pertinere
984 1916 992 1931 ,
1005 1890 1127 1934 quibus
1144 1889 1248 1933 aliqui
1263 1900 1282 1921 a
1297 1888 1426 1920 miseria
1440 1887 1642 1927 liberantur;
1661 1885 1702 1918 ad
1717 1885 1810 1918 honi-

224 1954 319 1982 tatem
336 1960 412 1981 vero
427 1960 493 1981 non
516 1948 623 1981 solum
644 1948 722 1987 illa,
741 1947 795 1980 sed
816 1947 975 1980 facturam
998 1951 1030 1979 et
1050 1946 1323 1989 gubernationem
1342 1945 1544 1978 naturalium
1558 1969 1566 1985 ‚
1583 1944 1628 1976 ita
1642 1943 1752 1976 dicens
1767 1951 1778 1966 ²
1797 1954 1805 1975 :

226 2021 241 2038 α
256 2007 307 2039 Ad
323 2006 577 2039 misericordiam
594 2006 733 2049 pertinet
747 2032 754 2046 ,
772 2005 860 2049 quod
874 2017 892 2037 a
907 2005 1044 2048 peccatis
1059 2004 1196 2037 mundat
1211 2007 1241 2036 et
1256 2004 1294 2036 de
1317 2003 1446 2035 miseria
1461 1993 1582 2035 'liberat
1598 2014 1606 2041 ;
1624 2001 1664 2034 ad
1681 2000 1810 2034 bonita-

223 2068 286 2096 tem
301 2075 395 2105 vero,
405 2063 493 2108 quod
508 2063 629 2095 coelum
637 2067 668 2095 et
679 2067 799 2095 terram
815 2067 847 2095 et
862 2062 972 2095 omnia
983 2062 1076 2094 valde
1092 2062 1176 2094 bona
1191 2061 1311 2093 creavit
1325 2065 1361 2093 ut
1378 2064 1494 2093 essent.
1515 2073 1531 2091 »
1544 2059 1633 2092 Idem
1647 2062 1657 2078 ³
1671 2071 1677 2091 :
1695 2071 1712 2090 «
1725 2058 1808 2091 Coeli

221 2133 287 2154 non
303 2121 451 2164 indigent
467 2121 702 2161 misericordia,
720 2120 777 2152 ubi
792 2120 885 2152 nulla
902 2124 949 2151 est
967 2119 1097 2152 miseria
1112 2132 1119 2160 3
1138 2123 1170 2151 et
1184 2119 1218 2150 in
1234 2123 1320 2150 terra
1334 2118 1477 2150 hominis
1492 2116 1638 2149 abundat
1653 2115 1784 2148 miseria
1798 2140 1806 2156 ‚

222 2182 253 2211 et
267 2178 511 2223 superabundat
530 2177 589 2210 Dei
610 2177 842 2210 misericordia.
868 2177 999 2209 Miseria
1021 2188 1098 2218 ergo
1120 2176 1262 2208 hominis
1285 2178 1316 2207 et
1340 2173 1559 2206 misericordia
1575 2173 1632 2205 Dei
1647 2173 1744 2217 plena
1758 2175 1809 2204 est

222 2240 329 2276 terra,
352 2246 418 2268 non
439 2235 512 2267 coeli
534 2261 541 2276 ,
567 2235 625 2278 qui
650 2246 715 2267 non
740 2234 888 2278 indigent
915 2233 1136 2267 misericordia
1156 2259 1164 2274 ,
1189 2232 1338 2275 indigent
1363 2235 1473 2263 tamen
1498 2234 1629 2273 regente
1656 2229 1808 2262 Domino.

221 2292 339 2325 Omnia
353 2293 440 2325 enim
455 2292 603 2334 indigent
618 2292 758 2325 Domino
770 2318 778 2333 ‚
793 2296 824 2324 et
840 2292 957 2324 misera
970 2297 1000 2324 et
1014 2291 1123 2324 felicia
1133 2317 1141 2332 ,
1158 2290 1237 2334 quia
1248 2290 1317 2322 sine
1333 2289 1391 2321 illo
1408 2288 1507 2320 miser
1521 2299 1587 2320 non
1601 2287 1806 2328 sublevatur,

224 2350 303 2382 felix
318 2361 384 2382 non
399 2350 534 2392 regitur.
553 2363 568 2380 »
587 2349 668 2381 Item
683 2349 763 2381 alibi
781 2361 787 2381 :
807 2362 824 2380 ι(
838 2349 1060 2382 Misericordia
1075 2352 1122 2380 est
1135 2359 1212 2390 erga
1228 2347 1373 2386 miseros,
1389 2345 1519 2378 bonitas
1534 2356 1610 2387 erga
1624 2343 1802 2388 quoslibet,

223 2407 389 2440 interdum
404 2411 513 2439 tamen
529 2406 749 2439 misericordia
763 2407 853 2449 large
868 2407 1044 2450 accipitur,
1062 2409 1098 2438 ut
1113 2405 1252 2438 bonitas.
1273 2417 1288 2434 »

268 2465 345 2497 Post
367 2464 435 2497 haec
455 2463 652 2496 considerari
674 2468 800 2507 oportet
824 2476 863 2497 ex
886 2475 952 2508 quo
976 2475 1073 2497 sensu
1097 2463 1258 2496 uuiversae
1274 2461 1336 2494 viae
1358 2460 1490 2493 Domini
1509 2459 1660 2492 dicantur
1680 2459 1806 2491 miseri-

105 2539 211 2554 τηεψ-ιε
225 2522 335 2555 cordia
353 2525 384 2554 et
402 2521 531 2555 veritas.
558 2521 626 2553 Hoc
650 2521 865 2565 multiplicem
888 2522 1001 2565 recipit
1023 2520 1273 2565 expositionem.
1298 2519 1465 2551 Universae
1490 2517 1577 2550 enim
1602 2517 1663 2550 viae
1677 2516 1810 2549 Domini

260 2644 263 2654 ¹
285 2641 364 2673 Orig.‚
380 2642 406 2665 iu
425 2641 527 2668 levem„
545 2646 576 2670 x.
598 2641 635 2663 12.
655 2651 685 2657 —
705 2640 714 2655 ²
729 2641 844 2672 August„
863 2641 955 2666 Enarr.
979 2641 1005 2665 in
1027 2641 1066 2665 ΡΒ,
1090 2645 1188 2664 cxxxu.
1208 2652 1238 2656 —
1256 2640 1266 2655 ¹
1283 2639 1330 2669 ld„
1350 2638 1441 2662 Ειιαιϊ,
1468 2638 1493 2660 in
1514 2637 1554 2661 Ps.
1574 2642 1662 2666 xxxn,
1683 2641 1760 2660 serm.
1777 2639 1811 2665 11,

226 2683 252 2701 n.
271 2677 293 2701 4.
