1991 3006
52 1544 154 1566 Fundam.

620 187 713 218 DIST.
737 187 896 219 XXXVIII.
923 187 1011 219 ART.
1037 187 1074 218 11.
1099 186 1249 223 QUAEST.
1272 188 1309 218 ΙΙ.

168 255 283 288 molari
289 255 378 287 debet
390 255 533 292 Domino,
547 256 667 286 mutari
682 263 746 286 non
758 258 871 294 potest,
885 264 939 286 nce
959 268 963 270 ἡ

168 310 205 340 in
213 309 317 348 pejus,
332 317 387 340 nec
403 309 438 339 in
452 307 563 339 melius
582 318 593 338 .·
607 317 685 347 ergo
695 332 703 345 ,
719 310 778 338 etc.

209 364 238 392 2.
246 362 341 393 Item⁴
351 373 357 392 :
373 361 590 400 Quodcumque
600 361 850 399 vove1·is,reclcle:
861 370 941 400 ergo

169 415 208 446 ad
220 415 309 452 illud,
333 415 416 454 quod
440 417 550 452 vovet,
575 415 671 445 homo
687 417 810 445 tenetur
832 423 840 443 ε
862 423 941 453 ergo

168 478 233 499 non
248 471 349 508 potest
364 469 567 505 commutari,

210 524 237 552 3.
252 521 341 559 Item,
354 522 434 552 sicut
448 522 566 552 veritas
574 522 740 552 locutionis
751 522 894 552 consistit
907 521 940 551 111

169 576 336 606 concordia
344 576 516 606 voluntatis
530 579 560 606 et
571 576 756 613 intellectus,
765 576 808 606 sic
821 576 941 606 veritas

168 629 234 659 voti
249 629 283 658 in
298 629 462 659 concordia
474 629 694 668 promissionis
708 632 738 659 et
753 629 936 659 solutionis:

169 682 224 713 sed
243 683 510 722 quandocumque
531 691 593 712 vox
614 681 769 712 discordat
790 682 829 711 ab
847 682 938 712 intel-

169 735 263 773 lectu,
279 737 326 765 est
335 735 378 765 ibi
389 735 507 765 falsitas
520 746 526 765 z
539 744 616 773 ergo
627 737 659 765 et
674 735 706 764 in
720 737 804 772 voto,
815 735 940 774 quando

169 788 336 828 promissio
351 788 507 818 discordat
527 797 545 818 a
567 787 741 818 solutione:
760 788 813 818 sed
839 797 942 818 unus-

170 842 304 882 quisque
321 844 444 872 tenetur
459 850 526 871 esse
540 850 639 871 verax
655 841 686 870 in
708 841 915 879 promissione
932 850 938 871 :

173 903 264 934 ergo,
281 897 340 925 etc.

211 951 240 979 4.
258 949 355 987 Item,
375 950 458 989 quod
474 958 539 979 non
553 949 651 989 possit
670 949 737 978 sine
758 948 942 978 auctoritate

171 1003 354 1042 superioris,
371 1003 506 1033 videtur.
532 1002 729 1039 Bernardus,
747 1001 785 1032 cle
800 1002 941 1040 Dispen-

171 1057 312 1093 satione‚
328 1058 386 1086 etc.
402 1067 408 1085 :
431 1067 444 1083 «
460 1055 542 1085 Bene
566 1055 718 1085 ordinatis
743 1054 942 1084 monasteriis

171 1108 278 1139 nullus
292 1132 299 1145 ,
316 1118 387 1139 meo
411 1108 551 1146 consilio,
579 1108 761 1147 egredietur
788 1107 941 1138 desiderio

170 1162 312 1193 arctioris
333 1162 406 1192 vitae
434 1163 501 1192 siue
521 1162 646 1192 licentia
671 1162 852 1201 superloris.
869 1172 882 1189 1)
909 1160 942 1191 Si

170 1224 248 1254 ergo
263 1216 301 1246 de
316 1215 376 1246 hoc
385 1215 490 1254 magis
504 1217 640 1251 tenetur,
657 1217 752 1254 patet,
771 1216 828 1244 etc.

211 1271 240 1299 5.
257 1268 347 1306 Item,
359 1269 443 1308 quod
456 1269 599 1308 superior
612 1277 676 1297 non
692 1268 788 1307 possit
804 1270 939 1305 mutare,

170 1322 307 1359 videtur,
323 1322 400 1361 quia
419 1331 509 1361 aeque
528 1322 649 1360 obligat
663 1323 774 1351 votum
789 1321 941 1357 solemne,

171 1377 207 1405 ut
219 1375 460 1405 matrimonium
475 1386 481 1405 ε
500 1374 554 1404 sed
570 1374 806 1404 matrimonium
823 1374 943 1404 nullius

172 1428 358 1458 auctoritate
374 1428 545 1467 superioris
567 1429 669 1466 potest
687 1426 804 1457 mutari
831 1438 837 1456 :
863 1435 942 1465 ergo

171 1489 229 1511 nec
244 1482 363 1511 votum.

210 1534 322 1565 Contra
339 1546 346 1565 ε
360 1533 475 1564 Votum
492 1535 672 1564 institutum
695 1536 741 1564 est
753 1534 792 1564 ad
807 1534 942 1564 charita-

168 1590 234 1618 tem
249 1587 418 1618 fovendam
436 1598 442 1617 z
460 1588 512 1618 scd
532 1588 606 1618 dicit
626 1587 805 1618 Bernardus
820 1590 842 1625 ²,
857 1587 942 1626 quod

170 1641 247 1671 illud
263 1641 346 1680 quod
360 1650 399 1671 ex
418 1641 569 1671 charitate
590 1641 772 1671 institutum
795 1643 853 1678 est,
871 1650 944 1671 con-

170 1696 220 1724 tra
234 1694 420 1724 charitatem
431 1694 579 1724 sustiueri
591 1703 654 1724 non
667 1693 775 1724 debet:
792 1703 870 1732 ergo
887 1694 942 1724 ubi

173 1749 220 1777 est
247 1747 432 1784 necessitas,
460 1747 510 1777 vel
537 1747 655 1777 utilitas
666 1771 675 1784 ,
705 1756 777 1777 011111
807 1747 943 1777 charitas

171 1800 294 1839 exigat,
311 1802 411 1839 potest
425 1800 614 1830 commutari
627 1811 633 1830 z
651 1800 705 1830 scd
717 1800 777 1830 hoc
794 1800 877 1830 circa
889 1809 943 1830 vo-

173 1855 242 1883 tum
258 1852 449 1892 quandoque
465 1853 622 1891 contingit
640 1853 678 1891 (a)
695 1862 702 1882 :
720 1862 808 1891 ergo,
824 1855 882 1883 etc.

215 1906 293 1937 Item
305 1931 314 1944 ,
339 1915 463 1945 semper
488 1906 560 1936 licet
588 1906 740 1945 proficere
767 1906 944 1936 secuudum

175 1961 293 1989 statum
311 1969 318 1989 :
336 1967 415 1997 ergo
437 1961 468 1989 et
481 1961 592 1989 votum
609 1959 647 1989 de
673 1959 756 1989 bono
783 1959 814 1989 in
831 1959 946 1989 melius

176 2014 371 2043 commutare
385 2023 391 2042 ;
408 2020 503 2051 ergO,
517 2014 575 2042 etc.

218 2065 304 2103 item,
323 2065 347 2095 si
362 2065 433 2104 quis
448 2065 562 2095 emittit
574 2065 637 2095 duo
651 2068 725 2095 vota
740 2065 946 2105 incompossi-

175 2118 260 2156 bilia,
279 2127 416 2157 quorum
441 2118 576 2148 alterum
605 2120 652 2148 est
678 2119 860 2157 perfectius,
885 2119 945 2148 im-

175 2171 256 2211 pleto
285 2171 461 2211 perfectiori
490 2171 666 2201 absolvitur
691 2171 730 2201 ab
754 2171 816 2202 alio
827 2195 834 2208 ,
862 2171 946 2211 quod

176 2225 264 2264 prius
277 2224 365 2254 vovit
382 2236 388 2253 2
406 2233 496 2263 ergo,
514 2226 572 2255 etc.

218 2276 307 2314 Item,
323 2277 403 2307 sicut
417 2280 643 2307 testamentum
665 2280 712 2307 est
735 2278 871 2317 propriae
889 2287 946 2308 vo—

178 2329 318 2367 luntatis,
335 2330 379 2360 ita
400 2332 431 2360 et
454 2332 565 2360 votum
583 2341 589 2360 :
616 2330 669 2361 scd
687 2331 827 2370 quandlu
853 2331 949 2361 homo

178 2382 269 2421 vivit,
285 2385 387 2422 potest
402 2385 526 2413 mutare
545 2386 772 2414 testamentum
788 2396 793 2415 :
820 2393 900 2423 ergo
920 2387 950 2415 et

180 2437 291 2466 votum
305 2437 372 2467 sine
386 2437 474 2467 omni
490 2437 624 2467 licentia.

212 2515 218 2528 ¹
235 2514 327 2545 Eccle.,
343 2520 367 2544 V,
386 2516 410 2539 3.
427 2528 458 2533 --
474 2516 484 2532 ²
499 2516 586 2546 Bcrn.‚
605 2516 634 2539 de
653 2516 806 2547 Dispensat„
825 2519 882 2547 post
902 2517 949 2540 ini-

181 2549 252 2574 tium.

212 2594 246 2623 (a)
263 2593 322 2618 Coet.
338 2593 397 2619 edit.
412 2593 462 2618 hoc
477 2596 515 2618 est
529 2601 575 2625 per
589 2596 687 2618 votum.

303 2707 366 2731 TOM
370 2722 378 2731 .
400 2708 444 2731 VI.

1705 193 1765 222 385

1269 315 1495 348 CONCLUSIO.

1001 400 1094 426 Votum
1125 401 1210 434 potest
1241 402 1363 434 mutari,
1393 403 1416 427 ct
1446 404 1559 436 propter
1586 404 1766 430 necessitatem

1031 445 1271 478 supervenientem,
1290 447 1314 471 et
1334 447 1445 479 propter
1463 447 1609 481 periculum
1628 448 1766 475 imminens

1033 496 1065 514 eae
1080 488 1272 515 obseivatz'one.

1039 572 1129 611 Resp.
1144 572 1182 603 ad
1197 581 1269 611 arg.
1285 574 1459 604 DIcendum
1471 575 1556 613 quod
1570 575 1640 606 licet
1654 578 1767 606 votum

997 627 1120 655 mutare
1135 635 1173 656 ex
1188 635 1300 663 causa,
1316 626 1393 656 illud
1415 627 1530 658 scilicet
1551 629 1635 667 quod
1658 629 1768 668 recipit

997 677 1338 715 recompensationem;
1354 678 1406 707 sed
1421 687 1485 707 11011
1501 687 1540 708 ex
1555 678 1692 717 levitate,
1710 689 1767 710 nec

997 737 1037 758 ex
1050 731 1177 769 propria
1193 730 1353 761 voluntate
1369 740 1467 770 quam
1481 731 1645 770 obIIgavit,
1659 732 1713 763 sed
1727 742 1767 763 ex

997 783 1198 820 necessitate,
1217 783 1283 814 sive
1299 783 1432 814 utilitate
1445 808 1452 821 ,
1470 793 1543 814 cum
1560 785 1681 824 praelati
1694 795 1768 816 auc-

997 836 1132 873 toritate,
1154 839 1280 876 ³xcepto
1302 839 1374 867 voto
1398 837 1581 876 religionis,
1597 837 1649 868 vel
1673 839 1767 869 etiam

998 891 1096 919 status
1113 890 1318 928 perfectioris,
1336 891 1369 920 in
1389 891 1473 930 quod
1492 893 1593 930 potest
1613 892 1769 923 11111111νο-

997 943 1067 971 tum
1083 943 1274 973 commutari
1294 944 1361 974 sine
1382 944 1505 983 praelati
1526 944 1670 983 licentia,
1693 945 1769 985 quia

997 997 1124 1034 propter
1140 996 1188 1025 sui
1201 996 1389 1035 dignitatem
1412 996 1570 1027 licentiam
1593 997 1764 1037 dantjura.

998 1047 1117 1077 Sauum
1134 1050 1180 1078 est
1194 1051 1301 1079 tamen
1317 1049 1495 1087 consilium,
1512 1050 1594 1089 quod
1610 1051 1665 1081 fiat
1680 1060 1769 1091 supe-

998 1099 1090 1130 rioris
1102 1101 1298 1139 auctoritate,
1310 1102 1365 1132 ubi
1376 1111 1439 1133 nou
1452 1103 1593 1133 creditur
1603 1104 1685 1143 quod
1697 1113 1769 1134 cou-

997 1152 1142 1190 tradicat,
1159 1163 1199 1183 ne
1216 1154 1361 1185 videatur
1378 1164 1419 1185 ex
1434 1155 1561 1186 levitate
1583 1156 1763 1195 procedere,

998 1209 1027 1236 et
1042 1207 1260 1238 auctoritatem
1281 1208 1454 1248 superioris
1478 1211 1689 1241 contemnere.
1707 1210 1768 1241 Ra-

997 1261 1040 1289 tio
1057 1262 1161 1290 autem
1178 1270 1275 1299 quare
1290 1261 1360 1291 licet
1376 1263 1485 1291 votum
1499 1264 1625 1293 mutare
1640 1267 1666 1293 el
1682 1273 1767 1294 com-

999 1316 1140 1350 mutare,
1158 1316 1202 1343 est
1228 1316 1354 1353 propter
1376 1315 1594 1345 necessitatem
1617 1326 1766 1356 superve-

998 1366 1154 1401 mentem,
1172 1366 1222 1396 vel
1245 1369 1372 1406 propter
1397 1368 1575 1407 periculum
1587 1393 1594 1407 ,
1611 1371 1695 1409 quod
1711 1371 1769 1401 1111-

998 1419 1097 1449 minet
1108 1420 1287 1459 frequenter
1298 1421 1329 1450 111
1340 1421 1572 1459 observatifflie,
1582 1423 1631 1453 vel
1642 1426 1769 1463 propter

998 1473 1153 1511 maiorem
1173 1473 1340 1503 utilitatem
1360 1476 1390 1504 et
1404 1475 1549 1505 voventis
1564 1478 1594 1506 et
1619 1476 1766 1508 allorum.

1000 1527 1034 1557 In
1049 1528 1099 1557 his
1115 1528 1200 1558 enim
1215 1529 1296 1559 ratio
1311 1532 1412 1567 recta,
1429 1532 1460 1559 et
1473 1529 1581 1561 divina
1603 1530 1768 1562 illustratio

999 1581 1162 1612 manifeste
1183 1582 1296 1612 clamat
1309 1606 1316 1619 ,
1333 1582 1417 1622 quod
1441 1592 1496 1622 per
1512 1583 1717 1615 mediatorem
1738 1588 1769 1616 et

1000 1637 1236 1669 procuratorem
1256 1635 1368 1666 debeat
1385 1638 1416 1666 et
1435 1637 1531 1675 possit
1547 1638 1716 1676 provideri,
1733 1641 1769 1669 ut

999 1688 1082 1718 Deus
1095 1698 1158 1718 nou
1171 1689 1409 1727 damnificetur,
1428 1699 1486 1720 uec
1501 1691 1557 1721 iste
1572 1691 1766 1730 periclitetur

1000 1741 1032 1771 in
1048 1751 1112 1781 quo
1128 1745 1158 1772 et
1172 1742 1229 1772 iste
1244 1743 1353 1773 debuit
1374 1743 1489 1773 salvari
1500 1767 1507 1781 ,
1523 1746 1554 1774 et
1570 1744 1652 1775 Deus
1667 1745 1766 1776 110110-

1000 1796 1075 1831 rari,
1092 1797 1123 1825 et
1136 1797 1264 1835 propter
1280 1796 1365 1835 quod
1384 1798 1494 1826 votum
1517 1797 1699 1828 ordinatum
1723 1802 1769 1829 est

1000 1848 1088 1878 fieri:
1104 1851 1134 1878 et
1147 1848 1217 1878 ideo
1232 1858 1272 1879 ex
1283 1849 1341 1879 1100
1356 1851 1458 1888 potest
1473 1851 1673 1881 commutari.

1041 1901 1129 1938 Quod
1155 1904 1260 1932 tamen
1288 1902 1397 1942 objicit
1415 1902 1453 1933 de
1476 1905 1682 1943 testamento,
1706 1914 1770 1936 11011
1787 1914 1891 1941 nespas:

1002 1957 1047 1985 est
1061 1954 1174 1992 simile,
1188 1955 1263 1994 quia
1275 1957 1500 1986 testamentum
1512 1965 1577 1987 non
1591 1957 1721 1997 obligat,
1735 1961 1772 1990 ut
1785 1946 1891 1999 ἓζζάεξῇο

1002 2010 1124 2038 votum.

1044 2064 1072 2091 1.
1090 2061 1137 2091 Ad
1152 2061 1228 2091 illud
1243 2062 1326 2101 quod
1346 2063 1494 2102 objicitur
1508 2065 1545 2095 de
1562 2066 1712 2105 Levitico,
1728 2076 1774 2097 se-

1003 2115 1144 2145 cundum
1161 2114 1301 2145 Glossam
1322 2116 1510 2148 solvendum
1529 2120 1593 2155 est,
1609 2119 1694 2158 quod
1709 2129 1774 2151 non

1003 2170 1103 2207 potest
1118 2167 1245 2206 propria
1259 2169 1454 2200 auctoritate.

1045 2223 1074 2257 9.,
1091 2222 1108 2250 3
1124 2223 1196 2250 914.
1214 2221 1260 2251 Ad
1285 2221 1363 2251 1111111
1384 2222 1467 2261 quod
1483 2223 1631 2263 oincitur
1652 2225 1689 2256 de
1710 2226 1774 2257 Ec-

1005 2274 1160 2312 clesiaste,
1171 2274 1340 2304 dicendum
1351 2275 1434 2314 quod
1448 2275 1525 2306 illud
1541 2277 1731 2318 intelligitur
1744 2279 1777 2309 in

1006 2338 1049 2365 se,
1064 2328 1113 2358 vel
1130 2328 1162 2358 111
1178 2328 1393 2367 aequivalenti.
1421 2329 1458 2359 Et
1482 2339 1536 2369 per
1557 2331 1617 2362 hoc
1640 2335 1724 2372 patet
1739 2333 1777 2363 de

1006 2382 1159 2418 veritato,
1181 2380 1256 2420 quia
1283 2381 1451 2412 concordat
1474 2383 1614 2423 impletio
1645 2385 1777 2424 prornis-

1006 2434 1098 2471 sioni,
1115 2434 1192 2464 dum
1209 2434 1302 2464 datur
1315 2435 1509 2474 aequivalens
1525 2437 1579 2468 illi.
1596 2437 1686 2475 Quod
1701 2448 1777 2470 vero

1007 2488 1080 2517 dicit
1103 2486 1283 2517 Bernardus
1307 2487 1344 2518 de
1366 2489 1608 2521 ascendentibus
1629 2492 1669 2522 ad
1689 2492 1778 2522 altio-

1008 2549 1076 2571 rem
1090 2542 1219 2576 statum,
1235 2541 1327 2571 credo
1342 2541 1426 2581 quod
1442 2542 1557 2573 dicitur
1572 2544 1774 2576 consulendo.

1050 2595 1078 2623 5.
1101 2593 1149 2623 Ad
1163 2593 1240 2624 illud
1258 2594 1344 2633 quod
1366 2595 1513 2634 objicitur
1531 2596 1643 2627 ultimo
1657 2597 1695 2627 de
1714 2607 1778 2628 ma-

1009 2646 1180 2684 trimonio,
1201 2646 1370 2679 dicendum
1391 2649 1476 2688 quod
1501 2658 1566 2679 non
1594 2651 1640 2680 est
1662 2650 1775 2690 simile,

1619 2704 1657 2733 25

1806 1232 1865 1252 [latio

1787 1269 1879 1283 commu·

1795 1290 1887 1310 tationis.
