1991 3006
52 1511 156 1532 Fundam.

454 263 548 295 DtS'r.
571 264 673 295 XLtX.
698 263 812 294 PAR’l'.
837 264 874 294 lt.
899 263 988 294 ART.
1015 264 1051 294 ll.
1076 262 1179 294 sECT.
1207 262 1254 293 lV.
1280 262 1426 299 QUAEaT.
1453 261 1489 291 ll.

173 331 302 362 inclinet
315 340 428 371 corpus
446 330 620 370 gloriosum
640 331 679 361 ad
699 339 827 361 omnem
850 330 938 360 diffe-

173 385 307 416 rentiam
322 385 494 424 positionis,
510 394 550 415 an
564 385 603 415 ad
618 385 755 425 aliquem
770 385 875 415 locum
892 384 941 414 de-

174 439 390 469 terminatum.
407 438 444 468 Et
459 439 543 477 quod
558 448 621 469 nou
646 439 684 468 ad
704 447 831 468 omnem
851 437 940 467 diffe-

174 491 325 528 rentiam,
339 491 464 521 videtur
482 502 488 520 :
509 494 533 520 l.
549 491 624 530 quia
638 490 798 520 inclinatio
817 490 940 520 mobilis

175 545 318 584 sequitur
333 547 480 575 naturam
494 545 753 584 praedominanlis
765 544 940 574 secundum

174 598 402 636 quantitatem·⁷
429 597 483 627 sed
507 597 741 636 praedominans
766 597 939 627 secundum

173 650 382 689 quantitatem
403 650 435 680 in
458 650 643 688 corporibus
663 650 722 680 illis
744 652 789 680 est
813 652 895 679 terra
910 653 941 679 et

174 711 276 742 aqua:
293 712 384 742 ergo,
402 705 460 733 etc.

213 758 242 786 2.
253 756 284 786 Si
295 756 378 786 dicas
386 756 469 795 quod
478 756 639 786 auferetur
647 756 801 794 gravitas;
813 758 937 786 contra:

173 808 246 839 Haec
265 811 311 838 est
334 808 372 838 de
393 811 505 838 natura
530 811 640 839 terrae:
670 809 723 839 sed
740 809 940 847 Augustinus

170 861 244 892 dicit
256 885 264 897 ,
281 861 366 901 quod
380 864 494 891 natura
510 862 690 892 servabitur
707 873 713 892 t
732 871 822 900 ergo,
840 865 897 892 etc.

209 916 237 944 3.
271 914 348 944 Item
371 915 622 954 unumquodque
645 915 764 954 appetit
787 915 870 955 quod
895 920 941 945 est

169 967 272 1006 magis
311 968 372 998 sibi
404 968 596 998 conveniens
627 980 632 997 2
671 969 724 998 sed
754 969 839 999 locus
871 970 939 999 coeli

167 1021 311 1060 empyrei
335 1023 381 1050 est
402 1021 507 1059 magis
533 1021 591 1050 sibi
614 1021 804 1052 conveniens
826 1031 833 1052 ε
860 1031 940 1061 ergo

167 1074 285 1113 appetit
300 1082 367 1103 esse
383 1073 441 1103 ibi:
466 1073 519 1103 sed
542 1074 701 1104 inclinatio
717 1079 763 1104 est
783 1075 940 1114 appetitus

167 1126 318 1156 naturalis
332 1135 339 1156 ε
356 1134 435 1164 ergo
448 1149 455 1163 7
478 1128 535 1156 ete.

208 1181 237 1209 4.
255 1178 332 1209 Item
348 1188 442 1209 omne
457 1179 541 1218 quod
553 1180 683 1218 quiescit.
698 1180 827 1218 alicubi,
848 1182 939 1211 habet

168 1231 234 1262 vim
250 1232 355 1272 ipsum
370 1232 411 1261 ibi
428 1232 638 1262 stabilientem
655 1243 661 1262 ε
675 1233 727 1263 sed
744 1242 858 1273 corpus
875 1236 940 1273 glo-

169 1285 288 1315 riosum
306 1284 438 1324 quiescit
455 1285 488 1314 in
503 1285 579 1315 ccelo
598 1296 603 1314 :
626 1294 705 1324 ergo
724 1286 767 1315 ibi
783 1288 940 1318 stabilitur

171 1349 226 1379 per
241 1339 380 1379 aliquam
394 1339 545 1370 virtutem
563 1351 569 1369 z
594 1340 647 1370 sed
665 1341 766 1371 virtus
782 1342 940 1372 stabiliens

172 1393 206 1422 in
229 1392 297 1423 loco
317 1392 447 1423 inclinat
471 1392 510 1422 ad
532 1392 635 1423 locum
661 1393 906 1425 determinatum
932 1405 938 1423 :

172 1454 245 1484 ergo
259 1469 266 1482 ,
283 1448 341 1476 etc.

212 1499 346 1529 Contra:
372 1499 490 1538 Corpus
508 1499 584 1529 illud
605 1502 652 1529 est
668 1508 723 1538 per
744 1501 851 1530 omnia
865 1501 939 1532 obe-

171 1552 260 1583 diens
280 1552 396 1582 animae
423 1564 428 1582 :
454 1561 532 1591 ergo
552 1552 578 1582 si
600 1552 747 1583 voluntas
769 1553 822 1583 illa
842 1557 941 1594 potest

172 1614 300 1636 movere
315 1605 354 1635 ad
374 1614 502 1636 omnem
523 1605 732 1635 differentiam
756 1607 918 1646 positionis
931 1632 938 1644 ,

172 1661 202 1689 et
216 1667 308 1698 aeque
324 1659 364 1689 ad
380 1667 477 1689 unam
494 1658 573 1688 sicut
589 1659 627 1689 ad
645 1658 738 1689 aliam
752 1670 759 1695 ;
776 1669 854 1698 ergo
870 1669 938 1691 cor-

171 1721 231 1751 pus
240 1711 416 1750 gloriosum
425 1720 489 1741 non
498 1712 602 1749 magis
609 1711 777 1741 inclinatur
783 1712 822 1743 ad
831 1722 939 1751 unam,

171 1773 269 1804 quam
281 1764 320 1794 ad
336 1764 441 1794 aliam.

212 1818 289 1849 ltcm
301 1841 311 1856 ,
328 1818 412 1857 quod
427 1817 521 1847 habet
536 1817 772 1848 inclinationem
787 1819 826 1849 ad
843 1828 940 1849 unam

172 1872 309 1910 partem,
328 1871 354 1900 si
371 1873 516 1900 movetur
530 1870 569 1900 ad
584 1871 774 1910 oppositam,
794 1875 941 1902 movetur

171 1934 244 1955 cum
259 1924 442 1964 fatigatione
457 1926 487 1954 et
502 1932 595 1963 poena
608 1935 613 1953 ι
631 1933 710 1963 ergo
725 1925 751 1954 si
766 1925 843 1955 illud
856 1926 942 1955 incli-

172 1980 302 2008 naretur
329 1986 475 2014 sursum,
499 1979 529 2006 et
553 1979 735 2007 moveretur
763 1978 938 2016 deorsum,

173 2033 253 2061 esset
266 2030 307 2060 ibi
323 2030 411 2060 labor
427 2032 458 2060 et
474 2039 580 2069 poena.

213 2083 308 2121 ltem,
325 2083 409 2123 quod
424 2083 541 2122 appetit
555 2092 656 2113 unum
674 2083 794 2121 locum,
812 2084 837 2114 si
852 2087 942 2115 extra

173 2137 264 2168 illum
281 2138 429 2176 ponatur,
450 2136 585 2166 efficitur
600 2136 751 2175 ¹indigens
775 2139 805 2167 et
823 2137 939 2176 imper-

176 2190 292 2220 fectum
311 2200 317 2219 :
336 2198 414 2228 ergo
429 2189 455 2218 si
471 2198 586 2228 corpus
609 2189 784 2228 gloriosum
807 2190 939 2220 inclina-

173 2245 261 2273 retur
275 2242 314 2272 ad
336 2242 474 2281 aliquem
498 2242 604 2272 locum
627 2242 801 2272 seeundum
820 2243 941 2282 appeti-

173 2296 259 2332 tum,
279 2297 334 2325 aut
347 2294 541 2334 impossibile
556 2295 731 2334 essetqnod
749 2294 820 2325 inde
836 2304 941 2325 move-

172 2350 271 2386 retur,
287 2349 343 2378 aut
366 2348 389 2377 si
408 2347 481 2377 inde
502 2349 692 2385 moveretur,
719 2350 799 2378 esset
820 2348 940 2387 imper-

172 2401 299 2431 fectum.

1708 260 1766 289 599

1276 390 1501 421 CONCLUSIO.

997 478 1118 512 Corporis
1136 478 1244 511 qlorz'osi
1264 478 1373 511 ayilitas
1390 485 1442 503 non
1460 477 1572 503 inclinat
1594 476 1630 502 ad
1649 475 1765 509 aliquem

1034 523 1117 548 locum
1139 522 1359 553 determinatum,
1384 522 1449 556 qnia
1469 521 1586 554 seqnitur
1606 519 1764 545 inclinatio-

1034 574 1090 593 nem
1107 567 1213 592 animoa.

1038 650 1127 689 Hesp.
1143 650 1180 680 ati
1195 659 1266 688 arg.
1283 649 1454 680 Dicendum
1467 648 1550 687 quod
1567 647 1712 677 habilitas
1726 646 1764 676 ad

998 706 1120 733 motum
1137 703 1279 742 sequitur
1294 701 1542 737 inclinationem,
1560 702 1590 729 et
1605 699 1764 729 inclinatio

997 757 1154 796 appetitus
1163 758 1209 785 cst.
1217 758 1360 794 respectu
1371 754 1576 794 perfectionis,
1588 754 1662 792 quia
1675 762 1764 792 prop-

997 813 1044 840 ter
1057 810 1143 840 illam
1159 812 1215 840 est.
1234 809 1390 846 Quoniam
1406 808 1506 846 igitur
1521 816 1634 845 corpus
1649 806 1764 844 glorio-

997 873 1067 894 sum
1085 865 1183 893 totam
1200 872 1266 892 sua?
1282 862 1468 897 existentiae,
1485 863 1515 891 et
1529 859 1715 895 nobilitatis,
1735 862 1765 888 et

997 916 1173 947 stabilitatis
1193 916 1349 946 rationem
1371 915 1468 945 trahit
1491 914 1530 944 ab
1550 913 1675 946 anima,
1696 913 1764 942 ideo

997 969 1158 1000 inclinatio
1169 971 1237 1008 ejus
1249 969 1344 999 estad
1356 969 1506 1005 animam7
1521 976 1584 997 non
1595 967 1634 997 ad
1646 966 1762 1005 aliquid

996 1025 1095 1052 extra.
1114 1022 1151 1052 Et
1166 1022 1317 1061 quoniam
1334 1021 1459 1060 agilitas
1474 1020 1617 1059 sequitur
1632 1018 1762 1049 inclina—

995 1075 1114 1105 tionem
1125 1098 1134 1112 ,
1152 1076 1183 1104 et
1206 1074 1311 1104 anima
1327 1076 1427 1113 potest
1446 1074 1573 1103 movere
1588 1072 1622 1101 in
1637 1080 1765 1101 onmem

996 1128 1205 1157 differentiam
1220 1127 1394 1166 positionis,
1410 1127 1479 1156 ideo
1490 1128 1521 1156 et.
1532 1134 1647 1164 corpus
1660 1124 1766 1154 habile

996 1181 1035 1211 ad
1050 1190 1177 1210 omnem
1193 1181 1302 1210 situm.
1318 1180 1405 1210 Unde
1419 1180 1545 1218 agilitas
1560 1188 1623 1208 non
1635 1177 1765 1207 inclinat

996 1235 1034 1263 ad
1051 1234 1189 1273 aliquem
1207 1233 1313 1264 locum
1329 1233 1588 1269 determinatum,
1605 1234 1640 1261 ut
1651 1230 1763 1269 prolia-

996 1290 1063 1317 tum
1093 1289 1156 1324 est·‚
1183 1287 1236 1317 sed
1265 1289 1311 1316 est
1339 1285 1554 1326 promptitudo
1565 1308 1572 1321 ⁷
1598 1286 1631 1313 ut
1652 1292 1765 1323 corpus

997 1345 1163 1373 moveatur
1179 1343 1210 1372 in
1239 1351 1366 1373 omnem
1392 1342 1498 1372 locum
1518 1340 1557 1371 ad
1580 1348 1674 1379 quem
1698 1338 1766 1369 vult

997 1405 1126 1426 movere
1141 1396 1247 1426 anima
1260 1406 1266 1426 2
1280 1398 1309 1426 et
1322 1394 1528 1425 concedendae
1543 1395 1615 1423 sunt
1629 1392 1765 1422 rationes

997 1449 1034 1479 ad
1051 1449 1120 1478 hoc.

1038 1505 1066 1531 1.
1098 1501 1145 1531 Ad
1170 1500 1246 1531 illud
1275 1500 1359 1539 quod
1385 1499 1548 1538 objicitur,
1575 1499 1657 1539 quod
1684 1501 1765 1529 terra

997 1553 1257 1593 praedominatur,
1271 1553 1438 1583 (licendum
1458 1552 1543 1592 quod
1556 1553 1631 1592 quia
1645 1552 1765 1591 appeti·

998 1610 1048 1637 tus
1067 1607 1296 1636 elementorum
1325 1605 1461 1635 totaliter
1480 1605 1641 1644 quietatur
1661 1605 1694 1634 in
1714 1605 1766 1635 illo

997 1669 1144 1699 corpore,
1163 1660 1207 1689 ita
1228 1660 1309 1699 quos}
1327 1659 1450 1689 nullum
1474 1659 1665 1689 elementum
1682 1659 1713 1688 in
1730 1668 1767 1689 co

997 1713 1113 1752 appetit
1129 1721 1221 1742 suam
1237 1712 1411 1751 sphaeram;
1430 1711 1469 1750 (α)
1494 1711 1563 1741 ideo
1583 1711 1705 1741 ablatus
1721 1713 1766 1741 cst

998 1769 1088 1796 terrae
1103 1765 1260 1805 appetitus
1275 1765 1325 1794 illc
1337 1788 1344 1800 ‚
1361 1766 1391 1794 et
1406 1764 1558 1802 gravitas.

1036 1822 1065 1849 2.
1089 1819 1176 1855 Quod
1191 1818 1349 1857 objicitur,
1368 1818 1452 1857 quod
1473 1819 1586 1847 natura
1608 1819 1763 1853 servatur,

996 1875 1027 1903 et
1039 1872 1152 1901 vitium
1163 1871 1356 1907 ‹letrahitur3
1371 1870 1539 1900 <licendum
1552 1869 1635 1909 quod
1650 1869 1764 1899 vitium

996 1925 1110 1955 dicitur
1118 1933 1212 1954 omne
1223 1924 1305 1963 quod
1320 1924 1468 1963 importat
1480 1923 1764 1962 imperfectionem.

1037 1981 1064 2009 3.
1090 1978 1137 2008 Ad
1159 1977 1235 2007 illud
1257 1977 1341 2017 quod
1363 1976 1521 2015 objicitur,
1543 1975 1627 2015 quod
1649 1975 1766 2014 appetit

997 2031 1100 2071 magis
1115 2031 1306 2061 conveniens
1317 2054 1324 2067 ‚
1343 2030 1509 2060 dicendum
1528 2029 1612 2069 quod
1632 2029 1692 2059 hoc
1706 2037 1765 2059 ve—

996 2094 1068 2116 rum
1084 2086 1148 2121 est,
1165 2084 1190 2114 si
1206 2084 1259 2114 illo
1274 2083 1395 2122 indiget
1413 2094 1418 2113 z
1438 2083 1492 2114 sed
1508 2092 1624 2122 corpus
1643 2081 1765 2121 glorio-

997 2147 1068 2169 sum
1085 2137 1173 2168 nullo
1189 2137 1310 2176 indiget
1326 2137 1404 2167 loco.

1036 2194 1064 2221 4.
1089 2190 1137 2221 Ad
1162 2190 1311 2220 ultimum
1343 2189 1511 2220 dicendum
1535 2189 1620 2229 quod
1652 2197 1766 2228 corpus

997 2243 1153 2273 stabilitur
1167 2243 1198 2272 in
1215 2242 1300 2272 omni
1318 2242 1386 2273 loco
1408 2251 1462 2281 per
1477 2242 1633 2278 animam,
1650 2243 1681 2271 et
1698 2241 1765 2270 ani—

998 2305 1049 2326 ma
1064 2304 1120 2335 per
1139 2295 1254 2332 Deum,
1272 2296 1302 2325 et
1317 2295 1360 2325 sic
1376 2303 1439 2325 non
1455 2294 1579 2333 indiget
1601 2294 1661 2324 alia
1676 2293 1765 2324 incli-

997 2349 1132 2379 natione.

1029 2412 1061 2440 (a)
1078 2410 1137 2434 Coet.
1153 2410 1211 2433 edit.
1227 2409 1284 2433 add.
1300 2411 1333 2433 et.
