1991 3006
150 1988 254 2010 Fundam.

267 204 304 232 92

266 268 373 307 deleri,
389 269 621 309 quantumlibet
635 270 675 300 sit
688 279 815 310 parvuS,
832 270 963 300 morbus
973 269 1034 308 spi-

267 322 400 352 ritualis.
417 322 486 352 Non
497 332 575 361 ergo
590 323 692 361 gratia
706 324 786 353 sicut
802 322 967 359 medicina,
983 322 1037 352 sed

267 375 347 405 sicut
362 376 498 413 regitiva
513 376 615 406 virtus
630 381 675 407 est
688 388 694 414 ;
712 377 852 407 exterius
867 377 976 405 autem
991 384 1036 405 sa-

266 430 464 459 cramentum
479 431 526 459 est
540 429 619 460 sicut
642 430 796 460 medicina
807 455 814 467 ,
830 439 893 469 qua
908 438 970 458 non
987 428 1035 457 in-

266 482 352 521 diget
367 483 471 521 gratia
490 484 665 514 necessario
684 495 689 514 :
707 484 833 523 expedit
849 483 907 513 51111
932 485 1038 512 tamen

267 535 304 565 ad
329 536 525 566 curationem
551 537 699 574 venialis,
722 537 860 567 maxime
886 544 959 566 cum
986 535 1038 565 illa

267 589 426 627 aegritudo
440 591 487 619 est
503 590 790 620 consuetudinaria.

307 645 336 672 4.
353 642 399 672 Ad
425 643 501 673 illud
525 644 607 682 quod
633 644 802 683 objoeitur,
829 642 912 681 quod
937 643 1039 680 major

268 696 424 726 connexio
444 699 491 726 est
507 697 636 726 venialis
659 696 698 727 ad
720 696 852 733 veniale,
869 695 1037 725 dicendum

267 748 351 787 quod
369 749 490 779 veniale
505 750 571 779 sine
593 750 704 780 veniali
721 751 821 788 potest
837 748 949 785 deleri,
964 748 1039 787 quia

268 804 417 832 neutrum
432 803 676 833 fundamentum
699 802 825 832 virtutis
848 801 1038 832 vivificantis

268 857 298 884 et
313 855 452 885 sanantis
463 855 586 892 evertit,
598 856 713 885 scilicet
726 855 879 894 gratiam3
891 854 943 884 sed
958 864 1038 884 mor-

268 908 327 938 tale
342 908 477 948 extirpat
501 909 650 947 gratiam,
670 917 734 939 non
759 909 843 938 enim
864 907 960 937 simul
980 910 1040 937 stat

268 970 340 991 cum
356 961 422 992 vita
437 972 443 991 z
459 963 489 992 et
504 962 655 1001 quoniam
670 971 733 992 non
754 964 853 1001 potest
871 961 966 991 deleri
980 961 1037 991 ali-

268 1022 332 1052 qua
347 1012 439 1052 culpa
455 1012 521 1043 sine
544 1013 664 1052 gratia,
685 1013 753 1043 idco
780 1013 887 1043 nullus
908 1012 1039 1043 morbus

267 1066 362 1095 etiam
379 1065 532 1096 minimus
555 1068 655 1106 potest
670 1066 784 1103 deleri,
802 1066 880 1105 quin
900 1066 1040 1096 deleatur

267 1119 370 1149 omnis
385 1120 526 1149 mortalis
538 1120 630 1159 culpa
647 1131 653 1150 :
670 1130 733 1150 non
749 1120 793 1149 510
808 1121 915 1150 autem
942 1122 989 1150 est
1007 1120 1039 1150 in

266 1173 403 1210 veniali,
419 1182 477 1213 pro
502 1183 538 1204 eo
560 1174 644 1213 quod
667 1177 841 1213 utrumque
863 1173 959 1203 simul
979 1176 1039 1203 stat

267 1235 339 1256 cum
356 1227 469 1265 gratia.

307 1282 335 1309 5.
352 1279 400 1310 Ad
412 1280 488 1310 illud
500 1279 582 1319 quod
595 1280 744 1318 objicitur
755 1279 793 1309 (le
808 1289 845 1309 eo
856 1280 910 1319 qui
926 1280 958 1309 in
974 1279 1040 1309 solo

267 1332 381 1363 veniali
396 1333 530 1370 decedit,
554 1333 724 1363 dicendum
751 1333 836 1371 quod
861 1333 973 1372 positio
994 1334 1041 1362 est

267 1386 491 1426 impossibilis3
507 1389 538 1416 et
552 1386 621 1417 ideo
634 1395 697 1416 non
713 1388 758 1416 est
775 1386 894 1416 mirum
910 1387 934 1416 si
957 1387 1038 1416 acci-

268 1440 320 1469 dat
342 1439 533 1479 impossibile
561 1451 566 1469 :
592 1439 617 1469 si
641 1441 747 1469 tamen
774 1439 888 1478 aliquis
914 1439 1041 1469 decedat

268 1502 342 1523 cum
357 1493 506 1532 originali
521 1495 551 1523 et
566 1493 693 1530 veniali,
713 1493 763 1523 vel
784 1502 858 1523 cum
879 1493 993 1524 veniali
1011 1495 1041 1523 et

268 1545 404 1583 mortali,
415 1546 564 1585 punietur
580 1555 637 1585 pro
648 1546 762 1576 veniali
775 1546 937 1585 aliquanta
947 1556 1040 1586 pcena

268 1598 442 1635 intensive3
464 1599 518 1629 sed
545 1599 666 1629 ratione
690 1599 829 1638 adjuncti
862 1608 955 1638 poena
988 1600 1041 1630 illa

268 1652 328 1682 erit
348 1654 485 1690 aeterna,
501 1661 564 1682 non
592 1652 712 1682 ratione
732 1653 830 1692 ipsius
855 1653 956 1692 culpae
982 1663 1040 1684 ve·-

268 1705 371 1736 nialis.

516 1776 719 1813 QUAESTm
749 1777 790 1808 11.

294 1853 338 1879 An
352 1854 461 1887 peccata
476 1853 595 1879 venialia
608 1854 711 1887 possint
726 1854 809 1880 deleri
824 1862 841 1879 a
856 1855 947 1887 qratia
961 1856 1017 1881 sine

559 1898 718 1924 contritione
735 1899 752 1924 ¹.

311 1972 423 2003 Utrum
433 1972 571 2003 venialia
584 1973 703 2012 possint
717 1972 814 2003 deleri
827 1982 845 2003 a
856 1973 960 2011 gratia
975 1973 1041 2003 sine

270 2025 467 2062 contritione,
484 2026 550 2055 sive
566 2025 709 2055 interiori
720 2034 827 2064 poena3
845 2028 875 2055 et
891 2026 974 2064 quod
985 2027 1040 2064 sic,

270 2078 395 2109 videtur
414 2088 471 2118 per
492 2079 585 2116 illud,
606 2078 691 2118 quod
711 2079 846 2108 habetur
870 2079 903 2109 iu
927 2079 1038 2117 littera,

270 2132 355 2172 quod
370 2132 557 2163 estverbum
569 2132 714 2171 Gregorii
733 2143 739 2162 :
759 2143 772 2160 (ι
787 2132 875 2168 Quod
889 2135 935 2163 est
949 2135 1042 2171 gutta

270 2194 363 2225 aquae
377 2185 417 2216 ad
431 2186 593 2216 caminum
606 2185 693 2224 ignis
704 2209 712 2222 ,
729 2185 789 2215 hoc
804 2188 850 2215 est
862 2186 985 2216 veniale
1002 2187 1041 2217 ad

270 2239 427 2270 fervorem
451 2239 611 2270 charitatis
635 2250 641 2269 ε
663 2250 676 2266 n
704 2248 782 2277 ergo
806 2239 933 2269 videtur
958 2240 1042 2279 quod

271 2293 303 2322 in
326 2293 392 2323 solo
416 2292 576 2323 charitatis
603 2292 725 2322 fervore
749 2293 847 2332 possit
866 2292 961 2323 deleri
986 2302 1040 2324 ve-

271 2346 362 2376 niale.

314 2399 403 2436 Item,
419 2398 497 2429 sicut
513 2398 677 2437 colligitur
693 2408 733 2429 ex
747 2399 853 2429 verbis
870 2399 1041 2438 Augustini

273 2452 305 2481 in
331 2451 412 2481 libro
430 2452 668 2490 Confessionum
681 2452 692 2468 ⁹
710 2464 715 2483 :
739 2464 753 2481 (1
767 2451 895 2482 Veniale
912 2462 976 2483 non
997 2455 1043 2483 est

272 2505 368 2542 aliud,
385 2514 481 2544 quam
497 2505 601 2535 minor
622 2514 711 2535 amor
735 2505 789 2535 Dei
806 2516 812 2535 :
831 2516 844 2533 n
864 2514 942 2544 ergo
959 2506 1042 2545 quod

310 2605 315 2619 ¹
333 2603 373 2634 Cf.
394 2603 465 2627 Alex.
481 2603 576 2634 Ateus,
589 2610 614 2633 p.
633 2603 675 2631 IV,
692 2610 716 2633 q.
733 2608 775 2633 XV,
791 2603 897 2627 membr.
912 2605 935 2633 3,
950 2606 996 2627 art.
1019 2606 1042 2635 4,

274 2640 332 2670 {23
349 2640 374 2663 S.
391 2639 490 2668 Thom.,
511 2645 535 2669 p.
555 2639 602 2667 ΙΙΙ,
623 2646 647 2669 q,
666 2644 782 2668 mxxvii,
797 2640 844 2662 art.
863 2640 892 2668 33
914 2639 1041 2669 Richard,

276 2675 307 2699 IV
330 2674 408 2703 Sent..
429 2674 486 2698 (fist.
508 2680 568 2705 xm,
591 2675 639 2698 art.
666 2676 695 2703 2,
721 2680 746 2705 q.
770 2679 802 2704 11;
827 2674 913 2705 Steph.
939 2675 1042 2706 Brulef„

830 200 1137 233 SENTENTIARUM
1159 202 1234 233 LlB.
1261 202 1308 234 IV.

1091 269 1227 300 excludit
1256 270 1474 301 remissionem
1494 269 1628 307 amoris,
1655 269 1792 300 excludit
1806 278 1862 300 ve-

1090 324 1183 361 niale,
1198 326 1228 354 et
1242 324 1341 354 delet:
1359 324 1412 354 sed
1427 324 1578 361 0111111185,
1596 322 1682 352 nulla
1703 323 1781 353 sacta
1798 331 1863 352 me-

1091 376 1250 414 ditatione,
1264 380 1364 417 potest
1377 378 1481 415 magis
1491 379 1521 408 et
1533 376 1638 415 magis
1651 375 1859 406 inflammari:

1091 439 1182 469 erge,
1197 433 1255 460 etc.

1133 483 1211 513 Item
1230 483 1375 522 possibile
1399 489 1445 513 est
1462 484 1587 522 justum
1609 482 1663 522 qui
1686 482 1782 512 habet
1807 490 1861 512 ve-

1092 535 1205 573 nialia,
1228 536 1309 566 111011
1330 536 1525 572 dormiendo,
1542 535 1593 565 vel
1610 536 1652 565 ita
1675 534 1760 574 quod
1775 533 1864 564 cadat

1092 589 1123 618 111
1140 590 1254 619 furlum
1270 599 1277 619 :
1294 599 1372 627 ergo
1383 598 1455 619 cum
1472 588 1555 618 ultra
1570 597 1633 618 non
1649 588 1688 618 sit
1699 588 1787 618 locus
1801 596 1864 627 poe-

1092 643 1244 679 nitentiac,
1266 645 1296 673 et
1313 652 1439 673 necesse
1453 642 1491 672 sit
1511 641 1563 671 illa
1586 641 1722 672 venialia
1744 641 1862 678 deleri,

1091 696 1167 735 quia
1189 696 1375 735 aliquando,
1398 704 1472 725 cum
1491 695 1602 724 habeat
1623 694 1776 732 gratiam,
1791 703 1862 734 per-

1092 749 1201 780 venire
1221 749 1311 779 dehet
1333 749 1371 779 ad
1393 748 1530 786 gloriam
1548 759 1554 778 ε
1572 755 1652 786 ergo
1668 749 1799 786 possunt
1813 756 1866 777 ve-

1093 801 1188 831 nialia
1203 801 1297 831 deleri
1314 810 1370 840 per
1383 801 1519 839 gratiam
1535 801 1603 830 51118
1617 800 1812 840 poenitentia.

1134 854 1211 884 Item
1238 854 1371 883 mortale
1406 853 1761 893 improportionabiliter
1795 853 1865 892 plus

1092 907 1223 938 offendit
1246 908 1359 945 Deum,
1377 916 1474 947 quam
1491 906 1635 937 veniale:
1655 906 1708 936 sed
1731 906 1866 936 minima

1093 961 1240 991 contritio
1254 961 1368 991 sufficit
1384 961 1422 990 ad
1442 960 1612 991 delendum
1636 959 1769 989 mortale
1791 968 1865 989 cum

1094 1014 1221 1052 gratia:
1241 1023 1320 1053 ergo
1345 1014 1382 1044 ad
1409 1013 1577 1044 delendum
1599 1013 1721 1044 veniale
1751 1012 1866 1043 sufficit

1093 1067 1158 1097 sola
1171 1067 1283 1103 gratia.

1135 1120 1212 1150 Item
1229 1121 1366 1151 venialia
1380 1120 1523 1150 delentur
1541 1120 1654 1150 virtute
1676 1120 1865 1151 sacramenti

1094 1175 1246 1204 extremze
1263 1174 1441 1210 unctionis,
1472 1174 1588 1203 virtute
1613 1173 1709 1204 etiam
1740 1173 1864 1204 Eucha-

1094 1228 1212 1264 ristiae,
1237 1229 1316 1259 sicut
1349 1238 1446 1268 supra
1475 1229 1620 1259 habitum
1652 1231 1724 1266 est,
1749 1231 1779 1259 et
1808 1237 1863 1259 ex-

1095 1290 1200 1320 presse
1217 1282 1292 1312 (licit
1314 1282 1522 1318 Ambrosius;
1549 1284 1580 1312 et
1603 1291 1659 1321 per
1682 1282 1865 1313 Orationem

1095 1334 1327 1373 dominicalem,
1338 1337 1367 1365 et
1382 1334 1633 1365 benedictionem
1644 1335 1865 1375 episcopalem,

1095 1387 1176 1417 sicut
1207 1388 1311 1418 dicunt
1346 1388 1487 1427 Magistri
1516 1388 1732 1419 communiter
1753 1397 1761 1419 ε
1787 1397 1867 1427 ergo

1095 1449 1159 1470 non
1181 1443 1229 1471 cst
1247 1441 1461 1476 necessarium
1481 1442 1617 1479 conteri,
1638 1441 1712 1480 quia
1734 1441 1795 1471 alia
1824 1443 1870 1472 est

1096 1495 1147 1525 via
1162 1495 1325 1525 deletionis
1343 1504 1348 1523 :
1367 1504 1441 1524 cum
1457 1503 1534 1533 ergo
1549 1504 1604 1534 per
1619 1495 1687 1525 haec
1702 1495 1870 1525 remittan-

1096 1551 1158 1585 tur,
1172 1550 1202 1577 et
1217 1548 1311 1577 etiam
1329 1557 1384 1587 per
1394 1548 1627 1585 contritionem,
1640 1550 1671 1578 et
1680 1547 1868 1578 exteriorem

1096 1601 1354 1638 satisfactionem,
1371 1603 1400 1631 et
1417 1610 1472 1640 per
1489 1601 1700 1641 baptismum,
1715 1601 1871 1641 quaeritur

1096 1664 1152 1694 per
1162 1663 1258 1693 quam
1270 1656 1418 1684 naturam
1436 1663 1638 1684 communem
1653 1654 1729 1684 insit
1737 1654 1787 1685 his
1801 1655 1869 1686 haec

1097 1707 1200 1746 passio
1216 1708 1405 1737 communis.

1137 1759 1251 1790 Contra
1267 1771 1272 1790 :
1293 1760 1397 1799 Supra
1412 1760 1558 1798 habetur,
1573 1760 1628 1790 ubi
1643 1761 1751 1800 agitur
1765 1761 1803 1792 de
1819 1770 1867 1792 re·
1884 1777 1926 1800 Μ,
1937 1784 1988 1805 091„

1098 1813 1245 1844 missione
1264 1813 1451 1850 venialium,
1469 1813 1535 1843 sive
1547 1813 1585 1843 de
1602 1814 1803 1852 pcenitentia,
1820 1815 1866 1846 di-

1097 1867 1138 1896 cit
1158 1866 1326 1905 Magister,
1349 1866 1433 1906 quod
1456 1866 1494 1896 ad
1516 1866 1736 1897 remissionem
1758 1867 1869 1898 venia-

1097 1920 1176 1950 lium
1202 1920 1318 1950 susficit
1339 1920 1444 1951 Oratio
1477 1919 1634 1950 dominiCa
1662 1929 1740 1950 cum·
1763 1920 1869 1960 aliquo

1094 1973 1218 2013 jejunio
1233 1975 1263 2002 et
1278 1973 1499 2013 eleemosynis,
1517 1972 1560 2003 sic
1575 1975 1681 2003 tamen
1700 1975 1736 2004 ut
1749 1982 1867 2013 1118808-

1097 2025 1149 2055 dat
1173 2026 1318 2055 contritio
1340 2025 1536 2064 aliquantula
1553 2036 1559 2055 :
1583 2035 1663 2064 ergo
1682 2035 1747 2057 non
1767 2029 1870 2066 potest

1097 2087 1154 2117 pro
1177 2078 1230 2108 illa
1252 2079 1343 2118 culpa
1358 2078 1426 2108 fieri
1441 2078 1609 2109 satisfactio
1623 2087 1785 2118 congrua,
1808 2080 1869 2110 nisi

1097 2130 1253 2170 pracedat
1268 2131 1398 2161 interior
1410 2131 1594 2171 poenitentia
1607 2142 1613 2161 :
1631 2140 1722 2170 ergo,
1739 2134 1798 2163 ete.

1138 2186 1167 2213 Ξ.
1187 2184 1263 2214 Item
1287 2185 1416 2223 majoris
1433 2185 1635 2215 adhaerentiae
1659 2186 1704 2215 est
1726 2185 1868 2224 veniale,

1098 2246 1195 2276 quam
1205 2238 1349 2268 mortale:
1360 2238 1412 2268 sed
1421 2238 1552 2269 mortale
1559 2247 1725 2278 nunquam
1734 2238 1867 2276 deletur,

1098 2291 1159 2320 11151
1174 2291 1310 2321 liberum
1332 2292 1500 2322 arbitrium
1516 2291 1555 2322 ab
1570 2300 1607 2321 eo
1633 2291 1795 2321 dissentiat
1813 2301 1870 2332 per

1098 2345 1203 2374 actum
1228 2344 1446 2374 contritionis:
1467 2353 1545 2383 ergo
1567 2344 1668 2374 multo
1691 2344 1804 2375 fortius
1818 2345 1869 2376 vi—

1098 2399 1189 2429 detur
1205 2398 1242 2428 de
1256 2399 1383 2429 veniali.

1139 2454 1166 2482 3.
1192 2451 1281 2489 Item,
1302 2451 1429 2491 quando
1452 2451 1566 2491 aliquae
1582 2451 1653 2482 duae
1666 2451 1779 2483 formae
1802 2461 1869 2484 sese

1098 2505 1343 2544 compatiuntur,
1355 2514 1420 2536 una
1428 2514 1484 2545 per
1498 2514 1530 2535 se
1541 2514 1605 2535 non
1616 2505 1743 2544 expellit
1753 2505 1866 2537 aliam:

1100 2604 1131 2628 IV
1150 2604 1230 2634 Seni„
1245 2603 1300 2628 dist.
1317 2610 1370 2633 xxi,
1386 2611 1409 2635 (1.
1428 2609 1460 2633 11;
1478 2604 1543 2627 Petr.
1564 2603 1594 2627 de
1612 2604 1723 2635 Tarant,
1741 2603 1772 2627 IV
1789 2603 1867 2631 Seni..

1098 2639 1155 2664 dist.
1173 2646 1226 2669 xxi,
1239 2647 1263 2671 q.
1280 2646 1313 2663 12..
1324 2654 1354 2657 —
1364 2640 1372 2654 Ἀ
1382 2641 1455 2670 Aug„
1472 2639 1544 2669 Conf.
1557 2639 1600 2663 lib.
1618 2640 1648 2670 x,
1661 2648 1684 2663 c.
1698 2645 1770 2670 mx,
1783 2640 1867 2672 quoad

1098 2682 1209 2700 sensum.
