1991 3006
249 184 307 212 606

248 250 379 288 possunt
395 258 413 277 a
428 248 511 277 statu
533 244 736 276 beatitudiuis
760 252 909 273 amovere
925 252 932 272 :
951 243 1019 273 'ideo

250 301 282 332 in
299 300 474 339 semetipsis
494 299 699 330 vehementer
715 298 877 328 tabescunt
893 299 924 327 et
944 306 1016 327 con-

249 355 436 385 funduntur.
465 352 705 384 Concedendum
735 354 782 381 est
813 360 890 388 ergo
918 350 1017 389 quod,

249 407 440 447 generaliter
459 406 637 445 loquendo,
664 405 792 435 mallent
818 413 928 433 omnes
954 412 1020 433 esse

248 461 395 498 miseros,
412 469 524 500 quam,
546 460 620 499 ipsis
647 457 856 489 existentibus
876 456 1018 493 miseris,

247 514 368 554 aliquos
383 523 450 544 esse
469 513 592 550 beatos;
609 514 640 542 et
655 511 862 542 concedenda}
878 512 951 539 sunt
968 518 1017 540 ra-

247 567 347 597 tiones
363 566 400 597 ad
417 567 487 597 hoc.

288 622 316 651 1.
340 620 388 651 Ad
412 620 489 651 illud
514 619 598 659 quod
621 618 768 657 objicitur
790 618 826 647 ele
849 617 901 647 illo
924 616 1020 647 divite

247 674 302 714 qui
319 673 446 704 nolebat
459 673 570 703 fratres
586 671 741 708 damnari,
753 670 921 700 (licendum
936 669 1019 708 quod

246 726 393 769 quamvis
412 726 445 756 in
466 725 607 765 generali
633 724 772 755 damnati
799 722 899 752 nolint
915 722 1020 752 videre

247 781 353 812 beatos
370 780 508 819 aliquos,
533 779 586 810 sed
611 787 721 809 omnes
743 777 888 813 miseros3
914 779 1018 806 tamen

247 835 322 874 quia
347 833 511 873 specialius
536 833 653 863 habent
672 831 852 869 aliquorum
878 838 1019 859 amorem

247 887 425 918 naturalem
442 889 472 916 et
492 886 650 925 privatum
662 908 671 921 ,
693 883 811 913 nollent
832 884 915 922 ipsos
930 882 1018 912 ilani—

247 941 326 979 nari,
344 941 412 971 aliis
427 939 634 970 existentibus
650 938 682 967 in
698 939 780 967 statu
796 936 926 974 gloriae;
945 935 1019 974 quia

247 995 306 1025 etsi
331 994 373 1024 illi
405 994 615 1029 damnentur,
645 994 751 1021 tanxen
780 990 883 1020 adhuc
914 991 1016 1019 inaniet

247 1047 426 1085 aemulatio,
456 1049 486 1077 et
514 1046 634 1076 occasio
657 1043 858 1075 tabescenili:
885 1052 948 1072 non
977 1042 1019 1071 sic:

247 1104 327 1132 esset
343 1101 380 1131 de
396 1100 555 1131 omuibus,

287 1156 316 1184 2.
342 1154 377 1185 Et
394 1163 448 1194 per
463 1154 521 1183 lioc
544 1155 627 1192 patet
646 1161 783 1191 sequens
802 1151 840 1180 de
856 1151 1019 1180 affectione

247 1207 382 1239 naturali
397 1218 403 1244 ;
420 1210 527 1237 tamen
542 1205 645 1236 nullos
668 1205 711 1235 ita
731 1204 871 1242 diligunt
887 1207 1019 1241 natura-

248 1262 332 1299 liter,
357 1261 434 1301 qnin
458 1259 574 1290 vellent
598 1268 651 1289 eos
669 1267 737 1288 esse
758 1257 934 1291 damnatos,
961 1256 1020 1286 hoc

249 1316 337 1354 pacto
363 1313 446 1353 quod
477 1312 555 1343 nulli
580 1313 683 1341 essent.
708 1310 800 1340 beati.
830 1309 1017 1348 Exemplum

248 1370 331 1408 patet
344 1368 375 1397 in
391 1366 520 1406 illisqui
537 1365 655 1395 habent
670 1364 778 1393 odium
795 1362 946 1402 capitale,
963 1363 1017 1401 qui

248 1421 426 1451 desiderant
448 1420 547 1450 vitam
576 1417 912 1456 ‹·oiisangiiine01·uni;
939 1418 1020 1446 atta—

249 1484 320 1505 men
345 1474 461 1504 vellent
485 1472 567 1512 quod
594 1471 684 1501 inulti
707 1479 747 1500 ex
769 1469 1020 1507 consanguineis

247 1530 351 1558 essent
365 1526 499 1563 mortui,
516 1528 551 1555 ut
566 1526 692 1564 possent
708 1523 855 1553 effectum
871 1523 1018 1552 vindictae

247 1582 285 1611 de
301 1580 435 1611 inimicis
451 1579 516 1609 suis
532 1578 672 1617 implere.

288 1636 316 1664 3.
340 1634 387 1664 Aa
405 1633 483 1663 illud
499 1632 583 1671 quod
600 1631 765 1668 objicitur,
786 1629 870 1668 quod
891 1629 915 1658 si
938 1630 1019 1659 desi-

248 1689 358 1719 derant
379 1685 631 1720 immunitionem,
648 1686 724 1719 etc.;
746 1683 913 1712 <licendum
936 1684 1019 1721 quod

248 1751 312 1771 non
332 1741 512 1771 desiderant
531 1737 766 1768 damnationem
789 1745 1019 1774 quorumcum-

248 1804 324 1835 que,
341 1794 392 1825 setl
410 1802 520 1824 eorum
544 1791 660 1831 quibus
681 1790 838 1826 invident,
857 1791 1019 1829 propterea

247 1849 321 1889 quia
336 1848 443 1878 vident
463 1855 517 1876 eos
533 1845 685 1876 elevatos,
707 1852 747 1873 ex
770 1852 908 1882 quorum
929 1852 1019 1873 eom—

248 1903 409 1942 paratione
420 1899 673 1935 confunduntur,
687 1900 717 1928 et
728 1897 779 1927 isti
794 1900 868 1927 sunt
876 1897 958 1927 beati
970 1909 976 1934 ;
990 1901 1020 1928 et

248 1957 324 1996 quia
347 1956 407 1986 hoe
429 1954 571 1985 obtinere
597 1961 659 1982 non
684 1953 834 1990 possunt,
862 1951 931 1980 ideo
956 1960 1019 1982 non

249 2010 480 2048 consequentur
506 2006 577 2036 inde
601 2004 765 2039 solatium,
787 2003 839 2033 sed
864 2013 1018 2042 magnum

249 2062 450 2102 supplicium.

288 2118 317 2146 4.
339 2116 386 2146 Ad
402 2114 477 2145 iliud
492 2113 576 2153 quod
596 2113 759 2151 refugiunt
780 2111 1017 2149 desolationem,

249 2169 415 2199 dicendum
436 2166 519 2207 quod
543 2165 624 2195 sicut
646 2165 742 2195 homo
765 2173 878 2201 sanus,
902 2165 934 2194 in
956 2174 1019 2204 quo

249 2224 294 2252 est
307 2224 422 2252 natura
435 2221 515 2250 bene
530 2218 688 2257 disposita,
701 2217 819 2256 appetit
832 2217 948 2247 cibaria
958 2218 1018 2248 sibi

248 2273 474 2314 competentia,
502 2272 597 2302 homo
622 2279 697 2301 vero
727 2270 873 2300 infirmus
901 2271 1019 2309 appetit

249 2337 285 2358 ea
314 2336 386 2367 quae
421 2327 551 2361 nocent,
591 2324 665 2363 quia
694 2323 854 2354 existimat
883 2333 920 2354 ea
945 2333 1016 2363 pro-

249 2381 357 2412 desse:
383 2380 426 2409 sic
442 2379 543 2415 beati,
562 2380 712 2416 tanquam
729 2379 834 2406 mente
849 2377 938 2415 sani,
962 2387 1018 2417 ap-

251 2436 360 2474 petunt
387 2432 522 2463 alioruin
549 2430 826 2469 glorificatioimin,
852 2440 923 2469 quae
944 2440 1018 2462 vere

249 2489 296 2517 est
323 2486 367 2517 eis
396 2485 553 2525 proficua;
585 2484 723 2513 damnati
752 2493 827 2513 vero
853 2484 1017 2515 beatorum

249 2539 495 2576 damnationem,
512 2547 608 2577 quam
630 2537 810 2567 existimant
828 2538 884 2567 sibi
907 2538 1017 2568 utilem

287 2623 290 2636 ¹
306 2620 345 2650 Cf.
364 2621 388 2644 S.
410 2619 510 2648 Thom.‚
532 2618 556 2641 in
575 2616 663 2647 Suppl.
685 2624 709 2646 p.
730 2617 776 2646 111,
792 2623 817 2647 q.
831 2623 914 2646 xcvii,
930 2620 976 2641 art.
991 2619 1016 2648 45

251 2655 378 2685 Richard„
392 2654 422 2679 lV
435 2654 512 2683 Sent.‚
524 2652 582 2676 dist.
597 2654 679 2681 L,art.
695 2653 718 2682 5,
734 2659 758 2682 q,
776 2658 794 2682 [ς
812 2652 898 2682 steph.
915 2653 1017 2683 nrulef„

807 175 1110 207 SEN't'ENTtARmt
1136 177 1209 208 LlB.
1236 177 1284 208 lV.

1075 247 1103 273 et
1127 243 1360 281 delectabilem,
1377 244 1457 274 sicut
1477 244 1604 274 invidus
1620 243 1748 275 alterius
1766 244 1841 275 sub-

1077 297 1265 327 versionem.
1282 297 1447 335 Attamen,
1464 297 1490 327 si
1505 298 1656 335 eveniret,
1671 306 1734 328 non
1750 306 1845 338 prop-

1075 352 1122 379 ter
1151 350 1210 380 lioc
1243 350 1369 380 miseria
1398 359 1508 380 eorum
1543 350 1750 388 decresceret,
1780 351 1846 381 imo

1075 405 1296 433 succresceret.
1322 402 1419 433 Multa
1445 404 1531 434 enim
1562 404 1673 434 volunt
1700 404 1789 443 impii
1815 406 1846 434 et

1075 459 1268 496 peccatores,
1284 465 1356 495 quae
1373 456 1397 486 si
1413 457 1607 493 obtinerent,
1626 459 1730 487 essent
1750 457 1846 488 mise-

1075 510 1184 540 riores.
1213 509 1259 539 Aa
1286 509 1354 539 tiaec
1376 509 1594 540 confirmanda
1617 509 1754 540 multum
1774 509 1846 540 facit

1074 564 1245 594 auctoritas
1264 563 1436 602 Augustini
1454 563 1486 593 in
1508 563 1645 593 secundo
1659 563 1775 602 capite,
1791 562 1846 592 ubi

1074 617 1147 648 dicit
1163 617 1248 656 quod
1262 617 1319 653 ira,
1337 617 1445 647 ostium
1460 619 1490 647 et
1506 616 1630 646 caecitas
1643 616 1677 646 in
1691 615 1847 646 damnatis

1074 673 1265 701 excrescent.

1269 785 1545 818 ARTICULUS
1580 785 1625 818 ΙΙ.

1129 884 1379 922 Consequenter,
1410 884 1566 922 quantum
1597 881 1635 911 ad
1670 881 1845 912 secundum

1074 937 1242 966 articulum
1256 961 1262 973 ,
1293 936 1449 975 quaeritur
1477 935 1514 965 de
1542 935 1752 965 excaecatione
1778 934 1847 964 sive

1076 990 1295 1021 tenebrositate
1310 990 1535 1020 damnatorum
1547 1000 1555 1026 3
1567 988 1606 1019 de
1616 998 1680 1028 qua
1690 988 1752 1018 tria
1761 996 1847 1027 quae-

1075 1046 1208 1074 1·untur;
1226 1044 1328 1083 primo
1341 1043 1498 1082 quaeritur
1511 1045 1620 1073 utrum
1634 1042 1695 1072 sint
1709 1041 1753 1071 ibi
1763 1043 1847 1072 tene-

1076 1098 1141 1127 bue
1163 1097 1356 1137 corporales;
1376 1096 1529 1134 secundo,
1548 1098 1658 1126 utrum
1673 1095 1737 1126 sint
1755 1094 1787 1125 in
1802 1094 1847 1125 eis

1074 1150 1213 1180 tenebrae
1231 1150 1409 1189 spirituales
1422 1151 1579 1188 quantum
1595 1149 1634 1179 ad
1648 1150 1754 1179 actum
1769 1155 1845 1186 cog—

1075 1203 1240 1240 noscendi;
1256 1203 1358 1240 tertio,
1375 1205 1531 1242 quantum
1548 1202 1587 1232 ad
1603 1203 1710 1232 actum
1722 1208 1846 1231 memo—

1075 1256 1176 1287 randi.

1346 1318 1527 1357 QUAESTIO
1550 1318 1572 1348 1.

1147 1398 1192 1423 An
1208 1398 1237 1423 in
1252 1397 1357 1429 inferno
1373 1398 1449 1422 erunt
1464 1395 1576 1422 tenebrae
1587 1394 1736 1428 corporales
1756 1393 1775 1420 ¹.

1115 1474 1274 1510 Quantum
1291 1482 1368 1511 ergo
1383 1472 1421 1502 ad
1439 1472 1580 1511 primum
1595 1470 1639 1501 sic
1653 1469 1845 1510 proceditur,

1075 1529 1105 1558 et
1130 1526 1306 1557 ostenditur
1331 1526 1417 1565 quod
1437 1534 1501 1555 non
1525 1526 1619 1555 erunt
1642 1523 1685 1554 ibi
1708 1523 1846 1554 tenebrae

1075 1579 1264 1618 corporales,
1277 1579 1353 1618 quia
1363 1580 1485 1608 constat
1497 1578 1580 1616 quod
1592 1577 1717 1616 reprobi
1730 1576 1848 1607 habent

1076 1632 1247 1672 potentiam
1266 1632 1409 1668 videndi,
1433 1631 1483 1661 vel
1500 1631 1594 1660 etiam
1613 1628 1755 1660 habituri
1774 1630 1847 1658 sunt

1075 1688 1143 1725 post
1169 1685 1349 1724 ¹judiciuin:
1374 1693 1454 1722 ergo
1480 1692 1551 1714 cum
1578 1683 1665 1713 visus
1690 1684 1783 1712 natus
1807 1681 1847 1712 sit

1075 1739 1163 1768 exire
1190 1739 1223 1768 in
1255 1741 1373 1774 actum,
1399 1737 1523 1767 videtur
1547 1735 1631 1776 quod
1660 1735 1768 1766 videre
1792 1734 1845 1765 de-

1076 1792 1167 1822 beant
1199 1803 1204 1822 :
1237 1792 1290 1821 sed
1322 1800 1386 1822 non
1422 1793 1467 1821 est
1500 1790 1606 1821 videre
1639 1789 1706 1820 sine
1739 1789 1808 1819 luce
1838 1798 1844 1818 :

1075 1854 1174 1884 ergo,
1192 1848 1250 1875 etc.

1118 1899 1193 1929 ltein
1211 1899 1285 1929 boni
1303 1898 1454 1928 videbunt
1466 1896 1546 1926 alios
1561 1894 1690 1926 Sanctos
1701 1895 1741 1925 ad
1755 1902 1846 1925 suam

1076 1953 1212 1991 glorium
1225 1976 1232 1989 ,
1252 1952 1391 1981 maxime
1411 1950 1480 1981 illos
1500 1958 1581 1989 quos
1595 1949 1819 1979 converterunt
1837 1957 1844 1977 :

1075 2016 1155 2045 ergo
1170 2006 1332 2043 similiter,
1348 2006 1374 2035 si
1396 2005 1469 2035 mali
1485 2005 1600 2036 debent
1613 2003 1750 2034 invicem
1770 2010 1844 2032 con-

1075 2060 1180 2096 fundi,
1198 2060 1337 2090 maxime
1356 2059 1412 2098 qui
1435 2058 1504 2088 aliis
1525 2057 1647 2087 malum
1662 2055 1846 2095 exemplum

1075 2113 1240 2149 dederunt,
1258 2113 1337 2143 sicut
1352 2113 1448 2142 Arius
1462 2123 1467 2142 1
1480 2120 1559 2150 ergo
1575 2109 1720 2140 similiter
1731 2108 1846 2140 debent

1075 2175 1127 2196 eos
1142 2166 1259 2197 videre.

1116 2219 1193 2249 Item
1223 2219 1281 2249 lux
1310 2218 1495 2248 naturaliter
1524 2216 1669 2256 sequitur
1695 2215 1806 2254 ignem
1835 2222 1844 2244 ι

1074 2282 1153 2312 ergo
1176 2272 1228 2302 ubi
1245 2274 1293 2302 est
1310 2271 1502 2310 aggregatio
1519 2270 1621 2308 ignis,
1639 2269 1683 2299 ibi
1696 2270 1727 2299 et
1744 2267 1845 2298 lumi-

1075 2327 1142 2356 nis:
1160 2325 1213 2356 sed
1228 2325 1297 2355 haec
1312 2327 1359 2355 est
1373 2324 1406 2354 in
1422 2324 1565 2354 inferno:
1583 2331 1673 2361 ergo,
1688 2324 1747 2352 etc.

1114 2379 1229 2409 Contra
1250 2379 1259 2393 ²
1290 2389 1296 2407 z

1074 2432 1221 2471 projicite
1243 2439 1313 2462 eum
1332 2432 1369 2461 in
1388 2430 1530 2461 tenebras
1545 2429 1717 2461 exteriores
1723 2437 1735 2467 ;
1750 2436 1845 2468 super

1075 2494 1138 2524 quo
1153 2484 1327 2523 Gregorius
1341 2484 1350 2500 ³
1365 2495 1372 2513 :
1395 2495 1409 2512 α
1423 2483 1455 2513 Si
1468 2483 1519 2512 ille
1534 2482 1620 2520 ignis
1632 2481 1736 2512 lucem
1752 2481 1845 2512 habe-

1077 2584 1106 2606 tV
1126 2584 1207 2611 Seni„
1229 2582 1286 2605 dist.
1306 2588 1329 2611 L,
1351 2589 1376 2612 q.
1395 2588 1432 2611 1v3
1455 2582 1521 2605 Petr.
1541 2580 1572 2603 de
1589 2580 1702 2609 Taraut„
1718 2579 1750 2602 lv
1766 2578 1845 2607 Sene„

1075 2618 1131 2642 dist.
1146 2624 1205 2649 L,i1.
1218 2624 1271 2641 xxi.
1284 2631 1312 2635 —
1323 2618 1330 2631 ²
1344 2616 1442 2645 Martii„
1454 2622 1519 2644 xxii,
1534 2616 1570 2639 13.
1584 2615 1632 2633 —³
1642 2615 1729 2645 Greg„
1742 2613 1846 2644 Μανικὰ,

1076 2654 1118 2678 tib.
1135 2654 1177 2683 lx,
1191 2661 1215 2678 e.
1231 2659 1340 2677 xxxviii.

1865 1482 1897 1504 Ad
1915 1488 1966 1509 opp.

1329 2378 1451 2416 Liqatz's
1475 2375 1610 2416 pedibus
1639 2378 1669 2406 et
1696 2373 1844 2407 manibus
1860 2363 1985 2409 runa-m.¹
