1991 3006
70 1873 102 1892 Ad
124 1878 175 1898 opp.

197 194 235 222 46

196 259 301 290 biliter
321 257 466 289 ordinem
488 255 726 293 sacerdotalem3
748 258 777 285 et
802 256 886 295 quod
911 256 970 293 sic,

194 312 320 343 videtur
336 322 343 342 :
361 310 437 351 quia
458 310 540 339 sicut
556 317 723 348 nunquam
738 308 870 338 iteratrr
885 307 969 338 ordi-

195 366 243 395 nis
257 364 468 401 consecratio,
484 363 527 392 sic
543 371 600 392 nec
618 362 750 392 iteratur
769 361 920 398 verbum,
937 361 969 391 in

194 428 258 459 quo
277 418 369 449 datur
389 419 526 457 potestas
548 415 687 446 clavium
704 425 711 445 :
729 423 808 453 ergo
823 415 902 444 sicut
919 414 969 444 ille

194 471 271 502 ordo
287 469 535 510 inseparabiliter
553 467 731 508 possidetur
752 469 880 506 propter
893 466 967 497 cha-

194 527 366 562 racterem,
392 523 518 555 videtur
546 522 689 553 similiter
713 521 798 561 quod
820 521 889 551 haec
913 529 969 560 po-

194 580 301 608 testas.

234 630 311 661 Item
324 631 460 670 potestas
475 629 535 660 ista
550 629 581 659 in
596 628 704 668 aliquo
718 629 780 665 est,
803 629 834 658 et
848 628 969 657 constat

192 683 277 724 quod
296 682 425 714 nonnisi
444 682 477 712 in
503 681 678 719 sacerdote,
704 690 767 711 non
792 680 967 710 secundum

192 745 336 774 carnem,
362 735 416 766 sed
439 734 613 765 secundum
635 733 775 764 animam
793 742 800 764 :
818 734 871 764 sed
895 742 968 773 quae

193 789 366 820 seeundum
381 788 523 819 animam
536 787 705 825 habentur,
721 796 794 818 cum
806 787 913 817 anima
928 787 967 817 sit

193 843 451 883 incorruptibilis,
469 852 531 873 non
546 842 678 882 possunt
688 841 817 878 auferri,
833 842 868 871 ut
883 842 967 879 patet

192 895 225 926 in
240 896 367 927 scientia
382 898 413 927 et
426 896 543 927 virtute
556 906 563 926 ε
576 904 654 934 ergo
669 894 740 925 talis
753 895 890 934 potestas
902 903 966 924 non

194 952 295 989 potest
310 949 441 980 auferri.

233 1002 322 1041 Item,
334 1002 359 1033 si
370 1002 570 1040 amittuntur,
582 1002 636 1032 aut
645 1010 725 1040 ergo
735 1002 864 1041 propter
876 1000 965 1039 igno-

192 1056 343 1094 rantiam,
367 1057 422 1086 aut
436 1057 564 1095 propter
579 1055 748 1093 malitiam,
769 1055 824 1084 aut
839 1055 966 1093 propter

192 1108 308 1140 subditi
319 1108 490 1139 carentiam
501 1119 507 1138 :
521 1117 584 1138 non
597 1109 725 1147 propter
736 1106 964 1146 ignorantiam,

192 1163 252 1193 hoc
276 1165 412 1200 constat;
440 1171 502 1192 non
527 1163 654 1201 propter
678 1160 850 1198 malitiam,
881 1159 965 1190 istud

191 1218 332 1253 constat,
359 1216 435 1256 quia
462 1215 536 1246 mali
560 1215 698 1251 habent,
726 1216 760 1244 ut
786 1213 894 1244 visum
919 1215 965 1243 est

191 1270 296 1309 prius3
324 1279 388 1300 non
410 1270 538 1309 propter
559 1268 759 1298 subditorum
778 1266 962 1303 carentiam,

191 1323 266 1363 quia
279 1323 306 1353 si
320 1323 390 1353 talis
404 1323 519 1352 faceret
534 1330 640 1351 carere
655 1320 753 1357 clave,
770 1321 847 1349 tune
860 1320 964 1348 muta-

191 1376 276 1406 tione
290 1375 491 1406 subditorum
506 1374 726 1404 amitterentur
740 1372 858 1409 claves,
879 1370 964 1410 quod

191 1431 237 1459 est
252 1428 416 1459 manifeste
431 1428 545 1458 salsum
564 1437 570 1457 :
587 1435 678 1465 ergo,
695 1427 754 1456 etc.

232 1483 320 1520 Item,
333 1483 358 1512 si
371 1481 488 1521 aliquid
498 1480 673 1511 necessario
686 1479 774 1518 ponit
784 1477 880 1516 aliud,
899 1486 962 1508 non

190 1538 291 1576 potest
308 1535 391 1565 aliud
412 1534 543 1572 auferri,
565 1533 643 1573 quin
662 1533 769 1572 ipsum
789 1531 961 1568 auferatur,

190 1589 275 1629 quod
298 1589 409 1629 ponit:
427 1587 480 1618 sed
503 1586 608 1626 aliquo
629 1586 710 1616 facto
732 1584 891 1615 sacerdote
915 1593 964 1614 se-

191 1642 333 1673 cundum
348 1641 492 1672 Ecclesia}
506 1640 653 1677 formam,
671 1638 776 1668 statim
792 1637 886 1667 habet
900 1637 961 1667 cla-

191 1706 265 1727 vem
282 1708 289 1727 :
306 1705 397 1735 ergo,
414 1696 534 1726 remota
549 1694 646 1731 clave,
664 1694 847 1723 removetur
860 1691 937 1721 ordo
954 1701 960 1720 ι

191 1750 244 1781 sed
269 1749 387 1780 ordinis
409 1749 572 1779 character
591 1756 654 1778 non
677 1748 777 1786 potest
796 1745 936 1776 amoveri
954 1755 960 1774 :

192 1812 283 1842 ergo,
300 1805 358 1833 etc.

231 1856 345 1887 Contra
371 1855 430 1885 hoc
456 1854 604 1893 objicitur
630 1857 657 1884 1.
686 1853 724 1884 de
756 1852 911 1883 haereticis
933 1854 964 1882 et

190 1903 413 1947 schismaticis,
437 1908 492 1948 qui
511 1907 686 1938 secundum
702 1906 787 1946 quod
800 1906 916 1936 dicitur
930 1905 963 1935 in

190 1963 308 2001 littera,
331 1965 361 1993 et
381 1962 516 1992 habetur
537 1961 570 1991 in
590 1960 743 2000 principio
758 1958 963 1999 praecedentis

191 2016 397 2047 distinctionis
405 2016 426 2051 ¹,
442 2024 506 2045 non
517 2015 649 2053 possunt
659 2013 781 2043 solvere
794 2014 824 2042 et
839 2011 941 2049 ligare
953 2022 958 2040 :

190 2071 220 2100 et
234 2071 340 2099 tamen
355 2068 479 2098 ordines
493 2067 622 2103 habent,
640 2065 720 2095 sicut
730 2065 812 2094 infra
824 2064 941 2104 patebit
954 2074 960 2093 :

190 2131 270 2161 ergo
285 2121 382 2152 clavis
396 2129 460 2151 non
475 2119 617 2159 sequitur
631 2118 757 2149 ordines
770 2116 963 2156 inseparabi-

190 2175 272 2213 liter,
295 2175 381 2214 quia,
398 2174 423 2204 si
440 2183 503 2204 non
518 2174 665 2213 possunt,
682 2180 747 2202 non
764 2170 882 2201 habent
904 2178 962 2209 po-

190 2228 333 2259 tentiam.

231 2283 262 2312 2.
279 2281 357 2311 Item
379 2279 526 2319 objicitur
544 2279 583 2310 de
600 2279 780 2318 degradatis
796 2289 802 2308 :
818 2279 963 2308 constans

191 2336 239 2366 est
257 2334 341 2374 quod
363 2333 488 2364 ordines
503 2341 567 2363 non
581 2333 713 2371 possunt
732 2330 865 2368 auferri,
888 2330 963 2369 quia

191 2397 255 2419 non
270 2388 370 2427 potest
382 2386 500 2416 auferri
515 2385 676 2415 character
692 2395 699 2415 z
717 2384 743 2413 si
758 2392 835 2422 ergo
847 2383 961 2422 degra-

191 2441 295 2479 datur,
313 2440 373 2471 hoc
387 2439 446 2470 erit
464 2437 567 2469 solum
585 2439 742 2477 quantum
761 2437 798 2467 ad
822 2436 962 2467 auetori-

191 2495 300 2531 tatem,
323 2493 390 2523 sive
408 2493 594 2532 potestatem
611 2501 617 2520 :
634 2499 713 2529 ergo
730 2489 856 2520 videtur
877 2489 963 2529 quod

191 2547 245 2578 illa
261 2547 433 2584 auferatur,
449 2545 588 2576 maxime
598 2552 672 2574 cum
682 2543 847 2574 videantur
860 2542 963 2580 magis

194 2628 295 2659 Brulef.,
316 2628 345 2652 iv
369 2627 447 2655 Sene..
467 2625 525 2649 dist.
543 2630 596 2652 xix,
615 2631 640 2655 q.
656 2629 697 2653 1v;
715 2624 781 2647 Petr.
803 2623 832 2646 de
850 2623 963 2653 Tarant„

194 2665 225 2689 IV
243 2664 320 2692 Sem„
339 2662 396 2686 dist.
412 2667 466 2692 xrx,
484 2668 508 2691 q.
526 2665 560 2685 Vl.

758 187 1069 219 SENTENTIARUM
1090 187 1164 219 LIB.
1190 188 1237 219 lV.

1027 255 1169 292 eleuant-i
1193 257 1232 285 ..b
1254 256 1311 285 hoc
1333 258 1405 286 actu
1426 255 1483 294 ipsi
1504 254 1682 294 degradati,
1703 263 1801 296 quam

1027 308 1181 339 haeretici.

1067 363 1096 392 3.
1114 361 1191 392 lteni
1207 362 1354 401 objicitur
1373 362 1411 393 de
1427 362 1533 393 anima
1548 362 1706 400 separata,
1728 370 1800 400 quae

1026 413 1120 444 habet
1147 414 1359 445 characterem
1389 415 1524 452 ordinis,
1555 416 1586 444 et
1611 423 1676 444 non
1706 413 1802 444 habet

1025 466 1179 505 clavium,
1203 468 1235 498 iu
1257 468 1358 507 patria
1379 468 1464 498 enim
1484 470 1583 498 cessat
1597 467 1700 497 omnis
1716 475 1800 506 prae-

1025 519 1100 550 latio
1114 528 1122 549 :
1136 529 1216 559 ergo
1231 529 1295 550 non
1310 521 1436 552 videtur
1449 520 1534 560 quod
1550 520 1800 560 inseparabiliter

1024 573 1237 604 characterem
1259 574 1438 604 comitetur.
1460 574 1491 604 Si
1511 576 1545 604 tu
1565 574 1649 604 dicas
1666 572 1743 603 mihi
1761 572 1799 603 ad

1023 626 1093 657 haec
1118 627 1241 665 omnia,
1268 627 1351 667 quod
1375 636 1487 658 onmes
1513 627 1655 667 praedicti
1682 626 1800 657 habent

1025 682 1208 719 potestatem
1220 704 1227 717 ,
1249 680 1300 710 sed
1317 689 1381 710 non
1403 681 1638 718 executionem,
1661 680 1720 710 hoc
1738 680 1798 710 im-

1024 733 1175 773 probatur
1186 733 1298 773 triplici
1314 734 1436 764 ratione
1450 745 1457 764 :
1471 734 1574 773 prima
1586 736 1643 771 est,
1658 733 1735 772 quia
1747 731 1801 762 illa

1024 788 1158 826 potestas
1185 789 1231 817 est
1253 787 1427 826 spiritualis
1451 790 1482 817 et
1505 787 1608 818 activa
1628 796 1635 817 :
1663 788 1800 826 potestas

1021 840 1106 870 enim
1121 840 1235 869 (licitur
1250 840 1368 876 activa,
1390 849 1453 870 non
1469 840 1595 879 passiva
1611 850 1617 870 :
1636 842 1666 870 et
1682 839 1797 870 iterum

1021 895 1067 922 est
1087 893 1118 922 in
1138 893 1275 932 potentia
1295 893 1407 930 libera,
1428 901 1501 932 quae
1521 892 1637 923 scilicet
1657 894 1704 923 est
1721 892 1798 923 libe-

1022 955 1095 977 rum
1112 946 1290 983 arbitrium,
1309 946 1393 985 quod
1409 946 1473 976 exit
1488 946 1521 976 in
1537 948 1656 984 actum,
1672 945 1800 985 quando

1022 1000 1090 1031 vult
1107 1011 1113 1030 t
1131 1009 1208 1038 ergo
1230 1000 1422 1039 impossibile
1444 1002 1490 1030 est
1511 1000 1595 1039 quod
1611 999 1726 1039 aliquis
1740 999 1797 1029 ha—

1022 1053 1092 1083 beat
1108 1054 1308 1092 potestatem,
1326 1055 1356 1083 et
1370 1062 1434 1083 non
1450 1053 1564 1084 habeat
1578 1053 1798 1083 executionem

1021 1107 1149 1146 quando
1164 1106 1244 1137 vult.

1060 1162 1090 1190 4.
1117 1159 1193 1190 Item
1206 1163 1216 1178 ²
1235 1160 1352 1190 frustra
1373 1162 1418 1190 est
1439 1159 1592 1199 potentia,
1617 1168 1714 1199 quam
1733 1168 1797 1190 non

1020 1212 1223 1251 consequitur
1245 1215 1334 1242 actus
1359 1224 1365 1242 :
1393 1221 1471 1251 ergo
1495 1212 1521 1242 si
1552 1212 1585 1242 in
1613 1211 1727 1242 talibus
1750 1214 1797 1242 est

1020 1265 1158 1304 potentia
1179 1265 1246 1295 sine
1267 1268 1353 1301 actu,
1374 1266 1491 1296 frustra
1510 1267 1557 1295 est
1573 1276 1579 1295 ι
1597 1265 1651 1295 sed
1671 1264 1704 1294 in
1718 1273 1793 1305 ope-

1020 1317 1109 1348 ribus
1131 1317 1246 1348 divinis
1268 1317 1349 1348 nihil
1372 1318 1464 1348 debet
1484 1327 1550 1348 esse
1572 1318 1689 1348 frustra
1712 1328 1718 1348 z
1742 1327 1792 1348 er-

1020 1380 1078 1410 go,
1098 1373 1156 1401 etc.

1060 1426 1089 1454 5.
1110 1424 1188 1454 ltem
1210 1425 1235 1454 si
1256 1424 1327 1454 talis
1348 1425 1486 1464 potentia
1506 1433 1572 1455 non
1592 1426 1639 1455 est
1660 1424 1692 1454 in
1711 1426 1792 1462 actu,

1020 1486 1130 1516 quaero
1146 1477 1228 1508 unde
1246 1477 1305 1507 hoc
1321 1477 1360 1507 sit
1375 1487 1380 1506 :
1399 1477 1425 1507 si
1443 1477 1517 1516 quia
1536 1477 1621 1516 Papa
1638 1476 1793 1516 prohibet,

1020 1530 1069 1560 vel
1089 1530 1244 1569 superior,
1266 1530 1317 1560 sed
1339 1532 1448 1560 contra
1468 1541 1473 1561 :
1496 1529 1796 1570 Quantumcumque

1020 1583 1166 1622 superior
1183 1583 1364 1622 prohibeat,
1386 1583 1411 1612 si
1427 1583 1499 1622 quis
1515 1583 1655 1621 conficit,
1673 1583 1796 1613 confec-

1020 1638 1089 1666 tum
1102 1638 1148 1666 est
1159 1635 1198 1666 de
1211 1636 1307 1673 t'act03
1324 1636 1350 1665 si
1365 1636 1511 1675 baptizat,
1526 1635 1720 1675 baptizatum
1733 1639 1794 1666 est:

1020 1698 1099 1728 ergo
1114 1689 1181 1728 pari
1197 1689 1318 1719 ratione
1334 1689 1359 1719 si
1375 1689 1534 1727 absolvat,
1555 1689 1605 1719 vel
1624 1689 1721 1728 liget,
1739 1689 1794 1719 ab·

1022 1743 1173 1781 solutum,
1190 1745 1220 1773 et
1238 1743 1376 1781 ligatum
1391 1744 1455 1772 est:
1473 1742 1557 1781 quod
1572 1744 1619 1772 est
1633 1742 1797 1773 manifeste

1020 1796 1135 1827 falsum
1152 1806 1158 1826 :
1176 1805 1253 1834 ergo
1270 1795 1350 1826 redit
1365 1796 1525 1835 primuni,
1543 1795 1628 1834 quod
1643 1795 1720 1825 tales
1732 1803 1796 1826 non

1020 1849 1138 1880 habent
1154 1851 1336 1889 potestatem
1358 1851 1407 1879 :et
1421 1848 1537 1879 habent
1556 1848 1769 1879 characterem
1787 1860 1793 1878 z

1020 1911 1098 1941 ergo
1115 1902 1184 1932 haec
1198 1904 1334 1942 potestas
1349 1911 1411 1932 non
1426 1902 1568 1941 sequitur
1584 1902 1795 1932 characterem

1021 1956 1281 1995 inseparabiliter.

1292 2061 1516 2093 CONCLUSIO.

1024 2150 1119 2178 Cluves
1140 2150 1361 2184 inseparabiliter
1380 2152 1525 2185 sequuntur
1539 2151 1656 2178 ordinem
1675 2151 1795 2179 sacerdo-

1056 2196 1135 2222 [alem
1155 2197 1285 2228 quantum
1307 2194 1344 2220 ad
1365 2196 1515 2225 essentiam,
1534 2196 1596 2222 licet
1613 2198 1741 2229 quantum
1758 2196 1794 2222 ad

1057 2240 1234 2266 executionem
1249 2239 1289 2265 vel
1306 2246 1382 2265 nsum
1401 2240 1541 2266 tollantur.

1060 2327 1152 2367 Resp.
1178 2326 1217 2357 ad
1237 2336 1309 2365 arg.
1335 2326 1507 2358 Dicendum
1531 2327 1631 2367 quod,
1651 2328 1734 2358 sicut
1755 2327 1793 2359 de

1019 2381 1156 2422 potentia
1166 2380 1267 2411 visiva
1281 2383 1327 2410 est
1341 2380 1426 2419 loqui
1441 2380 1621 2420 dupliciter,
1633 2380 1685 2411 vel
1695 2389 1793 2420 quan-

1019 2436 1088 2465 tum
1108 2434 1146 2463 ad
1164 2433 1349 2471 essentiam,
1371 2433 1421 2464 vel
1443 2435 1601 2472 quantum
1619 2433 1658 2464 ad
1678 2442 1790 2471 usum;

1018 2492 1050 2521 et
1069 2490 1226 2528 quantum
1244 2488 1283 2518 ad
1298 2488 1465 2518 essentiam
1484 2488 1636 2518 fundatur
1650 2487 1719 2518 haec
1733 2497 1790 2527 po-

1018 2543 1116 2574 tentia
1130 2542 1307 2572 radicaliter
1321 2542 1354 2571 in
1370 2542 1492 2579 anima,
1510 2550 1567 2572 nec
1580 2541 1721 2572 animam
1734 2541 1790 2572 de-

1053 2624 1057 2635 “
1072 2621 1133 2646 Dist.
1149 2628 1238 2652 praec„
1253 2627 1277 2651 p.
1295 2622 1313 2650 l,
1329 2623 1376 2644 art.
1394 2622 1415 2650 1,
1431 2627 1454 2650 q.
1473 2626 1533 2643 11.-
1548 2621 1556 2633 ³
1572 2620 1657 2651 Arist„
1671 2621 1701 2644 (le
1718 2620 1789 2650 (ἰωὴ,

1019 2657 1062 2681 lib.
1080 2660 1098 2688 Ι,
1113 2659 1181 2682 cont..
1198 2658 1243 2686 32;
1259 2656 1288 2680 ‹Ie
1305 2656 1412 2686 Anima,
1426 2655 1469 2682 ub.
1487 2656 1530 2685 111,
1547 2658 1615 2682 cont.
1632 2658 1669 2681 65.

1812 1279 1868 1299 Deus
1897 1284 1917 1301 ει

1810 1312 1918 1332 naturant-

1814 1340 1843 1361 hil
1877 1342 1918 1363 fru-

1813 1374 1838 1391 sti
1844 1378 1863 1393 a.
