1991 3006
531 196 630 227 DlST.
653 195 715 227 XX.
740 195 854 227 PART.
880 194 916 227 il.
940 196 1030 227 ART.
1054 197 1075 226 Ι.
1101 196 1249 233 QUAEST.
1273 199 1294 228 1.

110 265 352 297 satisfactionem
367 263 503 300 infirmi,
520 265 655 302 ponatur
676 263 777 302 igitur
791 263 876 302 quod

109 319 222 358 aliquis
244 319 354 349 debeat
377 317 594 357 poenitentiam
617 319 820 356 septennem,
846 318 877 346 et

107 371 334 410 consanguinei
349 370 500 409 recipiant
514 378 609 409 super
623 379 666 407 se,
683 371 715 400 et
728 370 876 400 infirmus

109 424 279 461 moriatur3
294 431 404 463 quaero
419 431 496 461 ergo
511 432 529 452 a
540 424 571 452 te
587 433 594 452 τ
611 425 666 452 aut
680 422 783 453 evolat
793 446 800 459 ,
821 424 876 452 aut

108 485 172 506 non
187 476 290 506 evolat
306 486 313 505 ε
330 475 434 505 sinon
447 499 454 512 ,
480 475 533 505 sed
554 475 684 514 punitur
706 475 739 505 iu
761 484 875 515 purga-

108 529 203 567 torio,
225 531 256 559 et
274 529 318 559 ilii
337 529 475 568 puniunt
496 538 527 559 se
543 538 600 568 pro
622 537 678 566 eo,
700 538 779 568 ergo
796 529 876 559 Deus

108 581 200 621 punit
218 581 266 611 bis
289 582 322 612 in
345 582 505 621 idipsum;
531 582 557 611 si
581 591 657 612 vero
679 582 798 619 evolat,
818 592 873 622 po-

107 637 203 665 natur
216 635 301 674 quod
316 635 361 665 illi
378 635 459 665 nihil
479 636 595 665 faciant
609 635 647 665 de
667 635 876 666 satisfactione

106 690 259 727 suscepta,
279 690 354 718 tunc
367 697 444 727 ergo
455 688 628 718 salvabitur
642 688 723 727 quis,
738 690 767 718 et
783 689 875 728 culpa

106 741 280 771 remanebit
302 741 457 780 impunita
474 749 481 770 :
498 740 583 780 quod
602 742 649 770 est
664 743 771 771 contra
790 741 872 772 divi-

106 802 180 823 nam
193 793 362 833 Justitiam.

145 848 175 876 6.
193 846 271 877 item
296 847 403 878 nullus
424 849 523 886 potest
538 848 652 878 mereri
672 848 776 886 alteri,
798 850 876 888 quin

105 901 266 930 mereatur
280 901 350 938 sibi,
365 900 539 931 secundum
555 901 639 940 quod
651 901 724 932 dicit
740 902 791 932 illa
806 912 877 933 auc-

104 952 212 982 toritas
229 962 236 983 :
257 964 272 981 «
290 953 348 989 Qui
363 962 420 992 pro
436 953 496 984 alio
511 955 599 988 orat,
628 963 684 993 pro
707 955 808 994 seipso
830 956 877 986 la-

104 1004 193 1034 borat
209 1015 216 1034 :
234 1016 248 1033 n
267 1014 344 1044 ergo
366 1006 433 1045 pari
448 1007 569 1037 ratione
588 1007 696 1037 nullus
714 1010 814 1046 potest
828 1018 875 1039 sa-

104 1057 242 1088 tisfacere
264 1067 322 1097 pro
341 1058 420 1096 alio,
442 1060 520 1099 quin
544 1059 711 1090 satisfaciat
732 1070 789 1099 pro
814 1070 846 1091 se
867 1073 872 1092 :

103 1118 183 1149 ergo
197 1111 222 1140 si
235 1113 335 1150 potest
350 1121 435 1142 unus
453 1121 508 1152 pro
526 1112 586 1142 alio
602 1113 778 1144 satisfacere
789 1138 798 1152 ,
816 1124 876 1154 po-

102 1165 162 1193 test
178 1172 261 1194 unus
274 1164 371 1195 simul
385 1167 415 1195 et
431 1175 494 1196 una
509 1174 603 1205 poena
622 1166 798 1197 satisfacere
819 1177 876 1207 pro

103 1225 152 1253 se,
168 1218 199 1246 et
213 1217 284 1254 illo;
302 1220 331 1247 et
345 1218 403 1255 ita,
429 1219 496 1258 pari
516 1219 650 1256 ratione,
669 1229 727 1259 pro
741 1220 829 1250 tertio
846 1223 876 1251 et

103 1272 234 1308 quarto3
252 1273 282 1300 et
295 1271 339 1301 sic
354 1271 519 1311 deinceps:
538 1281 617 1311 ergo
636 1282 691 1311 pro
703 1274 872 1303 omnibus:

104 1331 182 1361 ergo
197 1323 323 1354 videtur
346 1325 430 1364 quod
454 1326 479 1355 si
503 1326 563 1356 1100
579 1335 690 1356 verum
711 1328 774 1363 est,
792 1327 876 1366 quod

104 1384 168 1405 uno
182 1375 388 1408 satisfaciente
403 1378 592 1408 satisfaciant
607 1381 636 1408 et
649 1388 770 1409 omnes.

377 1491 601 1523 CONCLUSIO.

103 1576 183 1602 Poena
197 1577 397 1609 satisfactionis
412 1579 500 1611 potest
517 1579 680 1610 commutari,
697 1579 803 1605 ratione
818 1581 877 1605 11111-

139 1621 205 1646 catis
220 1620 375 1651 charitatis,
393 1621 482 1654 quoad
496 1623 629 1647 rationem
645 1623 730 1655 pretii
747 1624 874 1655 solvendi,

139 1671 189 1690 non
204 1665 292 1698 quoad
306 1665 389 1695 illud,
404 1665 475 1699 qaod
492 1666 521 1691 z'n
539 1673 566 1692 se
585 1665 661 1692 hahet
679 1667 876 1694 medicamenti.

143 1747 234 1787 Resp.
252 1748 291 1779 ad
304 1757 376 1788 arg.
394 1749 566 1779 Dicendum
582 1750 667 1789 quod
682 1759 774 1789 poena
787 1752 876 1782 satis-

101 1800 231 1831 factoria
245 1801 340 1832 habet
358 1802 391 1832 in
413 1811 446 1832 se
468 1802 626 1841 duplicem
641 1803 796 1833 rationem
812 1804 878 1834 sive

102 1853 263 1884 virtutem.
287 1854 384 1886 Poena
404 1855 489 1885 enim
509 1855 578 1884 talis
601 1858 730 1894 propter
749 1856 812 1886 duo
832 1859 878 1887 est

103 1907 240 1937 maxime
253 1917 260 1937 ε
275 1909 306 1937 et
319 1910 446 1946 propter
463 1908 731 1938 medicamentum
742 1933 750 1946 ,
769 1912 878 1940 contra

103 1958 245 1998 sequelas
268 1960 400 1998 peccati;
417 1960 493 1990 etin
513 1961 666 1999 pretium⁷
690 1962 727 1992 ad
752 1962 878 1992 solven-

103 2011 180 2042 dum
199 2014 321 2042 reatum
346 2012 474 2051 peccati.
499 2012 531 2043 Si
552 2022 631 2052 ergo
652 2014 821 2054 loquamur
840 2016 877 2046 (10

104 2064 163 2095 ista
185 2073 277 2104 poena
303 2065 479 2095 secundum
501 2066 584 2105 quod
608 2069 655 2097 est
670 2068 874 2107 purgatoria,

103 2117 169 2148 sive
192 2117 398 2155 medicinalis3
423 2127 497 2149 cum
513 2120 643 2150 morbus
665 2129 729 2150 non
750 2122 878 2161 recipiat

104 2170 293 2201 medicinam
308 2180 348 2201 ex
363 2180 456 2211 poena
468 2172 580 2210 aliena,
597 2174 650 2203 sed
666 2174 791 2214 propria
809 2174 876 2214 (un-

104 2223 142 2254 de
156 2233 220 2254 non
234 2224 436 2263 extinguitur
450 2227 703 2266 concupiscentia
719 2227 751 2257 in
767 2236 832 2266 1110,
849 2229 874 2258 51

105 2279 139 2307 tu
150 2277 276 2317 jejunas
291 2286 348 2316 pro
364 2280 441 2316 me),
458 2281 616 2318 quantum
631 2279 671 2310 ad
685 2279 767 2310 hauc
785 2281 875 2312 ratio-

104 2338 177 2360 nem
192 2338 285 2369 poena
295 2330 501 2362 satisfactoria
510 2340 567 2362 nec
581 2334 699 2371 potest,
716 2342 773 2364 nec
786 2334 878 2365 debet

106 2383 292 2413 commutari
305 2383 339 2413 in
349 2383 442 2414 aliam
456 2393 636 2423 personam.
650 2385 759 2416 Posset
771 2388 877 2417 tamen

106 2436 292 2466 commutan‘
308 2436 342 2466 iu
358 2445 484 2476 poenam
499 2437 671 2476 internam,
688 2439 763 2478 quia
779 2440 878 2478 gemi-

107 2489 158 2517 tus
170 2488 270 2519 cordis
283 2489 352 2528 plus
364 2490 543 2529 frequenter
556 2491 700 2522 medetur
711 2495 742 2522 et
754 2496 877 2533 reparat

108 2539 247 2571 animam
255 2565 263 2579 ,
275 2551 371 2582 quam
386 2543 579 2574 diuturnitas
589 2553 689 2584 poenae
700 2546 874 2578 exterioris.

110 2592 141 2622 Si
157 2594 263 2623 autem
276 2594 445 2635 loquamur
455 2596 493 2626 de
500 2605 594 2636 poena
607 2598 783 2629 secundum
792 2600 877 2639 quod

110 2645 205 2676 habet
218 2646 371 2678 rationem
385 2649 491 2689 pretii,
507 2649 566 2681 hoc
587 2651 680 2682 modo
699 2653 745 2682 est
765 2661 875 2684 conce-

1671 204 1709 232 75

934 263 1075 294 dentium
1089 264 1173 303 quod
1185 267 1286 304 potest
1300 267 1503 305 commutari,
1518 268 1593 307 quia
1606 270 1708 308 potest

932 325 1016 347 unus
1031 325 1088 356 pro
1102 317 1163 347 alio
1178 317 1299 348 solvere
1310 328 1447 358 poenam.
1461 320 1521 351 Sed
1537 321 1606 352 haec
1619 331 1706 353 com-

933 370 1066 400 mutatio
1077 369 1169 400 debet
1182 370 1250 400 fieri
1263 373 1446 403 auctoritate
1459 374 1636 412 sacerdotis,
1653 384 1705 406 cu·

929 423 982 461 jus
995 425 1040 453 est
1056 423 1106 453 hic
1120 423 1182 454 duo
1197 424 1396 455 considerare
1407 451 1414 463 ,
1433 427 1548 458 scilicet
1567 428 1704 459 debitam

932 474 965 504 in
987 474 1119 505 subditis
1138 475 1395 515 dispositionem,
1420 481 1450 508 ct
1466 479 1603 510 debitam
1629 489 1700 519 pro-

932 527 1109 566 portionem
1124 528 1156 557 in
1178 537 1280 567 poena.
1306 529 1446 561 Debitam
1468 532 1705 571 dispositionem

933 589 1027 619 voco,
1045 582 1129 620 quod
1148 581 1179 612 in
1196 591 1260 612 uno
1276 582 1314 613 sit
1329 584 1533 623 sufficientia,
1551 588 1579 616 et
1594 586 1627 616 in
1643 587 1703 617 alio

931 633 1122 672 indigentia,
1143 637 1173 665 et
1192 635 1225 664 in
1250 637 1386 675 utroque
1407 637 1446 666 sit
1462 638 1616 676 charitas,
1634 649 1706 679 quae

931 687 1003 716 facit
1017 687 1100 717 bona
1110 689 1306 725 communia;
1318 689 1343 718 si
1354 698 1430 719 vero
1440 690 1576 721 aiterum
1590 691 1705 722 horum

932 740 1025 778 desit,
1051 749 1117 771 non
1145 741 1180 771 fit
1208 743 1414 773 commutatio
1444 745 1537 773 recta.
1567 743 1706 775 Debitain

932 802 1007 823 vero
1019 795 1256 833 proportionem
1276 805 1372 832 voco,
1391 799 1426 827 ut
1442 797 1545 827 minor
1561 807 1655 837 prena
1675 799 1707 829 in

932 847 1087 885 maiorem
1107 850 1340 885 commutetur;
1360 850 1436 888 quia
1465 850 1535 889 pius
1557 851 1706 881 satisfacit

932 898 994 929 Deo
1012 908 1103 938 poena
1120 901 1247 939 propria
1258 925 1267 939 ,
1284 911 1379 941 quam
1396 902 1513 941 aliena,
1539 904 1620 934 sicut
1638 904 1704 934 effi-

931 952 1034 982 cacius
1049 952 1145 983 homo
1169 956 1308 985 meretur
1323 955 1401 993 sibi,
1421 965 1517 995 quam
1534 957 1598 987 alii.
1620 956 1707 988 Unde

932 1005 1011 1035 sicut
1025 1015 1118 1045 poena
1132 1010 1294 1046 assumpta
1309 1011 1483 1039 commutat
1498 1010 1531 1039 iu
1553 1011 1707 1049 maj0rem

932 1067 1058 1097 poenam
1074 1060 1311 1098 purgatoriam,
1328 1070 1365 1091 eo
1380 1062 1464 1101 quod
1481 1062 1580 1093 multo
1601 1063 1707 1094 minus

931 1113 976 1141 est
992 1111 1045 1141 illa
1060 1114 1202 1151 accepta,
1220 1122 1276 1152 pro
1291 1122 1327 1143 eo
1347 1115 1431 1153 quod
1452 1115 1510 1145 ista
1527 1118 1572 1146 est
1592 1116 1707 1147 volun-

932 1165 1030 1202 taria;
1047 1166 1191 1196 similiter
1205 1166 1296 1197 debet
1314 1168 1440 1207 propria
1456 1178 1550 1207 poena
1561 1179 1705 1202 commu-

931 1218 990 1247 tari
1016 1218 1049 1247 iu
1074 1220 1228 1257 majorem
1252 1219 1405 1257 alienam,
1436 1222 1474 1251 ad
1502 1222 1562 1252 hoc
1591 1224 1625 1253 ut
1654 1224 1707 1254 fiat

932 1272 1140 1302 commutatio
1160 1276 1254 1304 recta.
1279 1274 1328 1304 Sic
1350 1275 1452 1313 igitur
1472 1276 1707 1308 concedendum

933 1327 1004 1363 est,
1028 1325 1108 1355 sicut
1133 1326 1269 1365 probant
1292 1327 1405 1366 primae
1433 1329 1570 1359 rationes
1585 1353 1592 1367 ,
1621 1331 1705 1369 quod

933 1386 1026 1416 prena
1045 1379 1249 1409 satisfactoria
1268 1381 1455 1411 commutari
1471 1384 1571 1420 potest
1587 1383 1707 1414 ratione

932 1432 1060 1461 unitatis
1074 1432 1253 1469 charitatis,
1282 1436 1439 1472 quantum
1461 1435 1501 1465 ad
1520 1435 1597 1465 illud
1623 1437 1707 1475 quod

932 1485 1026 1514 habet.
1039 1485 1072 1515 111
1085 1494 1118 1515 50
1131 1486 1223 1525 pretii
1239 1486 1391 1524 solvendi,
1406 1487 1461 1517 sed
1476 1497 1540 1517 non
1551 1491 1707 1527 quantum

931 1537 969 1567 ad
986 1538 1063 1568 illud
1076 1538 1160 1577 quod
1175 1539 1270 1569 babet
1284 1540 1317 1569 in
1332 1549 1364 1570 se
1380 1540 1613 1572 medicamenti.

975 1594 1003 1621 1.
1018 1591 1065 1621 Ad
1080 1591 1156 1621 illud
1169 1601 1249 1631 ergo
1264 1593 1348 1632 quod
1364 1593 1523 1632 objicitur,
1540 1595 1623 1633 quod
1640 1597 1708 1625 uni-

935 1644 1052 1683 cuique
1069 1645 1216 1675 reddetur
1228 1646 1402 1676 secundum
1413 1655 1508 1685 opera
1522 1656 1590 1685 sua,
1605 1647 1708 1678 dicen-

933 1697 1009 1727 ‹lum
1037 1698 1121 1737 quod
1146 1698 1283 1728 charitas
1304 1708 1400 1738 opera
1421 1699 1522 1730 aliena
1544 1700 1614 1730 facit
1633 1710 1704 1738 sua,

934 1750 1073 1780 maxime
1088 1751 1214 1790 quando
1228 1751 1365 1782 charitas
1377 1752 1506 1783 alterius
1516 1753 1705 1792 voluntarie,

933 1804 1017 1843 quod
1034 1813 1128 1834 suum
1145 1806 1209 1842 est,
1227 1805 1317 1835 alteri
1332 1805 1438 1835 donat.

972 1859 1001 1886 ⁶2.
1029 1857 1077 1887 Ad
1103 1857 1179 1887 illud
1207 1858 1292 1897 quod
1315 1858 1463 1896 objicitur
1486 1859 1524 1889 de
1547 1861 1705 1899 remedio,

928 1910 996 1948 jam
1024 1911 1109 1948 patet
1137 1911 1320 1949 responsi0;
1349 1911 1501 1946 quoniam
1531 1914 1706 1951 quantum-

932 1971 1069 2002 cumque
1096 1963 1213 2002 aliquis
1236 1973 1333 2003 supra
1361 1973 1394 1994 se
1423 1973 1551 2003 poenam
1576 1965 1707 2004 recipiat

932 2015 1072 2053 alterius⁷
1088 2018 1195 2046 tamen
1211 2016 1262 2046 ille
1277 2026 1341 2047 non
1352 2019 1398 2047 est
1410 2017 1541 2048 omnino
1554 2017 1706 2049 liberatus

931 2077 950 2098 a
964 2077 1072 2107 pcena,
1090 2078 1257 2109 quousque
1275 2072 1483 2100 consumatur
1502 2072 1619 2110 peccati
1635 2081 1706 2102 sco-

933 2121 994 2158 ria,
1020 2131 1119 2161 quam
1142 2123 1298 2153 contraxit
1319 2132 1358 2153 ex
1381 2123 1474 2163 culpa
1491 2135 1497 2155 ε
1516 2133 1589 2164 quae
1610 2125 1705 2156 etiam

932 2183 995 2205 non
1017 2177 1117 2214 potest
1138 2175 1252 2213 deleri⁷
1274 2176 1333 2205 nisi
1356 2185 1410 2215 per
1426 2185 1553 2215 poenam
1569 2179 1705 2209 exterio-

932 2236 1011 2265 rem,
1028 2229 1077 2259 vel
1094 2237 1149 2268 per
1166 2229 1388 2259 contritionem
1404 2229 1572 2260 internam.

972 2282 1000 2310 3.
1018 2281 1065 2311 Ad
1087 2281 1165 2312 illud
1184 2282 1269 2321 quod
1287 2281 1445 2321 objicitur,
1468 2282 1553 2322 quod
1569 2292 1631 2314 non
1647 2293 1703 2323 po-

932 2336 989 2364 test
1011 2335 1147 2372 conteri,
1172 2344 1230 2364 nec
1251 2336 1411 2373 confiteri,
1434 2335 1604 2367 dicendum
1620 2337 1705 2377 quod

932 2397 995 2418 non
1009 2390 1056 2418 est
1070 2388 1186 2425 simile3
1204 2388 1280 2427 quia
1292 2388 1406 2428 prima,
1423 2389 1539 2420 seilicet
1551 2391 1704 2421 confessio

932 2442 962 2470 et
977 2441 1137 2479 contritio⁷
1159 2444 1232 2471 sunt
1252 2441 1410 2479 ordinata,
1430 2443 1464 2471 ut
1483 2442 1705 2481 ingrediantur

932 2494 1086 2524 unitatem
1111 2494 1367 2532 ecclesiasticam,
1400 2503 1456 2533 per
1479 2504 1577 2534 quam
1606 2496 1640 2525 fit
1669 2498 1704 2526 ut.

933 2548 1016 2578 bona
1039 2550 1136 2580 unius
1159 2549 1238 2579 fiant
1261 2548 1409 2586 alterius;
1435 2549 1604 2580 satisfactio
1628 2558 1703 2581 vero

933 2603 1100 2642 utramque
1123 2603 1325 2641 consequitur
1341 2612 1348 2632 τ
1365 2604 1396 2632 et
1416 2602 1491 2642 quia
1514 2603 1701 2633 fundamen-

933 2657 1001 2685 tum
1020 2655 1109 2686 istius
1134 2655 1390 2686 commutationis
1418 2657 1464 2686 est
1484 2656 1516 2686 in
1537 2655 1700 2693 charitate,

1723 343 1819 370 Explica⁴

1721 375 1758 395 tio.
