1991 3006
813 163 1002 195 DISTINCT.
1025 163 1085 194 XL.

161 241 206 270 tat
220 236 390 270 Zacharias
404 235 511 279 Papa,
529 233 684 277 inquiens
700 234 707 249 ¹
727 245 733 265 :
756 245 772 263 «
786 231 963 265 Parentelae
985 232 1105 274 gradus
1125 231 1232 263 taliter
1246 235 1475 276 computamus
1492 242 1498 262 :
1517 231 1585 274 Ego
1601 233 1632 262 et
1647 230 1745 262 frater

161 305 253 327 meus
276 305 343 326 una
365 292 529 336 generatio
550 302 684 332 sumus,
708 290 918 334 primumque
942 289 1081 331 gradum
1105 288 1278 321 efficimus.
1305 289 1450 330 Rursus,
1469 288 1558 321 filius
1584 299 1697 328 meus,
1714 291 1745 319 et

1686 166 1741 193 407

161 352 269 385 fratris
285 351 348 384 mei
363 350 452 382 filius
466 348 607 381 secunda
621 348 787 390 generatio
803 351 879 379 sunt
890 373 898 388 ,
915 350 946 378 et
961 347 1142 379 secuudum
1166 346 1305 389 gradum
1321 346 1445 378 faciunt
1463 359 1469 378 ι
1488 350 1585 390 atque
1603 345 1641 378 ad
1657 345 1745 377 huuc

162 409 295 442 modum
311 412 433 440 caeterae
448 406 674 439 successiones.
692 419 708 436 »
728 406 814 437 Inter
829 404 902 436 illos
918 415 994 436 vero
1014 404 1071 447 qni
1088 415 1145 436 sex
1164 407 1355 448 computant
1370 404 1490 446 gradus
1505 429 1512 444 ‚
1530 407 1560 435 et
1577 403 1670 443 illos,
1688 403 1746 446 qui

161 470 281 509 septem
297 461 487 508 computant
499 464 639 506 gradus,
660 463 753 496 nulla
767 464 800 495 iu
824 474 920 495 sensu
944 462 1053 494 existit
1078 463 1267 503 diversitas,
1284 462 1436 506 quamvis
1462 462 1495 494 in
1521 472 1659 493 numero
1674 472 1747 504 gra-

163 523 265 556 duum
288 521 426 554 varietas
441 521 601 553 videatur.
623 521 747 553 Ultima
770 520 858 553 enim
880 520 1067 562 generatiO,
1091 520 1117 552 si
1132 532 1150 552 a
1164 519 1321 552 fratribus
1345 523 1453 552 sumat
1477 519 1607 551 initium
1632 529 1747 551 nume-

162 580 276 619 randi,
294 579 430 623 septima
445 578 626 610 invenitur.

207 639 315 677 Quare
334 647 411 668 vero
433 647 489 669 sex
511 640 674 680 computet
695 635 856 677 Isidorus,
883 635 949 679 ipse
971 636 1074 680 aperit
1096 636 1226 668 dicens²
1245 649 1250 668 :
1274 647 1290 665 «
1313 635 1588 677 Con-sanguinitas
1608 635 1687 667 dun]
1711 645 1744 667 se

164 694 322 739 paulatim
346 693 563 737 propaginum
589 693 758 726 ordinibus
780 692 937 725 dirimens
960 704 1064 737 usque
1091 693 1130 725 ad
1155 693 1311 725 ultimum
1327 692 1466 735 gradum
1485 692 1701 736 protraxerit,
1719 696 1749 725 et

164 751 390 796 propinquitas
404 762 470 783 esse
486 751 633 791 desierit,
655 755 730 783 tunc
745 750 888 794 primum
904 750 956 783 lex
980 750 1013 782 iu
1031 751 1231 783 matrimonii
1253 749 1426 783 vinculum
1451 760 1523 781 eam
1550 749 1702 792 recipiet,
1720 753 1750 781 et

164 809 307 853 quodam
318 808 412 841 modo
427 808 559 852 incipiet
572 819 722 840 revocare
737 808 928 851 fugientem.
946 808 1022 840 Ideo
1037 812 1146 840 autem
1162 819 1265 852 usque
1281 808 1320 840 ael
1337 811 1463 840 sextum
1475 807 1605 849 generis
1622 807 1662 849 (a)
1678 817 1751 849 gra-

164 866 242 899 dum
259 865 525 908 consanguinitas
537 866 713 899 constituta
727 870 773 897 est
788 891 794 906 ,
813 869 848 897 ut
864 866 947 898 sicut
972 877 1027 897 sex
1050 865 1200 897 aetatibus
1227 865 1342 897 mundi
1358 864 1525 907 generatio
1540 890 1547 904 ‚
1564 868 1595 896 et
1610 863 1752 896 hominis

165 929 267 957 status
287 923 423 965 finitur,
450 925 494 956 ita
518 924 746 968 propinquitas
772 923 900 966 generis
916 927 960 955 tot
986 923 1141 965 gradibus
1158 922 1362 954 terminetur.
1381 935 1395 952 >³
1410 922 1446 954 In
1460 921 1511 954 his
1527 933 1582 954 sex
1597 921 1752 964 gradihus

166 982 274 1014 omnia
288 981 571 1025 propinquitatum
596 981 729 1013 nomina
745 981 974 1020 continentum
994 980 1081 1012 ultra
1096 991 1178 1023 quos
1196 990 1254 1011 nec
1273 978 1414 1011 affinitas
1434 979 1592 1019 inveniri,
1609 990 1667 1011 nec
1681 990 1753 1011 suc-

165 1038 263 1070 cessio
279 1042 381 1082 potest
395 1038 536 1081 amplius
551 1038 734 1082 propagari.
755 1037 944 1070 Secundum
961 1037 1040 1069 alios
1061 1042 1182 1080 septem
1208 1037 1329 1079 gradus
1350 1036 1422 1069 ideo
1437 1040 1670 1080 computantur
1684 1062 1691 1072 ,
1710 1036 1754 1069 ita

166 1100 202 1128 ut
217 1100 287 1139 post
302 1099 423 1139 septem
451 1095 572 1138 gradus
597 1107 735 1139 sponsus
757 1106 882 1139 sponsre
901 1095 1082 1139 jungatur,
1107 1095 1189 1127 sicut
1213 1099 1285 1138 post
1308 1094 1392 1127 hauc
1406 1095 1525 1135 vitam,
1543 1105 1617 1138 quae
1632 1098 1753 1138 septem

165 1153 280 1185 diebus
294 1153 421 1196 agitur,
438 1152 580 1185 Ecclesia
601 1153 728 1185 Christo
747 1153 918 1197 jungetur.
952 1152 1011 1184 His
1037 1156 1146 1185 autem
1172 1152 1311 1184 occurrit
1334 1152 1434 1193 illud,
1451 1152 1539 1196 quod
1555 1152 1750 1194 Gregorius,

164 1210 351 1254 Augustino
366 1211 550 1253 Anglorum
576 1211 724 1254 episcopo
735 1237 742 1251 ‚
760 1222 778 1242 a
793 1222 858 1254 quo
886 1210 1063 1254 requisitus
1083 1210 1190 1242 fuerat
1205 1214 1305 1253 quota
1325 1209 1534 1252 generatione
1550 1209 1687 1242 debeant
1703 1221 1754 1243 co-

165 1268 273 1312 pulari
287 1295 294 1309 ‚
313 1268 459 1301 rescribit
483 1268 527 1300 sic
542 1269 551 1285 ³
571 1280 577 1300 x
597 1281 612 1299 ι(
633 1268 788 1307 Quaedam
815 1268 867 1300 lex
891 1279 1026 1300 romana
1048 1267 1225 1312 permittit,
1247 1271 1281 1299 ut
1303 1267 1369 1299 sive
1392 1267 1520 1307 fratris,
1539 1267 1590 1299 vel
1616 1268 1752 1309 sororis,

166 1336 223 1357 seu
237 1325 377 1357 duorum
395 1326 533 1358 fratrum
551 1337 783 1369 germanorum
799 1352 806 1367 ,
824 1337 880 1358 seu
895 1325 1036 1358 duarum
1055 1336 1204 1357 sororum
1221 1324 1309 1357 filius
1328 1329 1358 1357 et
1381 1324 1449 1356 filia
1465 1324 1672 1357 misceantur.
1691 1325 1755 1357 Sed

166 1383 387 1426 experimento
401 1383 575 1416 didicimus
589 1395 628 1416 ex
646 1383 702 1416 tali
726 1383 881 1428 conjugio
905 1383 1049 1416 sobolem
1075 1394 1141 1415 non
1168 1394 1259 1427 posse
1282 1394 1492 1415 succrescere.
1510 1382 1603 1415 Unde
1628 1393 1755 1415 necesse

166 1444 230 1481 est,
247 1445 283 1472 ut
306 1444 444 1484 quarta,
469 1441 520 1472 vel
544 1441 658 1485 quinta
680 1442 848 1483 generatio
875 1441 1025 1473 fidelium
1050 1441 1184 1473 licenter
1207 1440 1270 1472 sibi
1291 1440 1545 1484 conjungantur.
1564 1454 1580 1471 n
1601 1440 1664 1473 Sed
1684 1444 1755 1484 post

167 1497 309 1529 multum
325 1497 479 1541 temporis
493 1498 578 1530 idem
595 1498 772 1541 Gregorius
787 1510 806 1530 a
821 1498 927 1531 Felice
952 1498 1100 1530 Messinae
1125 1498 1243 1531 Siciliae
1267 1498 1401 1541 praeside
1426 1498 1603 1541 requisitus
1616 1524 1623 1538 ‚
1641 1502 1754 1530 utrum

166 1555 352 1598 Augustino
366 1555 551 1599 scripserit,
568 1559 605 1588 ut
619 1555 805 1598 Anglorum
828 1560 945 1599 quarta
964 1555 1173 1598 generatione
1197 1559 1360 1588 contracta
1386 1556 1593 1588 matrimonia
1611 1566 1673 1588 nou
1693 1555 1756 1588 sol-

167 1616 341 1653 verentur,
358 1612 441 1645 inter
458 1616 572 1645 caetera
598 1613 694 1645 talem
723 1612 864 1645 reddidit
879 1613 1059 1646 rationem:
1086 1612 1209 1651 «Quod
1231 1613 1343 1656 scripsi
1361 1612 1547 1656 Augustino
1571 1613 1755 1656 Anglorum

167 1669 315 1713 episcopo
329 1695 337 1710 ‚
362 1670 423 1714 ipsi
448 1670 545 1702 etiam
570 1671 754 1713 Anglorum
781 1671 888 1713 genti,
906 1682 977 1715 quae
995 1682 1100 1714 nuper
1116 1671 1154 1703 ad
1182 1670 1280 1703 fidem
1306 1675 1459 1712 venerat,
1477 1682 1517 1703 ne
1533 1683 1552 1703 a
1566 1671 1652 1703 bono
1668 1670 1756 1715 quod

167 1731 306 1770 coeperat
335 1727 510 1759 metuendo
535 1728 712 1760 austeriora
739 1728 922 1769 recederet,
949 1728 1131 1772 specialiter
1156 1732 1187 1760 et
1216 1739 1281 1761 non
1304 1728 1499 1771 generaliter
1524 1739 1575 1761 me
1599 1739 1756 1771 agnoscas

165 1784 339 1828 scripsisse.
358 1784 422 1816 Nec
438 1784 509 1818 ideo
525 1785 593 1817 haee
608 1785 653 1817 eis
671 1785 802 1829 scripsi,
823 1789 860 1818 ut
875 1790 1048 1829 postquam
1063 1786 1096 1817 in
1123 1785 1186 1817 fide
1212 1785 1335 1818 fuerint
1354 1785 1502 1825 solidati,
1528 1785 1553 1817 si
1575 1785 1663 1817 infra
1677 1797 1752 1830 pro-

166 1842 269 1886 priam
288 1842 604 1885 consanguinitatem
621 1842 746 1874 iuventi
761 1842 883 1874 fuerint
898 1869 906 1884 ,
925 1853 990 1875 non
1006 1848 1217 1887 separentur3
1236 1847 1292 1875 aut
1313 1843 1398 1875 infra
1422 1842 1589 1875 affinitatis
1613 1843 1754 1886 lineam,

164 1899 196 1931 id
212 1904 259 1932 est
273 1911 377 1944 usque
393 1900 433 1932 ad
448 1900 618 1944 septimam
634 1900 880 1943 generationem
896 1927 904 1942 ,
917 1900 1114 1945 jungantur.
1132 1914 1147 1932 »

345 2036 553 2069 EXPOSlTlO
575 2037 741 2069 TEXTUS.
986 2049 1073 2077 vero,
1096 2040 1134 2071 de
1149 2040 1317 2080 spirituali,
1336 2040 1438 2070 infra‘
1457 2051 1464 2070 :
1482 2041 1525 2071 De
1544 2040 1761 2079 parentalium

197 2120 270 2143 Nunc
285 2121 400 2150 superest
411 2119 441 2143 de
457 2120 609 2151 cognatione
624 2121 716 2152 ahquid
730 2121 830 2152 dicere,
846 2124 895 2145 etc.

202 2196 305 2236 Supra
333 2197 399 2236 egit
427 2197 578 2236 Magister
611 2200 649 2229 de
681 2199 907 2239 impedimento
918 2223 928 2237 ,

161 2249 246 2290 quod
262 2250 348 2280 venit
362 2259 402 2281 ex
417 2251 614 2290 disparitate3
632 2252 665 2282 iu
690 2253 747 2282 hac
765 2255 851 2291 parte
864 2253 931 2292 agit

163 2303 200 2333 de
215 2303 452 2343 impedimento,
469 2305 553 2343 quod
564 2305 651 2335 venit
661 2315 701 2335 ex
717 2305 928 2345 proximitate.

165 2356 202 2387 Et
216 2357 366 2396 quoniam
394 2357 580 2396 proximitas
604 2361 651 2389 est
673 2359 800 2399 duplex,
817 2359 933 2389 scilicet

165 2409 311 2447 carnalis,
333 2412 363 2440 et
384 2409 571 2449 spiritualis;
595 2411 665 2442 ideo
683 2412 785 2451 primo
805 2412 872 2450 agit
895 2411 932 2442 de

165 2462 365 2501 proximitate
375 2463 442 2494 sive
449 2464 637 2503 cognatione
645 2465 763 2496 carnali
776 2476 783 2503 3
795 2465 933 2495 secundo

198 2524 282 2554 ¹lsid„
297 2525 434 2556 Elymoloq.
445 2526 486 2549 lib.
501 2527 542 2557 lX,
553 2534 575 2551 c.
587 2534 611 2557 v,
623 2529 648 2551 ct
657 2527 763 2551 habetur
773 2535 840 2551 caus.
853 2532 930 2554 xxxv,

165 2568 189 2591 q.
205 2565 231 2589 v,
251 2566 273 2583 c.
291 2560 435 2584 Parenteloe.
447 2575 471 2578 ψ
490 2562 497 2575 ²
515 2562 586 2589 ibid„
609 2570 629 2586 r.
647 2569 684 2592 iv,
702 2564 727 2586 ct
741 2563 848 2587 liabetur
863 2570 931 2586 caus.

166 2600 242 2624 xxxx',
256 2602 281 2625 q.
299 2600 331 2624 tv,
345 2601 367 2618 c.
382 2595 596 2627 Consanym'niluv.
607 2611 637 2615 —
649 2598 656 2611 ³
668 2598 758 2629 Greg.‚
773 2598 851 2629 Epist.
862 2616 867 2626 ,
889 2597 931 2620 lil).

167 2630 219 2659 ΧΗ,
231 2629 302 2660 epist.
313 2635 415 2661 xxx1,c.
427 2637 460 2661 vi,
473 2636 497 2656 et
512 2632 619 2657 habetur
633 2639 701 2658 caus.
718 2639 795 2663 xxxv,
807 2640 830 2663 q.
853 2638 881 2656 111
892 2652 897 2661 ,
908 2640 932 2656 c.

985 2092 1160 2133 {Ji-actuum,
1183 2096 1241 2123 etc.
1268 2093 1374 2123 Prima
1396 2102 1469 2132 pars
1491 2092 1587 2123 habet
1608 2093 1687 2123 duas
1704 2103 1711 2124 ε
1728 2094 1760 2124 in

987 2147 1090 2186 prima
1108 2146 1176 2184 agit
1194 2146 1232 2176 de
1251 2146 1543 2185 consanguinitate;
1559 2146 1592 2176 in
1608 2147 1756 2185 secunda⁷

987 2199 1024 2229 de
1039 2199 1200 2236 affinitate,
1217 2199 1298 2229 infra
1313 2202 1322 2217 ⁵
1339 2208 1346 2229 :
1363 2199 1453 2229 Nemo
1473 2198 1510 2230 de
1529 2199 1695 2237 affinitate
1710 2201 1760 2231 vi-

987 2252 1127 2283 dendum
1142 2255 1198 2283 esc.
1217 2251 1323 2282 Prima
1339 2251 1434 2282 habet
1449 2253 1511 2282 tres
1527 2261 1533 2281 :
1549 2252 1582 2282 in
1596 2253 1700 2292 prima
1709 2253 1760 2284 de-

988 2305 1136 2334 terminat
1150 2304 1328 2341 veritatem⁷
1345 2304 1512 2335 ostendeus
1528 2305 1612 2344 quod
1627 2314 1761 2336 consan-

990 2357 1129 2395 guinitas
1144 2359 1190 2387 est
1204 2357 1401 2387 observanda
1415 2366 1518 2397 usque
1533 2358 1572 2388 ad
1588 2359 1758 2398 septimum

990 2410 1144 2449 gradum;
1164 2410 1196 2439 iu
1220 2410 1359 2440 secunda
1384 2410 1573 2441 determinat
1601 2412 1759 2450 quomodo

989 2462 1273 2501 consanguinitatis
1298 2463 1417 2501 gradus
1446 2463 1510 2494 sint
1533 2465 1736 2503 computandi
1750 2488 1756 2501 ,

990 2517 1050 2546 ibi:
1065 2515 1222 2553 Quomodo
1239 2518 1342 2547 autem
1357 2515 1478 2555 yradus
1495 2518 1757 2555 consanquz'm'ta-

990 2595 1103 2625 ommam
1118 2595 1159 2617 lar
1174 2596 1319 2617 lez-1·en11.—
1336 2596 1343 2611 '0
1360 2595 1410 2618 Dist
1440 2602 1502 2618 λιιι.
1517 2608 1544 2611 —-
1558 2596 1567 2609 ὅ
1585 2594 1647 2618 Dist.
1665 2601 1715 2619 xi).
1730 2609 1759 2614 —

991 2633 1020 2660 (a)
1036 2631 1076 2656 Al.
1086 2630 1264 2661 generationis.

1785 642 1854 666 Quare

1768 681 1803 694 sex
1828 680 1874 700 gra-

1768 706 1807 725 dus
1819 711 1874 725 com-

1787 738 1860 761 puton-

1804 769 1843 787 tun

1775 1046 1878 1065 Rafiocur

1779 1079 1868 1102 sudem.

1785 2052 1869 2073 Divisio.
