1991 3006
722 211 817 242 DIST.
841 210 973 242 XXXIV.
999 211 1087 242 ART.
1112 211 1164 243 III.
1189 212 1337 249 QUAEST.
1361 214 1400 244 II.

300 282 329 310 4.
346 279 424 310 Item
440 280 578 310 furiosus
590 280 692 318 potest
705 277 866 317 baptizari,
881 279 911 308 et
924 277 1033 317 recipit

261 335 491 363 sacramentum
515 332 662 372 baptismi
680 342 686 362 ε
706 340 785 370 ergo
807 330 960 361 consimili
982 339 1032 360 ra-

260 387 344 417 tione
359 388 458 426 potest
474 385 712 416 matrimonium
728 385 924 415 contrahere.

537 500 762 532 CONCLUSIO.

304 582 388 608 Furia
413 582 607 614 concomitans,
632 583 655 607 et
680 588 813 607 removens
831 582 989 615 potestatem

366 626 563 656 consentiendi,
581 624 692 659 impedit
707 625 918 651 matrimonium.

300 705 391 744 Resp.
416 705 455 735 ad
478 714 548 744 arg.
576 704 744 734 Dicendum
767 704 853 744 quod
871 704 953 734 circa
974 703 1034 733 hoc

260 758 522 798 distinguendum
538 759 595 796 est,
613 758 688 797 quia
703 758 785 788 furia
802 760 859 787 aut
873 757 1032 787 concomi-

259 813 356 850 tatur,
373 814 427 842 aut
443 811 606 851 praecedit,
627 812 682 841 aut
698 811 852 850 sequitur.
873 809 904 840 Si
921 819 1034 840 conco-

260 865 401 902 mitatur,
418 867 493 895 tunc
508 865 582 904 quia
596 864 735 894 furiosus
751 873 815 894 non
832 863 927 893 habet
947 866 1032 903 pote-

260 920 372 948 statem
387 918 597 948 consentiendi
611 942 617 955 ,
636 917 765 957 impedit
780 917 1031 954 matrimonium,

260 975 290 1002 et
314 972 438 1002 nullum
465 974 522 1002 est.
549 972 580 1002 Si
605 973 711 1001 autem
736 970 902 1010 praecedit,
929 972 960 999 et
984 970 1034 1000 ille

259 1026 354 1056 hahet
371 1026 473 1055 lucida
490 1025 669 1061 intervalla,
687 1024 737 1054 vel
753 1024 908 1063 sequitur,
924 1023 1035 1053 matri-

260 1079 403 1109 monium
428 1087 492 1108 non
519 1078 659 1117 impedit.
687 1077 832 1107 Rationes
859 1086 936 1115 ergo
960 1085 1032 1116 pro-

259 1132 368 1162 bantes
383 1131 467 1171 quod
483 1131 625 1170 impedit,
645 1130 817 1170 procedunt
837 1139 873 1160 ea
886 1129 948 1167 via⁷
971 1139 1034 1169 qua

259 1186 340 1216 furia
365 1188 410 1216 est
433 1189 573 1225 tempore
595 1194 785 1221 consensus,
808 1188 837 1214 et
858 1185 1033 1215 secundum

258 1242 375 1269 actum.
393 1238 425 1268 Si
449 1248 523 1268 vero
539 1248 601 1267 non
617 1241 696 1268 esset
715 1241 785 1267 actu
802 1238 956 1275 furiosus,
979 1239 1033 1268 sed

258 1292 380 1329 habitu,
391 1292 511 1321 etiamsi
522 1291 654 1321 haberet
663 1291 802 1321 lucidum
814 1291 1030 1329 intervallum,

260 1354 321 1375 non
342 1345 467 1375 deberet
488 1344 675 1374 contrahi-re
696 1346 822 1383 propter
842 1344 1030 1383 periculum,

259 1398 333 1436 quia
353 1397 422 1427 talis
443 1397 562 1436 prolem
585 1395 683 1427 nescit
704 1397 856 1434 educare,
882 1406 938 1426 nec
960 1406 1031 1426 cum

258 1460 358 1480 uxore
379 1451 480 1480 debite
502 1451 681 1480 cohabitare
702 1460 709 1480 :

257 1503 360 1540 heret,
369 1506 573 1534 ‘contractum
592 1507 682 1533 esset.

298 1560 327 1587 Ι.
344 1557 391 1588 Ad
406 1557 483 1587 illud
498 1566 573 1587 vero
591 1557 675 1596 quod
694 1557 841 1595 objicitur
857 1558 888 1587 in
904 1560 1029 1588 contra-

258 1610 360 1648 rium,
377 1611 458 1650 quod
478 1613 577 1650 potest
592 1619 756 1650 procreare
773 1610 910 1650 prolem,
929 1611 1032 1641 dicen-

258 1664 332 1694 dum
349 1664 433 1704 quod
451 1663 626 1693 secundum
642 1665 759 1693 statum
780 1663 872 1693 furiae
893 1674 954 1694 non
980 1674 1032 1704 po-

258 1720 333 1755 test,
351 1718 426 1757 quia
441 1717 539 1747 nescit
553 1717 623 1756 quis
643 1717 683 1746 sit
704 1716 756 1746 Dei
781 1717 893 1754 cultus,
907 1720 936 1747 et
958 1718 1032 1757 quia

258 1771 357 1801 nescit
371 1771 465 1800 eliam
480 1771 560 1800 filios
575 1770 720 1800 educare.
743 1770 915 1808 I‘raeterea,
931 1771 956 1800 si
973 1771 1032 1801 hoc

258 1826 380 1864 posset,
398 1833 461 1853 nou
481 1825 677 1862 sequeretur,
695 1823 771 1862 quia
792 1823 852 1853 hoc
872 1833 937 1854 non
960 1824 1033 1854 dicit

259 1880 361 1908 totum
377 1886 444 1907 esse
458 1877 664 1906 matrimonii.

300 1935 328 1963 ⁶2.
345 1932 392 1962 Ad
411 1931 485 1961 illud
510 1932 592 1970 qnod
611 1931 772 1970 objissitur,
790 1932 872 1971 quod
889 1933 1032 1962 acciden-

260 1985 465 2016 talitervenit
481 1987 511 2015 et
532 1985 664 2021 recedit,
688 1985 875 2021 dicendum,
901 1986 986 2025 qnod
1007 1986 1032 2016 si

260 2039 500 2081 matrimonium
524 2038 563 2067 sit
588 2039 785 2068 contractum
812 2047 867 2078 per
895 2038 1030 2076 furiam,

260 2095 445 2122 nontamen
461 2091 605 2128 solvitur,
629 2091 681 2121 sed
706 2091 852 2130 impediri
876 2095 974 2131 potest
997 2094 1032 2122 ut

259 2154 323 2175 non
340 2145 545 2175 contrahatur
564 2155 569 2174 :
592 2146 622 2174 et
643 2144 668 2173 si
693 2144 789 2174 etiam
813 2144 1030 2182 contrahatur,

258 2199 338 2229 nihil
362 2199 412 2236 tit,
438 2198 497 2228 nisi
524 2197 726 2237 postmodum
757 2198 930 2228 consentiat
958 2208 1031 2229 cum

258 2252 373 2282 habuit
388 2251 555 2281 intervalla
570 2251 683 2280 lucida.

299 2307 327 2336 3.
347 2305 392 2336 Ad
410 2305 484 2335 illud
500 2304 583 2345 quod
600 2304 760 2343 objicitur,
778 2304 863 2344 quod
879 2307 980 2344 potest
997 2305 1032 2335 li-

259 2359 360 2389 berari
377 2368 394 2389 a
410 2359 490 2388 furia
500 2382 507 2394 ,
522 2358 689 2388 dicendum
701 2359 783 2398 qnod
796 2368 858 2389 non
872 2361 918 2389 est
929 2359 1031 2390 simile

258 2412 296 2443 de
308 2413 404 2450 furia,
417 2415 447 2442 et
459 2411 691 2451 deinipotentia
701 2412 850 2448 coeundi,
864 2413 936 2452 quia
949 2413 1031 2443 furia

259 2465 387 2505 impedit
402 2465 522 2495 ratione
539 2473 729 2502 consensus;
746 2467 777 2495 et
799 2474 970 2496 consensus
986 2468 1032 2496 est

259 2518 293 2548 in
306 2528 370 2549 uno
385 2520 473 2557 actu,
490 2520 521 2549 et
537 2518 570 2548 in
593 2519 713 2548 modico
731 2520 887 2558 tempore3
911 2521 941 2550 et
961 2519 1031 2550 ideo

735 1453 839 1480 tamen
862 1451 885 1480 si
907 1453 1031 1480 contra<

295 2616 352 2646 ¹Cf.
370 2618 395 2641 S.
414 2617 493 2641 Thom
507 2636 514 2647 ‚
530 2617 554 2640 in
570 2616 658 2648 suppl.
680 2623 705 2647 p.
724 2617 767 2647 ill,
787 2624 811 2648 q.
831 2623 922 2648 vam,
939 2619 985 2641 nrt.
1002 2619 1032 2649 ὧς

262 2652 390 2683 hiuhma„
411 2653 440 2676 tV
462 2654 540 2683 Smin,
561 2652 618 2675 dist.
637 2656 728 2681 xuni,
748 2655 795 2676 art.
819 2655 840 2681 4,
860 2660 884 2683 q.
912 2659 944 2683 ης
965 2653 1030 2677 Gnil.

263 2688 429 2718 Altisiod.,lv
454 2689 532 2717 sent,
555 2689 626 2711 tract.
653 2694 693 2717 m,
718 2694 740 2710 c.
766 2693 815 2719 vn,
837 2696 861 2719 q.
884 2695 914 2718 ¹3
939 2688 1030 2713 Thoni.

1803 218 1860 246 333

1090 279 1114 308 si
1131 281 1207 309 tunc
1221 279 1260 309 sit
1276 280 1374 318 furIa,
1391 290 1464 311 cnm
1481 281 1570 312 tollat
1584 290 1771 312 consensum
1782 308 1791 319 ,
1807 282 1863 312 im-

1090 332 1173 370 pedit
1187 333 1438 363 matrimonium.
1458 334 1516 364 Sed
1533 335 1716 374 impotentia
1730 335 1863 365 coeundi

1090 386 1137 414 est
1164 387 1272 415 contra
1302 386 1494 416 matrimonii
1518 397 1612 418 usum
1623 412 1630 425 ,
1660 398 1724 418 non
1756 391 1864 418 contra

1089 446 1277 468 consensum
1292 448 1299 468 :
1317 443 1347 468 et
1362 439 1437 478 quia
1453 449 1527 469 usus
1550 443 1651 470 totum
1673 444 1798 480 tempus
1813 441 1863 471 vi-

1090 492 1131 520 tae
1148 492 1322 529 concernit,
1340 492 1410 522 ideo
1426 501 1488 522 non
1509 496 1556 523 est
1581 494 1861 533 impedimentum,

1089 543 1151 572 nisi
1168 544 1373 582 protendatur
1389 554 1444 583 per
1458 547 1554 575 totam
1570 547 1680 577 vitam.

1131 595 1160 626 4.
1177 597 1224 627 Ad
1247 597 1325 627 illud
1347 598 1432 637 quod
1454 599 1603 638 objicitur
1626 600 1663 630 <le
1687 601 1861 640 baptismo,

1090 649 1258 680 dleenduin
1272 651 1355 689 quod
1371 660 1434 681 non
1449 655 1495 682 est
1519 652 1619 682 simile
1630 677 1637 690 ,
1657 653 1731 692 qnia
1745 653 1864 693 baptis-

1090 712 1162 732 mus
1187 706 1234 733 est
1266 706 1501 735 sacramentum
1535 708 1643 735 contra
1673 707 1828 744 originale
1855 718 1861 738 :

1090 756 1173 795 quod
1189 756 1264 795 qula
1280 766 1335 796 per
1352 757 1447 787 alium
1465 761 1661 789 contractum
1676 762 1733 797 est,
1750 761 1865 790 sut'ticit

1089 809 1212 840 alienus
1235 820 1421 850 consensus,
1447 821 1504 841 nec
1527 814 1649 851 oportet
1671 813 1864 843 intervenire

1089 864 1255 903 proprium
1272 875 1278 894 ;
1298 874 1361 895 non
1377 865 1420 896 sic
1436 865 1467 895 in
1486 866 1662 905 proposito,
1684 866 1747 897 imo
1767 876 1860 906 opor-

1089 919 1132 947 tet
1147 918 1230 956 quod
1247 918 1438 948 contrahens
1455 920 1638 950 consentiat.

1356 1033 1536 1070 QUAEsTio
1560 1034 1597 1064 ll.

1117 1112 1162 1138 An
1176 1120 1329 1146 cognoscens
1345 1121 1461 1141 sororem
1474 1116 1565 1141 uxoris
1577 1116 1663 1149 possit
1678 1115 1832 1141 contrahere

1360 1160 1561 1186 matrimoniimz
1579 1163 1596 1185 ¹.

1130 1237 1171 1267 De
1192 1238 1392 1277 perversione
1410 1239 1581 1269 voluntatis
1602 1239 1633 1268 in
1654 1239 1860 1278 incestuosis,
1876 1247 1908 1268 Ad
1927 1253 1981 1274 opp.

1090 1293 1124 1320 ut
1141 1294 1215 1329 puta
1231 1300 1303 1321 cum
1320 1293 1390 1331 quis
1406 1293 1489 1330 jacet
1513 1301 1587 1321 cum
1610 1293 1717 1322 uxoris
1738 1302 1860 1323 sorore:

1090 1343 1250 1380 Qnaudtnr
1265 1354 1343 1383 crgo
1362 1347 1471 1374 utrum
1491 1345 1550 1375 tale
1570 1345 1689 1375 crimen
1714 1346 1863 1385 impediat

1089 1397 1347 1435 niatiinioniuin,
1371 1400 1401 1427 et
1426 1398 1516 1428 tuoiat
1543 1407 1709 1437 p=3=rsonam
1731 1400 1862 1438 illegiti-

1089 1461 1185 1481 mam.
1216 1452 1247 1481 lit
1270 1452 1353 1491 quod
1376 1452 1431 1487 sic,
1454 1452 1578 1482 videtur
1600 1455 1628 1482 Ι.
1651 1463 1705 1491 per
1732 1455 1863 1484 auctori-

1088 1507 1177 1542 tates,
1195 1514 1275 1544 quas
1290 1505 1417 1535 adducit
1432 1505 1584 1543 Magister
1597 1505 1629 1535 in
1642 1506 1756 1537 Iltiera.

1127 1560 1156 1588 ⁶2.
1178 1558 1252 1588 Item
1270 1559 1330 1588 hoc
1345 1559 1449 1597 ipsum
1466 1559 1616 1598 [n'ohatur
1630 1559 1767 1596 ratione,
1787 1562 1863 1600 qula

1087 1611 1121 1641 in
1136 1620 1199 1650 quo
1215 1612 1286 1650 quis
1302 1614 1423 1650 peccat,
1444 1612 1475 1641 in
1497 1612 1556 1642 hoc
1578 1613 1774 1652 torquendus
1790 1616 1835 1643 est
1852 1623 1860 1644 :

1087 1665 1139 1694 sed
1158 1665 1295 1694 incestus
1317 1665 1372 1694 ist-e
1394 1665 1453 1695 fuit
1478 1668 1587 1695 contra
1610 1666 1731 1696 bonum
1753 1667 1862 1697 matri-

1088 1718 1185 1747 monii
1204 1729 1209 1748 :
1228 1727 1306 1756 ergo
1323 1718 1355 1747 in
1371 1728 1408 1748 eo
1424 1718 1515 1748 debet
1531 1719 1648 1757 puniri.

1128 1774 1156 1801 3.
1189 1771 1265 1801 Item
1295 1771 1432 1801 affinitas
1459 1772 1659 1801 contrahitur
1688 1772 1719 1802 in
1750 1773 1862 1812 copula

1087 1825 1205 1855 carnali
1225 1835 1230 1854 z
1249 1825 1302 1855 sed
1318 1826 1456 1855 astinitas
1472 1826 1603 1864 impedit
1622 1826 1861 1856 matrimonium

1087 1878 1356 1914 contrahendum,
1374 1882 1403 1908 et
1422 1879 1543 1909 dirimit
1559 1880 1627 1918 jam
1648 1882 1859 1917 contractum,

1087 1931 1167 1961 sicut
1182 1934 1212 1961 et
1228 1932 1490 1970 consanguinitas
1501 1956 1508 1968 ,
1526 1932 1575 1962 vel
1592 1933 1739 1971 cognatio
1757 1944 1763 1963 z
1781 1942 1860 1972 ergo

1087 1984 1111 2014 si
1128 1985 1226 2015 factus
1243 1987 1289 2015 est
1304 1985 1406 2015 at'tinis
1431 1985 1544 2022 uxori,
1572 1995 1635 2015 non
1659 1987 1728 2025 jam
1755 1989 1861 2016 manet

1087 2038 1338 2069 matrimonium.

1127 2093 1155 2121 4.
1173 2090 1266 2129 Item,
1284 2091 1368 2130 qnod
1389 2090 1498 2121 saltem
1520 2100 1583 2121 non
1602 2091 1711 2122 debeat
1730 2092 1859 2123 reddere

1086 2144 1228 2174 debitum
1240 2168 1247 2182 ,
1268 2145 1409 2175 videtur:
1423 2144 1497 2183 quia
1510 2144 1704 2184 quicumque
1717 2145 1776 2175 coit
1787 2155 1859 2176 cum

1086 2198 1335 2236 consanguinea,
1353 2198 1404 2228 vel
1419 2198 1522 2235 astino,
1540 2201 1646 2237 peccat
1662 2199 1834 2229 mortaliter
1851 2210 1857 2230 z

1086 2251 1140 2281 sed
1155 2251 1264 2282 nullus
1279 2254 1404 2282 tenetur
1420 2260 1547 2290 peccare
1567 2252 1741 2283 mortaliter
1756 2263 1762 2282 :
1781 2262 1859 2291 ergo

1086 2314 1150 2335 non
1165 2307 1290 2336 tenetur
1308 2305 1437 2335 reddere
1453 2305 1604 2335 debitum.

1126 2360 1240 2390 Contra
1260 2370 1266 2389 z
1293 2358 1379 2390 Uxor
1405 2368 1468 2389 non
1490 2358 1580 2389 debet
1606 2359 1711 2398 puniri
1735 2360 1767 2389 in
1788 2369 1857 2399 pec·
1874 2369 1978 2391 Fundam.

1085 2416 1154 2443 cato
1169 2412 1229 2443 viri
1244 2423 1249 2442 2
1265 2422 1344 2451 ergo
1360 2421 1421 2442 non
1436 2412 1582 2451 privatur
1592 2413 1661 2442 viro
1674 2423 1681 2442 :
1699 2414 1730 2442 et
1745 2413 1769 2442 si
1784 2414 1857 2450 hoc,

1086 2475 1166 2505 ergo
1183 2465 1241 2496 iste
1256 2469 1301 2496 est
1312 2466 1361 2496 vir
1374 2489 1383 2502 ,
1398 2467 1429 2495 et
1442 2467 1544 2505 potest
1554 2466 1593 2495 ab
1605 2475 1642 2496 eo
1657 2469 1761 2505 petere
1771 2466 1860 2496 dehi-

1086 2522 1177 2550 tum:
1195 2528 1273 2558 ergo
1288 2519 1312 2549 si
1335 2521 1440 2549 manet
1460 2519 1625 2550 vinculum
1649 2519 1808 2550 relationis
1829 2520 1860 2549 in

1087 2619 1201 2649 Argenti,
1224 2618 1253 2642 IV
1275 2618 1352 2648 Sena,
1370 2618 1426 2641 dist.
1448 2624 1535 2648 xxxw,
1559 2625 1583 2648 q.
1608 2624 1631 2645 1,
1656 2619 1702 2641 art.
1723 2619 1749 2648 lu;
1772 2618 1860 2648 Stepli.

1088 2653 1191 2683 Brulef,
1205 2654 1234 2678 lV
1247 2654 1325 2684 Sent„
1336 2654 1393 2677 dist,
1411 2659 1499 2683 xxxiv,
1513 2661 1537 2684 q.
1554 2659 1594 2683 V13
1609 2654 1695 2676 Petrus
1708 2654 1737 2675 di·
1749 2654 1860 2685 'l'arant.,

1088 2690 1117 2713 lV
1132 2692 1212 2719 sent„
1227 2690 1284 2713 dist..
1295 2696 1385 2720 xxxiv,
1402 2697 1426 2720 q.
1443 2695 1487 2712 vn.
