1991 3006
141 464 236 492 Improb.

714 275 811 305 DIST.
833 274 962 306 XXXIV.
988 274 1078 306 ART.
1103 275 1139 305 ll.
1165 275 1344 313 QUAESTIO
1368 277 1404 306 11.

260 342 385 380 ficium,
400 342 451 373 vel
467 351 522 382 per
537 342 682 373 divinum
698 341 854 371 auxilium
871 350 878 371 ε
896 343 927 372 01
940 341 1027 372 (11Χο-

262 397 335 426 runt
346 395 423 425 illud
434 395 607 434 capitulum
618 394 721 434 primo
732 394 927 434 propositum
940 395 1031 425 abro-

260 451 383 486 gatum.
409 448 470 478 Sed
498 450 580 478 certe
607 448 710 478 adbuc
737 448 819 478 istud
848 450 893 478 est
921 451 1030 478 contra

260 500 531 539 experimentum,
554 502 584 530 et
598 503 705 530 contra
723 502 776 539 ι1115
792 510 931 537 novum,
955 501 1030 540 quia

259 553 420 583 decretalis
445 553 576 584 Honorii
599 554 742 593 praecipit
766 554 798 584 in
824 554 939 584 talibus
962 555 1029 584 lieri

258 605 449 644 divortium,
472 615 544 636 cum
563 607 778 646 experimento
800 607 967 646 probatum
991 608 1031 638 sit

259 659 375 689 multos
388 659 546 690 habitasse
561 659 656 689 simul
672 668 726 699 per
740 659 874 698 longum
890 661 1027 699 tempus,

258 714 288 742 et
301 712 483 743 adhibuisse
498 721 628 752 operam
644 721 795 751 magnam
807 736 814 749 ,
837 715 868 742 et
881 713 1029 752 quaesisse

260 765 358 795 multa
373 765 523 802 remedia,
540 768 570 795 et
584 765 662 795 nihil
680 766 809 795 omnino
824 765 960 796 valuisse
977 775 984 796 :
1001 768 1030 795 et

258 818 326 849 ideo
347 827 402 858 per
421 818 649 858 experientiam
671 818 797 857 conjicit
818 818 953 848 Ecclesia
970 819 1030 848 tale

259 871 447 902 maleficium
464 871 632 911 aliquando
649 880 715 901 esse
736 874 934 910 perpetuum.
954 874 1030 901 Rur-

257 934 326 962 sus,
348 925 422 964 quia
436 925 527 955 multi
543 927 616 955 suut
631 924 686 963 qui
704 924 880 954 remedium
895 924 1027 954 invene-

257 980 349 1015 runt,
371 978 496 1017 conjicit
515 987 578 1007 non
595 986 719 1016 semper
734 987 801 1007 esse
816 980 1004 1017 perpetuum
1021 989 1027 1008 ;

257 1033 287 1061 et
306 1032 375 1062 ideo
399 1031 460 1062 hoc
481 1030 672 1061 maleficium
695 1030 865 1070 aliquando
880 1031 1028 1070 impedit,

256 1085 425 1124 aliquando
440 1094 516 1115 non.
535 1084 572 1114 Et
592 1084 662 1114 ideo
683 1083 859 1114 secundum
882 1093 1028 1113 000111111-

256 1146 328 1168 nem
358 1137 524 1168 doctorum
549 1137 732 1177 opinionem
763 1137 1026 1176 distinguendum

256 1192 321 1228 est,
347 1190 431 1230 quod
452 1190 639 1229 impotentia
661 1190 793 1220 coeundi
816 1190 1026 1227 accidentalis,

256 1252 328 1283 quae
350 1243 437 1274 venit
459 1252 514 1283 per
536 1243 742 1280 maleficium,
766 1245 820 1272 aut
840 1245 884 1273 est
906 1245 1029 1282 tempo-

257 1296 345 1333 ralis,
371 1299 425 1327 aut
445 1298 608 1336 perpetua.
625 1296 657 1327 Si
674 1296 868 1335 temporalis,
890 1305 953 1326 non
969 1297 1027 1326 im-

257 1349 358 1388 pedit;
385 1352 459 1379 tunc
478 1351 584 1379 autem
604 1349 811 1388 praesumitur
824 1358 891 1379 esse
908 1352 1030 1388 tempo-

257 1402 347 1440 ralis,
366 1403 492 1442 quando
508 1403 588 1432 infra
602 1403 740 1442 spatium
755 1403 851 1432 trium
872 1411 1029 1433 annorum

257 1456 483 1493 cohabitantes,
505 1458 535 1485 et
550 1465 646 1495 quam
662 1458 793 1495 possunt
807 1465 934 1495 operam
951 1457 1028 1486 dan-

257 1511 317 1546 tes,
340 1505 407 1539 sive
426 1518 482 1548 per
501 1509 706 1539 ecelesiastica
726 1512 938 1547 sacramenta,
963 1510 1030 1540 sive

256 1570 312 1601 per
330 1562 390 1592 alia
409 1562 548 1592 remedia
570 1563 673 1592 sanari
698 1564 840 1601 possunt.
867 1562 897 1592 Si
923 1564 1028 1592 autem

256 1624 319 1646 non
336 1617 488 1646 sanantur
502 1616 608 1655 aliquo
624 1616 780 1654 remedio,
801 1625 841 1646 ex
857 1618 931 1646 tunc
948 1626 1030 1656 prae-

256 1669 393 1699 sumitur
416 1678 482 1699 esse
505 1671 666 1709 perpetua.
695 1669 769 1700 Haec
794 1671 900 1699 autem
930 1669 1030 1709 impo—

256 1722 352 1752 tentia
368 1725 519 1762 perpetua
530 1724 585 1753 aut
602 1722 749 1762 praecedit
764 1722 939 1761 legitimam
957 1732 1029 1753 con-

256 1775 442 1806 tractionem
472 1775 684 1812 matrimonii,
715 1777 770 1805 aut
797 1776 941 1815 sequitur
966 1787 971 1806 ;
1002 1777 1028 1807 51

255 1829 420 1868 praecedit,
449 1829 519 1859 facit
546 1837 712 1868 personam
736 1829 955 1868 illegitimam,
986 1830 1029 1860 ita

254 1882 339 1921 quod
354 1881 485 1921 impedit
498 1881 760 1919 contrabendum,
781 1883 811 1912 et
826 1882 946 1912 dirimit
959 1883 1027 1921 jam

253 1937 468 1972 contractum;
486 1935 511 1964 si
528 1935 681 1973 sequitur,
704 1943 767 1965 non
785 1935 929 1974 impedit,
948 1936 1028 1966 sicut

254 1987 347 2017 etiam
362 1987 400 2018 de
421 1988 510 2018 sectis
532 1988 656 2025 dicitur,
678 1997 772 2018 causa
791 1997 899 2026 xxxa,
922 1999 978 2028 qu.
995 1991 1024 2027 7,

255 2040 308 2070 ubi
333 2040 394 2070 tale
416 2040 591 2080 capitulum
610 2040 804 2079 inscribitur,
826 2044 855 2071 et
876 2042 908 2071 in
924 2042 1027 2073 littera

254 2090 407 2133 ponitur‘:
426 2105 440 2122 11
456 2093 502 2124 1111
524 2094 579 2133 qui
599 2094 840 2124 matrimonium
861 2095 930 2125 sani
950 2105 1024 2126 con-

253 2150 435 2185 traxerunt,
463 2150 492 2178 et
513 2147 570 2178 uni
593 2156 633 2177 ex
657 2147 780 2178 duobus
803 2150 857 2178 aut
876 2150 1024 2187 amentia,

253 2203 307 2231 aut
328 2201 427 2238 furor,
448 2202 502 2231 aut
520 2200 626 2239 aliqua
646 2200 814 2231 infirmitas
828 2202 962 2239 accedit,
986 2203 1026 2233 ob

253 2254 334 2284 hanc
349 2263 475 2284 causam
491 2254 643 2293 coniugia
658 2253 769 2283 talium
784 2254 862 2284 solvi
878 2264 941 2284 1100
957 2265 1024 2294 post

253 2309 338 2337 sunt.
359 2318 373 2335 1)
393 2306 545 2337 Similiter
570 2306 814 2345 intelligendum
837 2307 874 2337 de
898 2308 947 2337 liis
970 2309 1024 2348 qui

253 2360 292 2390 ab
324 2360 514 2391 adversariis
547 2362 761 2397 excaecantur,
791 2362 846 2390 aut
874 2362 1026 2391 membris

253 2415 457 2450 truncantur,
488 2415 543 2444 aut
565 2423 583 2443 a
607 2413 749 2443 barbaris
776 2414 851 2444 secti
875 2417 957 2445 sunt.
990 2414 1026 2445 Et

252 2466 295 2496 sic
324 2466 578 2504 concedendum,
609 2466 693 2505 quod
723 2466 804 2496 sicut
833 2468 927 2497 sectio
953 2477 1025 2507 quae

252 2519 352 2550 reddit
376 2519 581 2558 impotentem
601 2519 640 2549 ad
662 2519 795 2557 coitum,
823 2520 895 2550 facit
917 2530 1023 2560 perso-

253 2581 327 2602 nam
339 2571 548 2611 illegitimam,
562 2573 588 2602 si
600 2573 754 2612 praecedat
765 2574 1021 2611 contractionem,

252 2633 314 2654 non
339 2624 411 2654 facit
438 2625 463 2655 si
491 2628 655 2665 sequatur,
686 2626 761 2665 quia
786 2627 1024 2657 matrimonium

252 2685 318 2707 non
338 2678 439 2716 potest
457 2677 536 2709 solvi
558 2678 619 2708 nisi
641 2688 695 2718 per
712 2681 847 2710 mortem
863 2680 913 2710 vel
932 2680 1025 2720 spiri-

254 2729 387 2768 tualem,
403 2729 453 2760 vel
465 2731 633 2762 carnalem.
652 2731 753 2769 Unde,
769 2732 883 2770 Extra,
900 2734 937 2763 de
952 2742 1024 2764 con-

1801 281 1855 311 331

1086 351 1152 373 ver.
1172 344 1435 382 conjugatorum,
1452 344 1505 375 Eoe
1518 347 1608 383 parte
1623 347 1694 383 tua,
1712 346 1767 376 uhi
1781 347 1858 377 dici-

1086 398 1137 426 tur
1151 407 1156 426 :
1177 407 1191 423 a
1205 395 1251 426 Ex
1267 405 1330 435 quo
1346 397 1585 427 matrimonium
1602 398 1683 428 inter
1697 399 1859 437 legitimas

1086 458 1236 487 personas
1251 458 1307 488 per
1322 450 1418 479 verba
1433 450 1470 480 de
1486 451 1632 489 praesenti
1648 453 1855 490 contrahitur,

1086 502 1118 532 in
1135 502 1221 532 nullo
1238 504 1339 541 potest
1358 512 1432 533 casn
1452 503 1596 540 dissolvi,
1620 507 1655 535 ut
1668 505 1795 536 vivente
1811 516 1859 537 re-

1086 555 1172 594 liquo
1188 555 1267 585 alter
1283 555 1378 594 possit
1393 556 1431 586 ad
1446 557 1583 587 secunda
1596 560 1669 588 vota
1684 559 1854 590 transire.»

1088 608 1117 637 Si
1133 608 1231 646 igitur
1246 610 1396 647 sequatur
1411 610 1668 648 contractionem,
1685 620 1748 641 non
1763 612 1860 652 impe-

1086 661 1148 698 dit;
1171 661 1195 690 si
1212 670 1287 691 vero
1302 662 1467 701 praecedit,
1487 662 1633 702 impedit,
1650 664 1675 693 si
1691 665 1730 694 sit
1746 674 1858 705 perpe—

1088 716 1190 744 tuum.
1216 714 1388 753 Dupliciter
1403 718 1509 745 autem
1525 717 1559 745 fit
1575 717 1766 748 maleficium
1786 728 1857 758 per-

1087 769 1218 806 petuum
1232 778 1237 797 :
1253 769 1308 797 aut
1324 770 1465 807 respectu
1481 768 1584 798 omnis
1602 770 1755 808 mulieris,
1772 776 1802 801 et
1816 772 1859 801 sic

1086 819 1187 849 reddit
1212 819 1383 850 inhabilem
1407 821 1445 851 ad
1466 830 1612 858 omnem3
1639 825 1694 852 aut
1718 827 1859 862 respectu

1087 873 1197 902 uxoris
1223 884 1229 903 :
1255 876 1285 903 et
1307 873 1350 903 sic
1373 874 1473 904 reddit
1495 875 1668 905 inhabilem
1693 876 1731 906 ad
1755 877 1857 914 illam,

1087 925 1141 955 sed
1156 935 1220 956 11011
1234 926 1271 956 ad
1287 935 1397 957 0111005
1412 936 1419 957 :
1435 930 1466 957 et
1480 930 1555 958 tunc
1571 928 1646 958 tales
1660 929 1796 968 separari
1810 939 1857 960 se-

1089 979 1229 1009 cundum
1242 981 1318 1018 ,iura
1332 984 1473 1019 possunt,
1490 984 1520 1011 et
1535 982 1602 1011 aliis
1615 982 1755 1021 copulari
1773 993 1779 1013 2
1796 992 1859 1013 non

1085 1032 1129 1061 sic
1145 1034 1190 1061 est
1214 1032 1252 1062 de
1274 1033 1416 1071 frigidis,
1439 1034 1514 1073 quia
1529 1034 1555 1063 si
1578 1034 1767 1074 copulantur
1788 1035 1858 1073 alii,

1086 1085 1142 1115 scit
1165 1085 1302 1115 Ecclesia
1323 1095 1355 1116 se
1377 1095 1443 1116 esse
1465 1087 1642 1126 deceptam,
1669 1090 1698 1117 et
1722 1088 1792 1118 ideo
1810 1098 1858 1119 re-

1086 1140 1198 1168 tractat
1211 1139 1336 1169 divortii
1348 1140 1546 1170 sententiam.
1561 1140 1772 1172 Concedendae
1786 1145 1861 1172 sunt

1086 1192 1186 1230 igitur
1201 1192 1337 1222 rationes
1347 1193 1556 1228 ostendentes,
1574 1194 1658 1233 quod
1670 1195 1861 1225 maleficium

1087 1247 1215 1283 praestat
1228 1245 1493 1284 impedimentum
1510 1247 1723 1278 matrimonio.

1130 1301 1155 1327 l.
1173 1297 1219 1327 Ad
1236 1298 1312 1328 illud
1324 1307 1413 1337 ergo,
1431 1299 1514 1338 quod
1531 1300 1690 1338 objicitur,
1708 1301 1792 1340 quod
1807 1310 1860 1340 po-

1086 1351 1202 1380 tentins
1221 1355 1266 1381 est
1288 1351 1341 1381 Dei
1363 1351 1568 1390 beneficium,
1593 1353 1760 1383 dicendum
1776 1354 1860 1393 quod

1086 1412 1199 1434 verum
1219 1406 1265 1434 est
1280 1405 1383 1443 quoad
1403 1405 1432 1435 id
1449 1408 1557 1435 contra
1574 1406 1659 1445 quod
1682 1406 1858 1444 ordinatur,

1086 1459 1121 1486 ut
1150 1457 1406 1495 matrimonium,
1434 1467 1530 1497 quam
1556 1459 1685 1488 morbus
1709 1459 1858 1499 concupi-

1086 1509 1214 1540 scentiae
1234 1521 1239 1540 :
1260 1510 1335 1549 quia
1357 1511 1486 1540 morbus
1507 1520 1570 1541 non
1586 1512 1677 1542 vitiat
1697 1512 1859 1543 matrimo-

1087 1562 1187 1600 nium,
1201 1562 1254 1593 sed
1267 1563 1506 1593 matrimonium
1518 1567 1648 1595 excusat
1660 1565 1783 1596 vitium.
1801 1566 1860 1597 Sed

1087 1615 1326 1646 matrimonium
1352 1625 1415 1646 non
1437 1619 1483 1647 est
1505 1617 1685 1649 ordinatum
1707 1619 1745 1648 ad
1772 1620 1859 1649 resti-

1086 1669 1235 1699 tuendam
1254 1669 1426 1708 potentiam
1441 1671 1590 1707 coeundi;
1612 1674 1642 1701 et
1660 1671 1729 1701 ideo
1744 1672 1861 1702 malefi-

1084 1722 1169 1751 cium
1193 1731 1256 1752 non
1280 1722 1390 1760 vincit,
1413 1732 1470 1753 000
1491 1724 1619 1763 expellit
1637 1735 1643 1754 ι
1663 1734 1719 1755 nec
1741 1734 1780 1755 ex
1801 1725 1860 1756 hoc

1085 1775 1240 1814 seqnitur,
1259 1776 1344 1814 quod
1361 1776 1551 1807 maleficium
1567 1777 1606 1807 sit
1621 1778 1790 1817 potentius.

1125 1831 1154 1859 Ξ.
1174 1829 1219 1859 Ad
1242 1829 1319 1859 illud
1342 1830 1426 1869 quod
1446 1831 1604 1869 objicitur,
1626 1832 1710 1870 quod
1732 1831 1860 1862 dissolvi

1084 1885 1183 1921 potest
1214 1891 1269 1921 per
1298 1892 1426 1912 causam
1437 1907 1444 1920 ,
1476 1885 1548 1920 etc„
1579 1884 1746 1914 dicendum
1776 1885 1860 1924 quod

1084 1944 1178 1965 omne
1209 1935 1270 1965 tale
1299 1935 1491 1966 maleficium
1520 1936 1648 1967 dissolvi
1679 1940 1777 1977 potest
1806 1946 1860 1976 per

1084 1987 1200 2024 Deum,
1224 1988 1352 2019 dissolvi
1377 1989 1472 2019 etiam
1491 1992 1592 2029 potest
1608 2000 1663 2030 per
1677 1991 1858 2026 diabolum

1084 2041 1138 2071 scd
1154 2050 1219 2071 non
1230 2050 1324 2071 omne
1335 2041 1463 2072 dissolvi
1474 2045 1574 2082 potest
1589 2053 1643 2083 per
1655 2044 1857 2082 maleficium,

1085 2094 1134 2125 vel
1160 2095 1340 2125 humanum
1367 2095 1533 2125 consilium
1565 2107 1571 2126 2
1601 2097 1678 2136 quia
1707 2097 1856 2136 malefici,

1082 2148 1163 2178 sicut
1179 2157 1234 2187 per
1253 2147 1481 2178 consessionem
1497 2158 1607 2179 eorum
1627 2150 1736 2188 scitur,
1753 2151 1858 2191 aliqua

1084 2201 1238 2231 maleficia
1260 2201 1363 2231 sciunt
1384 2201 1500 2240 facere,
1524 2212 1596 2242 quse
1616 2203 1675 2243 ipsi
1695 2204 1734 2234 ad
1755 2205 1858 2244 poeni—

1084 2255 1211 2284 tentiam
1228 2255 1370 2285 conversi
1387 2264 1450 2285 non
1466 2260 1598 2295 possunt
1613 2257 1784 2295 destruere,
1800 2267 1857 2288 nec

1083 2307 1228 2337 homines
1244 2307 1346 2337 sciunt
1361 2308 1527 2338 consilium
1544 2309 1709 2348 adhibere,
1732 2313 1857 2350 propter

1082 2360 1142 2390 1100
1166 2360 1249 2400 quod
1276 2360 1430 2391 industria
1455 2361 1607 2392 diabolica
1636 2363 1857 2402 superexcellit

1082 2414 1268 2443 humanam.
1286 2413 1324 2443 Et
1339 2414 1489 2453 quoniam
1501 2415 1679 2446 humanum
1690 2416 1854 2447 consilium

1081 2467 1195 2504 deficit,
1208 2469 1238 2497 et
1252 2467 1332 2497 Deus
1344 2470 1472 2507 propter
1482 2469 1631 2499 meritum
1645 2469 1761 2509 peccati
1776 2478 1854 2508 prae-

1081 2520 1163 2550 teriti
1178 2521 1360 2559 frequenter
1378 2530 1440 2551 non
1455 2522 1599 2560 exaudit,
1616 2525 1646 2553 et
1661 2523 1802 2553 diabolus
1816 2523 1854 2553 ad

1081 2572 1140 2603 hoc
1152 2582 1215 2603 non
1226 2573 1318 2603 debet
1328 2573 1480 2612 invocari,
1493 2584 1549 2605 nec
1561 2576 1629 2614 ers
1643 2575 1853 2614 patrocinium

1081 2626 1256 2665 implorari,
1274 2626 1348 2656 hinc
1363 2629 1410 2657 est
1424 2628 1508 2667 quod
1524 2628 1585 2658 tale
1599 2627 1790 2658 maleficium
1805 2628 1853 2658 di-

1081 2679 1162 2710 citur
1177 2688 1245 2710 esse
1259 2682 1458 2719 perpetuum.

1122 2735 1150 2764 3.
1174 2733 1220 2764 Ad
1237 2733 1312 2764 illud
1334 2742 1412 2773 ergo
1427 2733 1512 2773 quod
1532 2733 1678 2773 objicitur
1691 2734 1729 2764 de
1744 2734 1851 2774 culpa,
