1991 3006
778 239 895 270 LIBER
918 237 1075 270 PRIMUS.

342 359 559 393 DISTINCTIO
581 358 682 390 XLIV.

129 441 170 467 An
189 441 256 466 Deus
274 439 355 474 possit
374 438 462 470 faeere
479 435 586 469 aliquid
600 435 707 468 melius,
724 442 802 469 quam
822 435 894 466 fecit.

258 520 329 543 Nune
344 517 403 542 illud
417 518 494 541 restat
507 516 689 540 discutiendum
701 534 708 546 ,
724 517 771 539 810.

167 581 242 618 Quae
255 579 326 609 fecit
340 579 438 608 facere
454 576 584 607 meliora
595 576 675 606 Deus
690 576 852 615 potuisset,

126 635 164 665 Et
180 633 294 664 melius
303 631 517 663 concernendo
532 639 611 666 rem,
629 629 653 659 si
670 629 832 666 voluisset;

126 688 277 727 Quodque
299 684 395 715 semel
423 684 544 723 potuit,
570 683 630 713 1100
655 691 780 722 semper
803 690 894 721 posse

204 741 352 779 negatur.

125 796 192 836 Ipse
215 793 365 833 Magister
389 792 420 821 iu
443 791 503 821 1100
531 799 594 821 11011
619 789 795 820 consentire
819 797 893 828 pro-

204 848 315 878 hatur:

125 902 162 933 Et
177 902 262 942 quod
282 902 423 932 mutatur
439 900 469 929 iu
485 908 518 929 se
535 899 614 929 Deus
630 897 852 938 adstipulatur.

343 1010 559 1043 DISTINCTIO
581 1009 669 1041 XLV.

126 1094 163 1119 De
184 1093 317 1119 voluntate
336 1091 397 1120 Dei,
417 1097 474 1123 quse
492 1089 601 1115 essentia
620 1089 668 1115 Dei
689 1088 804 1119 (licitur,
827 1088 898 1122 quod

224 1144 280 1162 uua
293 1136 347 1166 sit,
365 1138 388 1161 et
402 1136 518 1165 oeterna,
535 1135 560 1159 et
576 1133 606 1159 de
621 1133 708 1166 siquis
725 1132 791 1166 ejus.

181 1218 236 1241 Jam
249 1215 279 1240 de
293 1215 423 1239 voluntate
434 1213 582 1243 Deialiquid
597 1219 643 1243 pro
655 1219 745 1235 sensus
759 1230 766 1242 ‚
785 1214 832 1236 etr.

163 1279 247 1310 Velle
262 1278 315 1308 Dei
331 1277 413 1308 Deus
425 1278 481 1314 est,
498 1276 562 1313 sed,
579 1284 651 1315 quae
665 1276 744 1313 vult,
759 1284 825 1306 esse
840 1285 895 1306 ne-

202 1335 307 1372 gatur.

124 1387 202 1419 Cum
217 1387 301 1417 fers:
324 1384 398 1416 Vult
418 1384 499 1415 Deus
522 1384 596 1421 hoe.
623 1383 755 1414 essentia
782 1392 896 1423 resque

204 1441 343 1470 notatur.

124 1494 200 1526 Esse
224 1492 277 1523 Dei
292 1491 390 1529 velle,
408 1493 592 1522 cunctorum
613 1500 705 1521 031153
730 1490 893 1529 probatur.

125 1547 200 1578 Inde
211 1546 383 1577 voluntatis
398 1547 467 1585 ejus
483 1555 540 1575 nee
556 1554 649 1575 031153
662 1546 800 1584 petatur.

125 1600 226 1640 Signa
241 1598 412 1630 voluntatis
435 1598 553 1629 divinae
568 1600 639 1628 sunt
655 1597 834 1637 prohibere,

126 1653 276 1689 Consulit,
293 1653 387 1691 atque
398 1651 489 1691 Jubet
501 1675 509 1689 ,
528 1651 695 1690 permittit,
708 1651 811 1690 junge
826 1649 893 1689 pla-

206 1715 284 1737 cere.

340 1765 556 1797 DISTINCTIO
580 1765 682 1796 XLVI.

126 1846 173 1872 Illi
187 1845 323 1871 sententiae
334 1864 342 1877 ,
359 1851 411 1878 qua
426 1843 527 1869 dictum
541 1844 588 1873 est,
605 1843 654 1868 Dei
669 1842 830 1868 voluntatem
845 1849 896 1867 non

159 1897 233 1924 posse
256 1889 371 1919 cassari,
398 1895 455 1922 quoe
476 1888 533 1921 ipse
554 1888 609 1920 est,
636 1885 746 1920 quidum
773 1886 897 1912 ridentur

164 1934 279 1960 obviare.

205 2011 249 2035 Hic
262 2010 340 2034 oritur
357 2010 463 2041 quaestio
476 2017 481 2033 :
497 2009 592 2033 dictum
604 2010 642 2033 est
655 2009 723 2032 enim
732 2027 739 2039 ,
753 2011 801 2033 etc.

167 2073 253 2104 Velle
289 2071 496 2111 beneplaciti,
534 2070 618 2110 quod
649 2079 772 2109 semper
800 2070 895 2110 perfi-

206 2126 316 2157 ciatur.

128 2179 240 2211 Nullus
254 2180 405 2216 salvatur,
424 2179 463 2209 ab
478 2187 515 2208 eo
532 2177 591 2207 nisi
608 2177 808 2217 suscipiatur.

128 2233 215 2271 Quod
244 2232 328 2263 mala
358 2231 426 2262 vult
454 2232 522 2262 fieri
552 2231 664 2271 culpae,
694 2231 815 2262 ratione
840 2240 894 2262 ne-

208 2288 313 2325 gatur.

128 2339 202 2371 Esse
226 2339 346 2370 honum
369 2338 437 2369 fieri
463 2338 559 2376 mala,
583 2337 765 2378 simpliciter
788 2347 898 2377 repro-

209 2392 319 2429 batur3

129 2445 189 2477 Sed
205 2444 402 2482 concedatur,
420 2444 445 2474 si
457 2444 603 2483 junxeris
619 2455 626 2474 :
645 2444 800 2474 eliciatur.

130 2498 277 2538 Praecipit
301 2499 331 2528 et
357 2498 516 2538 prohibet,
545 2497 715 2538 permittit,
748 2497 895 2535 consulit,

210 2553 329 2593 implet.

1668 238 1726 266 633

954 305 1106 345 Quodque
1121 305 1195 336 mali
1212 314 1314 345 poenae
1338 305 1417 335 Deus
1431 305 1477 334 est
1491 304 1600 334 auctor
1613 327 1620 341 ,
1644 303 1724 333 rese-

1032 360 1122 389 ratur
1133 370 1140 396 3

954 413 991 444 Et
1011 412 1095 452 quod
1119 412 1269 452 permittit
1292 412 1361 442 fieri
1382 412 1464 442 mala
1478 436 1485 449 ,
1520 411 1721 441 sustineatur.

1157 523 1374 555 DISTINCTIO
1400 523 1519 555 XLVII.

983 601 1058 633 Quod
1070 601 1191 627 voluntas
1206 601 1255 626 Der:
1269 608 1368 634 semper
1385 601 1511 634 impletur
1526 599 1556 626 de
1572 600 1689 631 homine,

1182 653 1341 680 quocumque
1355 652 1380 671 se
1394 647 1492 671 vertat.

1015 726 1137 750 Voluntas
1149 725 1243 756 quippe
1258 725 1303 749 Dei
1316 732 1417 756 semper
1432 725 1521 749 efficax
1539 726 1596 756 est,
1612 726 1661 749 etc.

992 790 1084 820 Verte
1100 790 1138 829 (a)
1158 789 1308 829 placitum
1321 798 1397 820 vere
1410 813 1417 827 ,
1432 797 1504 819 cum
1520 788 1619 828 possis
1634 788 1725 827 signa

1033 852 1173 881 movere,

954 897 1052 936 Signa
1067 896 1240 927 voluntatis
1254 896 1407 927 absolutae
1425 896 1461 935 (b)
1480 895 1649 925 situantur.

953 950 1174 981 Conditionalis
1188 950 1305 981 mutari
1317 950 1410 988 signa
1425 949 1612 989 probantur.

1155 1061 1367 1093 DISTINCTIO
1390 1061 1522 1093 XLVIII.

955 1144 1030 1175 Quod
1047 1143 1192 1177 aliquando
1212 1144 1287 1169 homo
1310 1144 1379 1170 bona
1400 1144 1535 1170 voluntate
1561 1142 1639 1169 aliud
1653 1143 1726 1173 vult,

989 1196 1069 1222 quam
1078 1189 1146 1214 Deus
1159 1195 1169 1217 ,⁶
1184 1190 1209 1214 et
1220 1188 1369 1222 aliquando
1385 1189 1464 1214 etiam
1477 1187 1565 1221 mala,
1578 1186 1646 1214 idem
1658 1186 1728 1220 quod

994 1233 1058 1259 Deus
1074 1232 1157 1266 bona,
1174 1233 1308 1259 voluntate
1323 1233 1390 1259 vult.

1031 1317 1168 1341 Sciendum
1180 1324 1282 1348 quoque
1297 1319 1348 1346 851,
1363 1317 1432 1347 quod
1443 1316 1590 1348 aliquando,
1609 1318 1657 1340 810.

994 1380 1062 1411 Non
1092 1380 1161 1410 vult
1186 1388 1270 1419 saepe
1295 1380 1392 1418 Deus,
1419 1380 1514 1419 quod?
1527 1380 1623 1410 homo
1648 1379 1728 1410 benc

1032 1433 1112 1463 velle
1128 1433 1291 1472 probatur,

952 1487 1066 1518 Vivere
1082 1496 1154 1517 011111
1170 1488 1291 1526 patrem
1311 1487 1381 1517 vult
1394 1487 1465 1526 quis
1479 1497 1485 1523 ;
1503 1486 1596 1523 Deus,
1612 1487 1646 1516 ut
1661 1495 1727 1516 mo-

1032 1541 1145 1571 riatur.

953 1594 1104 1633 Quodque
1120 1594 1200 1624 Deus
1215 1593 1295 1624 bene
1310 1593 1395 1631 vult,
1412 1593 1527 1633 aliquis
1546 1592 1627 1622 male
1646 1592 1727 1623 velle

1032 1649 1174 1687 putatur.

954 1701 1046 1731 Recta
1061 1700 1207 1731 voluutas
1221 1702 1277 1737 est⁷
1295 1700 1319 1729 si
1335 1701 1421 1730 recto
1436 1699 1499 1729 fine
1515 1701 1657 1738 regatur.

953 1753 1040 1790 Quod
1056 1754 1135 1783 bene
1150 1753 1218 1783 vult
1233 1761 1316 1792 saepe
1332 1752 1423 1789 Deus,
1438 1752 1546 1791 implet
1562 1752 1643 1782 velle
1660 1762 1726 1783 ma-

1031 1806 1157 1843 lorum;

953 1859 1017 1890 Hoc
1042 1859 1073 1889 in
1102 1860 1204 1889 morte
1231 1858 1305 1889 Jesu
1330 1861 1422 1898 patet,
1448 1861 1478 1889 et
1499 1858 1586 1889 factis
1616 1868 1724 1898 repro-

1032 1912 1159 1942 horum.

952 1967 1037 1997 Velle
1052 1967 1116 2005 pati
1136 1966 1306 2004 Christum,
1324 1966 1408 2006 quod
1425 1966 1563 1997 mundus
1585 1976 1622 1997 eo
1644 1966 1726 1997 redi-

1032 2022 1149 2056 matur,

953 2073 1120 2113 Approbo;
1146 2072 1198 2102 sed
1223 2072 1373 2111 reprobo⁷
1401 2081 1473 2102 011111
1504 2072 1575 2112 quis
1603 2072 1669 2103 vult
1692 2076 1727 2103 ut

1032 2126 1200 2163 moriatur,

954 2180 1106 2211 Sanctum
1130 2178 1210 2210 velle
1235 2178 1310 2218 pati,
1336 2179 1421 2217 quod
1446 2181 1574 2209 sanctus
1600 2179 1725 2218 glorifi-

1035 2235 1134 2270 cetur,

954 2287 1008 2318 Vel
1023 2287 1107 2327 quod
1123 2295 1211 2316 sacra
1228 2286 1305 2316 fides
1327 2294 1383 2325 per
1403 2295 1477 2316 eum
1497 2286 1602 2325 magis
1616 2286 1726 2326 ampli-

1035 2341 1155 2377 ficetur,

954 2394 1149 2434 Coinprob03
1172 2393 1225 2423 sed
1245 2393 1395 2432 reprobo,
1415 2402 1488 2424 cum
1511 2394 1582 2433 quis
1603 2393 1672 2424 vult
1688 2393 1722 2433 (c)

1033 2449 1069 2477 ut
1085 2446 1254 2477 crucietur.

987 2528 1017 2557 ((1)
1033 2528 1092 2551 Coee.
1108 2526 1169 2549 edd.
1187 2527 1276 2549 vertat.
1289 2539 1319 2543 —
1334 2525 1367 2555 (h)
1385 2527 1444 2549 Item
1462 2526 1586 2550 absolute.
1598 2539 1627 2543 —
1644 2526 1672 2556 (c)
1685 2527 1722 2550 Ila

956 2563 1023 2587 Edit.
1036 2562 1123 2593 thqtl.;
1137 2562 1195 2585 Gaet.
1207 2562 1265 2585 edit.
1282 2568 1329 2586 non
1341 2561 1429 2585 habent
1444 2561 1505 2585 vult.
