1991 3006
180 246 219 274 84

180 310 264 349 quod
286 319 351 341 non
374 311 470 350 possit
492 311 618 349 propter
642 310 716 347 hoc.
739 310 823 350 quod
847 309 921 340 dicit
942 320 948 338 2

182 363 285 402 Super
304 366 438 400 terram,
462 363 629 393 dicendum
644 363 727 403 quod
743 364 817 393 illud
836 363 948 392 intolli-

178 416 266 455 gitur
293 416 331 447 de
354 416 521 455 judiciaria
544 419 707 456 potestate.
738 416 951 447 Nihilominus

178 470 285 499 tamen
298 472 399 508 posset
411 470 480 507 dici,
493 471 577 509 quod
593 471 730 509 quodam
746 470 839 500 modo
855 479 949 509 super

177 524 294 552 terram
306 525 394 560 sunt,
412 523 489 553 dum
505 533 541 553 511
546 533 601 562 per
616 526 732 553 1111111111
748 524 807 553 hoe
822 532 947 553 merue-

176 578 262 605 runt.

216 631 245 658 2.
264 629 311 659 Ad
326 629 404 660 illud
421 631 505 669 quod
524 631 672 669 objicitur
695 630 732 659 de
752 629 948 659 absolutione

175 683 205 711 01
222 682 388 720 ligatione,
407 686 505 722 potest
527 683 706 722 responderi
723 683 804 721 quod
823 692 886 711 non
902 684 946 712 est

174 734 294 772 simile,
316 735 390 774 qnia
409 736 536 775 pronior
555 738 600 765 est
619 735 701 765 Deus
715 735 752 765 ad
769 735 946 765 misericor-

173 789 269 828 diam,
281 790 663 821 011110011110111101111010111
674 790 757 820 dedit
774 790 943 829 potentian]

173 841 212 872 ad
235 843 459 874 miserendum.
477 843 529 874 Vel
552 843 736 880 dicendum,
762 843 845 882 quod
865 844 946 873 alius

173 904 206 925 se
221 898 322 934 potest
341 897 371 926 in
392 897 450 926 hac
465 897 531 927 vita
555 897 656 935 ligare
678 906 733 935 pro
747 906 799 932 eo,
821 899 851 926 et
870 899 944 927 tunc

173 956 212 978 ex
227 949 353 979 vinculo
370 950 528 980 charitatis
543 950 622 980 alins
638 950 821 980 absolvitur.

213 1003 242 1031 3.
264 1002 311 1032 Ad
330 1002 405 1033 illud
422 1003 504 1042 qnod
521 1003 670 1042 objicitur
684 1003 721 1033 de
737 1004 940 1042 relaxatione,

172 1055 257 1094 quod
267 1055 398 1085 includit
410 1057 579 1095 judicium,
596 1057 848 1096 respondendum
859 1059 942 1097 quod

172 1108 238 1147 ipse
255 1110 392 1148 procedit
408 1113 501 1149 prout
512 1111 665 1141 relaxatio
676 1112 802 1150 proprie
817 1112 940 1150 dicitur,

171 1163 202 1190 et
216 1161 259 1191 510
273 1162 397 1201 respicit
412 1163 494 1193 solos
509 1163 609 1194 vivos.

211 1217 240 1245 4.
258 1215 304 1245 Ad
320 1215 397 1246 illud
413 1217 496 1256 quod
514 1217 672 1255 objicitur,
691 1227 790 1257 quare
805 1227 869 1248 non
885 1220 938 1249 ab·

171 1268 265 1299 solvit
279 1269 345 1299 solo
360 1270 457 1299 verbo
471 1279 581 1299 omnes
600 1271 654 1309 qui
674 1274 747 1300 sunt
770 1272 801 1301 in
820 1282 939 1311 purga-

172 1321 266 1359 torio,
292 1322 460 1352 dicendum
475 1324 558 1362 quod
579 1323 603 1352 si
628 1324 706 1353 Deus
726 1334 782 1363 per
802 1326 941 1364 seipsum

171 1374 214 1403 510
234 1374 411 1412 miseretur,
436 1378 471 1405 ut
490 1385 614 1415 semper
629 1376 704 1407 velit
724 1379 829 1407 tenere
851 1388 941 1408 suam

167 1427 342 1466 justitiam,
366 1428 466 1458 multo
485 1429 596 1459 fortius
612 1430 665 1459 Dei
681 1430 833 1461 minister.
856 1431 942 1462 Unde

170 1480 359 1519 dispensatio
388 1482 545 1512 bonorum
574 1483 719 1513 Ecclesiae
747 1484 880 1515 discrete
911 1487 942 1515 et

171 1542 242 1564 cum
258 1535 473 1565 moderamine
488 1537 628 1567 facienda
641 1540 697 1567 est.
715 1537 864 1577 Alioquin
881 1539 941 1568 nisi

170 1587 300 1618 discrete
315 1589 414 1626 fieret,
432 1589 512 1619 Deus
528 1599 590 1619 non
606 1593 799 1629 acceptaret:
816 1594 845 1621 et
861 1591 942 1621 bona

170 1641 344 1680 spiritualia
361 1652 424 1673 non
440 1646 571 1682 possunt
585 1644 740 1683 dissipari,
762 1654 819 1674 nec
834 1647 942 1675 contra

169 1693 311 1724 divinam
336 1697 580 1735 acceptationem
605 1697 765 1734 distribui,
796 1698 942 1736 quamvis

170 1747 289 1785 possint
311 1748 392 1778 bona
414 1749 599 1788 temporalia
614 1758 677 1779 non
697 1750 799 1779 solum
816 1750 942 1790 dispen—

170 1799 249 1835 sari,
266 1808 378 1829 verum
394 1800 487 1829 etiam
505 1801 651 1839 dissipari
666 1801 704 1831 de
719 1802 809 1839 facto,
827 1811 939 1841 quam-

170 1851 218 1881 vis
233 1852 324 1882 aliter
338 1853 430 1883 dictet
442 1855 496 1893 jus
511 1855 654 1885 divinum
670 1865 737 1885 esse
751 1856 939 1886 faciendum.

169 1903 200 1934 Si
230 1906 302 1944 quis
328 1907 457 1936 autem¹
482 1908 648 1938 contendat
677 1908 839 1938 Vicarium
867 1909 942 1939 Jesu

170 1957 285 1988 Christi
300 1959 417 1991 habere
429 1962 630 2000 judiciariam
646 1964 831 2001 potestatem
847 1972 942 2002 super

169 2020 223 2041 eos
238 2013 292 2051 qui
308 2016 382 2043 sunt
398 2014 430 2043 in
447 2015 645 2053 purgatorio,
669 2024 732 2045 non
748 2017 793 2045 est
807 2015 835 2044 ei
855 2015 940 2045 mul-

170 2065 239 2093 tum
256 2064 398 2104 improbe
414 2067 640 2104 resistendum,
664 2068 740 2097 dum
760 2069 865 2097 tamen
881 2068 941 2098 hoc

170 2115 264 2146 dictet
283 2118 363 2149 ratio
386 2119 435 2149 vel
459 2120 627 2150 auctoritas
646 2120 823 2150 manifesta.
842 2120 939 2157 Quid-

170 2170 244 2208 quid
260 2171 344 2201 enim
366 2172 536 2212 loquamur
550 2173 759 2212 disputanteS,
782 2174 831 2203 vel
846 2174 939 2203 etiam

169 2224 388 2262 praedicantes,
413 2226 473 2256 hoc
496 2236 573 2256 sana
594 2227 655 2256 fide
677 2227 851 2257 tenendum
877 2230 938 2265 est,

168 2277 252 2315 quod
268 2277 419 2309 Dominus
434 2280 551 2310 vicario
567 2289 624 2310 sno
638 2280 865 2319 plenitudinem
880 2290 939 2320 po-

168 2330 286 2359 testatis
310 2332 461 2369 contulit,
489 2335 519 2362 01
546 2335 666 2363 tantam
692 2334 801 2372 utique
824 2334 940 2372 recepit

166 2383 366 2421 potestatem,
391 2388 543 2424 quantam
565 2386 692 2416 decebat
713 2386 836 2416 1101111111
858 2395 938 2425 puro

166 2434 232 2464 dari
250 2446 256 2464 :
274 2438 303 2465 ct
325 2436 384 2466 hoc
403 2438 441 2468 ad
460 2439 700 2469 {edificationem
717 2439 856 2478 corporis
871 2439 935 2477 sui,

165 2488 251 2526 quod
269 2491 314 2518 est
336 2489 482 2521 Ecclesia.
506 2491 592 2522 Unde
613 2501 707 2531 super
724 2493 782 2522 hoc
802 2502 865 2522 11011
888 2496 937 2522 10-

164 2542 300 2572 merarie
315 2543 473 2582 judicare,
494 2545 547 2575 sed
565 2545 685 2584 gratias
706 2545 859 2584 plurimas
876 2545 937 2575 Deo

164 2591 315 2625 debemus
330 2604 437 2634 agere.

165 2702 172 2708 Ι,
197 2673 201 2685 ¹
214 2674 266 2698 Hoc
277 2677 346 2700 tenet
359 2678 467 2707 Mediua,
481 2678 510 2701 dt:
524 2678 632 2709 Induly„
651 2686 672 2703 e.
690 2685 768 2703 xxxiv
780 2681 805 2703 et
817 2684 885 2703 xxxv
895 2691 938 2701 .-

164 2709 172 2714 ⁴
181 2707 221 2738 Cf.
235 2710 306 2733 Alex.
319 2712 412 2743 Alens„
423 2720 448 2743 p.
463 2713 502 2743 Ν,
514 2721 538 2743 q.
550 2720 626 2744 xxm,
637 2715 745 2738 membr.
757 2717 784 2745 2;
797 2716 822 2739 S.
833 2715 935 2745 Thom.‚

743 241 1048 274 SENTENTIARUM
1071 242 1142 273 LlB.
1169 243 1217 274 lV.

1263 363 1442 400 QUAESTIO
1466 364 1516 395 Vl.

1060 447 1103 473 Αη
1122 448 1299 481 indulslcntioe
1320 451 1424 476 tantum
1444 451 1569 484 valeant,
1592 453 1722 484 qnantum

1251 493 1433 527 proetli'cantur
1453 493 1490 529 (a)
1505 495 1524 520 ².

1043 576 1204 613 Quantum
1222 577 1348 608 valcant
1363 578 1547 618 hujusmodi
1564 579 1773 618 indulgentiae
1791 590 1893 611 Fundam.

1002 639 1074 669 quae
1092 631 1186 668 tiunt3
1203 634 1233 660 et
1246 631 1326 670 quod
1345 631 1469 661 valeant
1482 634 1605 662 tantum
1617 635 1773 672 quantum

1002 683 1225 722 praedicantur,
1240 684 1375 714 videtur.
1390 685 1464 723 quia
1475 685 1605 715 dicitur³
1619 696 1625 715 ;
1641 685 1712 717 Non
1724 687 1775 718 in-

1002 736 1090 776 disset
1114 738 1195 767 Deus
1215 740 1321 769 nostro
1341 738 1506 769 mendacio
1521 747 1531 768 .·
1551 747 1628 776 ergo
1648 738 1774 770 videtur

1001 790 1085 829 quod
1104 800 1250 820 summus
1268 790 1409 821 Pontifex
1426 792 1456 821 in
1471 792 1536 821 suis
1554 791 1664 822 litteris
1682 801 1772 823 men-

1001 843 1052 872 tiri
1068 852 1131 872 non
1147 843 1255 873 debeat
1270 855 1276 873 :
1290 844 1315 873 51
1331 853 1410 882 crgo
1425 853 1537 874 verum
1553 844 1638 882 dicit,
1653 847 1773 876 tantam

1000 897 1109 926 tribuit
1125 897 1373 936 indulgentiam,
1390 901 1543 938 quantam
1561 899 1593 928 in
1607 899 1672 929 suis
1690 898 1772 930 litte-

1000 950 1043 979 ris
1059 950 1224 989 promittit.

1040 1003 1134 1041 Item,
1159 1004 1213 1043 qui
1231 1004 1382 1043 promittit
1398 1004 1593 1044 aliquantam
1612 1014 1773 1036 summam

999 1057 1157 1095 pccuniae,
1175 1059 1299 1087 tenetur
1311 1057 1355 1093 ei,
1374 1057 1398 1087 si
1417 1059 1532 1096 potest,
1550 1057 1581 1087 in
1596 1057 1746 1088 solvendo
1763 1069 1770 1088 ε

999 1110 1052 1140 sed
1067 1120 1212 1141 summus
1228 1110 1384 1147 Pontifex,
1400 1112 1431 1141 et
1443 1110 1496 1140 alii
1512 1111 1567 1150 qui
1582 1111 1658 1141 dant
1673 1111 1773 1142 indul-

999 1163 1140 1201 gentias,
1163 1164 1351 1203 promittunt
1372 1163 1512 1203 aliquam
1534 1166 1655 1203 partem
1670 1165 1771 1204 poeni-

997 1216 1103 1246 tentiae
1118 1216 1261 1246 relaxare
1280 1227 1285 1246 τ
1303 1225 1392 1255 ergo,
1410 1217 1435 1246 si
1452 1219 1568 1256 potest,
1584 1217 1706 1248 solvere
1723 1220 1773 1249 te-

998 1271 1103 1299 netur.
1121 1270 1209 1306 Quod
1227 1275 1333 1300 autem
1350 1270 1462 1309 possit,
1481 1270 1607 1301 videtur
1624 1280 1679 1310 per
1695 1271 1772 1302 illud

998 1322 1082 1361 quod
1101 1322 1236 1352 dicitur*
1256 1333 1262 1352 z
1281 1322 1317 1353 Si
1338 1322 1419 1362 quid
1440 1322 1561 1354 donavi
1581 1324 1618 1354 in
1637 1331 1773 1363 persona

1000 1375 1136 1414 011⁷·istt,·
1152 1376 1259 1406 Glossa
1272 1387 1278 1406 ε
1294 1388 1308 1404 «
1318 1376 1362 1406 Ac
1377 1376 1402 1406 si
1417 1376 1559 1407 Christus
1575 1377 1721 1408 donasset
1734 1387 1742 1408 ε
1756 1389 1770 1406 n

998 1428 1052 1459 sed
1076 1429 1217 1459 Christus
1240 1430 1341 1469 potnit
1364 1431 1467 1460 totum
1493 1430 1671 1461 condonare
1692 1440 1700 1461 :
1723 1440 1771 1462 er-

998 1490 1051 1519 go,
1068 1484 1125 1512 ete.

1039 1534 1115 1564 item
1138 1534 1253 1574 aliquis
1274 1536 1439 1575 episcopus
1458 1537 1558 1575 potest
1577 1536 1773 1576 aliquantam

998 1588 1230 1626 indulgentiam
1245 1589 1363 1626 facere,
1384 1591 1451 1619 esto
1465 1589 1549 1629 quod
1568 1589 1685 1628 viginti
1699 1613 1706 1625 ,
1723 1589 1773 1620 vel

998 1641 1210 1680 quadraginta
1229 1641 1352 1672 dierum
1370 1652 1377 1672 :
1395 1641 1447 1671 sed
1463 1651 1610 1672 summus
1630 1641 1774 1672 Pontifex

998 1694 1070 1734 plus
1089 1697 1191 1733 potest
1209 1704 1306 1734 quam
1326 1705 1436 1725 ornnes
1458 1695 1611 1735 episcopi,
1632 1704 1669 1725 eo
1688 1694 1774 1735 quod

998 1748 1226 1787 plenitudinem
1244 1749 1337 1779 habet
1354 1749 1514 1788 potestatis
1529 1757 1624 1787 super
1639 1757 1750 1778 omnes
1765 1759 1771 1778 ε

998 1811 1077 1840 crgo
1098 1802 1168 1841 plus
1190 1804 1289 1841 potest
1309 1802 1400 1838 dare,
1425 1811 1522 1841 qnam
1541 1810 1652 1832 omnes
1669 1812 1676 1832 z
1694 1810 1774 1840 ergo

998 1855 1134 1893 videtur,
1149 1855 1231 1894 quod
1244 1857 1344 1884 totum
1358 1854 1453 1894 possit
1466 1854 1643 1885 condonare
1657 1864 1664 1884 ε
1680 1863 1769 1893 ergo,

998 1908 1024 1937 51
1045 1910 1164 1945 1010111,
1193 1910 1223 1937 01
1243 1916 1299 1947 per
1323 1916 1520 1946 consequens
1544 1907 1774 1947 quantamlibet

998 1964 1130 2000 partem.

1039 2014 1132 2051 Item,
1157 2023 1303 2044 summus
1322 2013 1465 2043 Pontifex
1486 2016 1587 2052 potest
1605 2014 1772 2045 100010111-

997 2066 1195 2104 dulgentiam
1210 2066 1390 2105 generalem
1406 2066 1503 2096 unius
1516 2066 1577 2096 diei
1592 2077 1599 2097 ι
1612 2076 1690 2105 ergo
1704 2076 1773 2098 cen-

997 2121 1065 2150 tum
1090 2119 1230 2149 millibus
1254 2122 1354 2158 potest
1378 2119 1452 2149 dare
1477 2128 1579 2149 unum
1605 2120 1703 2158 diem,
1729 2121 1772 2151 ita

997 2172 1082 2212 quod
1101 2172 1228 2202 cuilibet
1248 2181 1349 2202 unum
1368 2183 1374 2202 :
1392 2180 1471 2210 ergo
1490 2172 1560 2211 pari
1579 2172 1701 2203 ratione
1715 2177 1773 2207 uni

996 2228 1097 2265 potest
1113 2225 1197 2263 dare,
1215 2225 1299 2264 quod
1310 2224 1436 2255 divisim
1447 2225 1498 2255 (lat
1512 2225 1681 2255 omnibus:
1694 2234 1772 2264 ergo

996 2281 1097 2310 totum
1113 2279 1311 2309 condonare:
1324 2287 1402 2317 ergo
1414 2280 1538 2309 tantum
1552 2278 1657 2309 valent
1668 2278 1772 2309 indul-

997 2334 1126 2372 gentiae,
1142 2336 1297 2372 quantum
1309 2333 1421 2362 sonant
1437 2332 1550 2362 litterae
1563 2332 1768 2372 pontificales.

1035 2387 1148 2417 Contra
1175 2397 1180 2414 ι
1208 2385 1240 2416 Si
1265 2388 1387 2416 tantum
1410 2385 1515 2415 valent
1540 2385 1768 2424 indulgentiae,

995 2442 1150 2479 qnantum
1171 2439 1298 2476 dicitur,
1321 2447 1399 2477 crgo
1414 2447 1487 2468 cum
1500 2438 1610 2468 11101110
1625 2440 1655 2468 01
1670 2438 1770 2477 largae

995 2492 1201 2532 indulgentia}
1213 2493 1339 2530 fuerint,
1351 2494 1382 2522 et
1390 2491 1504 2521 merita
1513 2491 1574 2521 sint
1585 2491 1663 2522 adeo
1671 2500 1771 2531 pauca

994 2562 1083 2594 Suppl.
1107 2570 1130 2593 p.
1156 2563 1196 2593 111,
1217 2570 1241 2593 ¹1-
1266 2569 1331 2592 xXV,
1363 2563 1409 2586 art.
1434 2563 1460 2590 2;
1492 2561 1667 2592 Richa1·d.,1v
1693 2561 1771 2591 Sene.,

993 2599 1097 2627 disum,
1109 2600 1156 2621 art.
1169 2600 1192 2628 3,
1206 2605 1230 2628 q.
1246 2604 1278 2628 113
1293 2598 1382 2628 Steph.
1397 2596 1503 2626 Brules„
1516 2597 1547 2620 lv
1561 2598 1639 2626 Sent.,
1654 2596 1712 2620 dist.
1726 2602 1771 2626 xx,

994 2641 1022 2664 q.
1040 2640 1079 2664 1x3
1099 2634 1187 2657 Petrus
1202 2633 1232 2657 de
1246 2634 1358 2663 Τᾶν-11110,
1374 2633 1408 2656 lV
1424 2632 1503 2661 δεηίυ
1519 2632 1576 2656 dist.
1596 2638 1640 2662 xx,
1660 2638 1685 2662 q.
1703 2637 1768 2656 xxu.

993 2682 1023 2686 —
1035 2669 1107 2698 ³Job,
1124 2674 1181 2699 xni,
1198 2670 1260 2692 7.—
1272 2669 1281 2684 ⁶
1295 2669 1313 2692 ll
1328 2668 1394 2698 Corn,
1415 2673 1443 2698 n,
1460 2669 1498 2692 10.

1027 2713 1058 2743 (a)
1076 2713 1136 2737 Caee.
1151 2712 1211 2736 edit.
1228 2713 1386 2743 praedicatur,
1403 2713 1427 2735 et
1443 2711 1479 2735 sie
1497 2711 1597 2735 deiude.

1788 2392 1820 2414 Ad
1840 2399 1890 2420 opp.
