1991 3006
60 781 92 800 Ad
112 788 162 807 opp.

648 223 744 255 DIST.
768 221 927 254 xxxvia.
952 219 1040 251 ART.
1065 219 1101 249 11.
1127 218 1261 255 QUAEST
1285 218 1308 249 Ι.

213 293 293 324 ltem
311 292 453 330 videtur,
477 292 561 332 quod
581 291 670 322 nullo
686 291 780 322 modo
793 288 943 328 impediat

174 346 415 377 matrimonium
433 357 440 376 ε
464 345 541 385 quia
559 345 641 375 sicut
663 354 695 375 se
718 344 813 374 habet
833 341 945 372 matri-

175 399 320 430 monium
339 400 595 429 consummatum
611 398 650 428 ad
665 399 777 428 votum
795 395 945 427 solemni-

176 454 299 488 zatum,
324 451 368 481 ita
392 451 629 482 matrimonium
653 460 718 481 non
742 457 945 480 consumma-

176 508 244 536 tum
268 505 307 534 ad
326 507 437 534 votum
452 513 517 534 non
532 505 770 535 solemnizatum
788 513 795 534 :
812 503 865 533 sed
881 511 946 531 ma-

176 557 363 588 trimonium
379 566 443 587 non
459 560 718 587 consummatum
733 566 798 587 non
816 554 947 594 impedit

176 613 290 642 votum
307 621 313 640 :
330 619 408 648 ergo
423 619 481 640 nec
504 610 638 647 dirimit3
656 620 735 649 ergo
758 612 869 640 votum
884 616 947 637 non

178 663 418 694 solemnizatum
432 672 499 693 non
512 663 655 702 impedit,
671 673 729 694 nec
743 661 862 693 dirimit
878 670 945 690 nia-

179 717 375 747 trimonium.

218 770 278 801 Sed
299 771 408 800 contra
427 778 434 799 :
460 772 488 798 1.
506 769 613 807 Ratio,
631 778 730 808 quare
755 770 866 799 votum
883 776 948 797 res-

178 823 275 854 cindit
288 825 317 853 et
332 822 451 852 dirimit
466 822 707 853 matrimonium
719 846 728 860 ‚
744 824 780 851 ut
795 821 867 851 dicit
882 820 946 850 Ma-

180 877 276 916 gister
288 877 320 905 iu
336 875 459 913 littera,
477 878 538 914 est,
555 879 586 907 et
607 876 742 906 habetur
756 875 827 905 dist.
844 882 947 911 xxvn,

180 940 206 960 c.
228 929 432 966 voventibus,
449 930 524 969 quia
543 929 735 960 voventibus
756 937 820 958 non
846 927 949 957 solum

179 983 317 1020 nubere,
335 983 388 1013 sed
403 983 499 1013 etiam
516 983 597 1013 velle
616 983 736 1013 nubere
759 984 805 1012 est
817 981 949 1011 damna-

180 1037 259 1074 bile;
279 1039 310 1066 et
331 1037 405 1076 quia
427 1037 549 1076 nuptiae
569 1038 643 1066 sunt
665 1036 710 1065 eis
732 1035 948 1071 damnabiles,

179 1089 248 1119 ideo
266 1089 409 1119 irritatur
424 1089 664 1119 matrimonium
682 1099 688 1118 ε
706 1090 736 1118 et
752 1088 812 1117 hoc
826 1096 890 1117 non
903 1096 951 1116 so·

179 1141 246 1172 lum
269 1142 302 1172 10
316 1145 390 1172 voto
405 1142 539 1173 solemni
558 1146 620 1179 est,
638 1141 688 1172 setl
711 1142 805 1171 etiam
833 1140 865 1170 in
878 1140 951 1169 sim-

179 1195 251 1234 plici
266 1204 273 1225 :
290 1204 380 1234 ergo⁷
395 1198 453 1225 etc.

219 1251 249 1279 2.
264 1248 340 1279 Item
357 1249 538 1280 Caelestinus
554 1249 636 1288 Papa
651 1248 741 1284 dicit,
762 1251 792 1277 et
806 1247 950 1277 auctori-

180 1304 227 1332 tas
241 1304 272 1332 in
289 1303 436 1333 decretali
452 1303 614 1342 praemissa
629 1326 637 1340 ‚
654 1302 737 1341 quod
752 1301 834 1340 apud
853 1301 951 1330 Deum

181 1364 245 1386 non
269 1356 375 1386 minus
397 1356 516 1393 obligat
539 1359 651 1389 votum
675 1355 825 1394 simplex,
855 1363 951 1393 quam

181 1410 292 1439 votum
304 1408 444 1439 solemne
457 1420 462 1438 :
481 1409 506 1438 si
521 1418 598 1447 ergo
611 1418 674 1439 non
691 1408 797 1437 minus
813 1407 950 1445 obligat,

181 1470 253 1491 eum
265 1461 417 1499 obligatio
431 1461 496 1491 voti
510 1461 659 1491 solemnis
673 1461 772 1490 irritet
787 1460 950 1490 matrimo—

180 1514 288 1550 nium,
305 1514 433 1544 videtur
452 1513 534 1553 quod
558 1516 588 1544 et
611 1513 763 1551 obligatio
788 1513 852 1543 voti
875 1513 951 1543 sim-

181 1567 279 1606 plicis.

221 1622 250 1650 3.
268 1619 367 1657 Item,
394 1619 450 1659 qui
473 1621 547 1650 voto
574 1619 708 1658 simplici
730 1621 826 1649 vovet
849 1619 952 1649 eonti-

182 1673 340 1710 nentiam,
370 1674 495 1702 tenetur
525 1682 691 1712 nunquam
729 1673 812 1702 coire
839 1685 844 1702 :
873 1682 953 1711 ergo

182 1728 443 1767 quotiescumque
463 1728 541 1765 coit,
558 1730 665 1767 peccat
679 1729 852 1758 mortaliter
869 1739 874 1758 :
900 1728 954 1758 sed

183 1780 290 1811 nullus
304 1782 405 1820 potest
417 1780 553 1819 obligari
564 1780 602 1810 ad
620 1780 752 1810 mortale
763 1785 925 1820 peccatum
945 1793 951 1812 ς

182 1843 260 1872 ergo
275 1843 348 1864 cum
360 1833 601 1864 matrimonium
621 1834 742 1872 obliget
763 1834 800 1864 ad
816 1835 950 1869 coitum,

182 1887 240 1917 iste
255 1895 319 1917 nou
335 1888 435 1925 potest
449 1886 583 1925 obligari
596 1887 810 1916 matrimonio.

223 1944 253 1972 4.
279 1940 355 1970 item
387 1949 498 1979 quaero
526 1949 624 1979 quare
644 1941 748 1979 magis
769 1942 881 1971 votum
909 1949 955 1971 so-

182 1994 286 2024 lemne
316 1993 556 2023 matrimonium
579 1993 723 2030 dirimat,
753 2003 849 2032 quarn
876 1993 952 2022 sim—

183 2047 267 2087 plex.
297 2046 331 2076 Si
357 2048 392 2076 tu
415 2047 516 2083 dicas,
539 2047 614 2086 quia
635 2047 815 2086 privatum,
835 2049 865 2076 et
886 2047 955 2077 ideo

183 2109 247 2130 non
263 2099 459 2137 scandalizat,
472 2108 529 2129 nec
544 2102 643 2139 potest
657 2100 782 2139 probari
792 2111 799 2137 3
817 2101 927 2129 contra
944 2109 951 2129 :

183 2152 263 2189 Quia
286 2152 526 2182 matrimonium
542 2155 738 2183 contractum
760 2153 791 2183 111
813 2153 956 2183 clanculo

183 2205 227 2235 sic
251 2205 352 2235 irritat
378 2206 621 2236 matrimonium
647 2215 781 2245 sequens
803 2205 841 2235 de
856 2206 953 2243 facto,

183 2258 264 2288 sicut
280 2261 478 2289 contractum
494 2259 526 2288 in
549 2260 714 2289 manifesto
733 2270 738 2289 :
762 2261 793 2289 et
807 2261 957 2297 przeterea

184 2314 296 2341 votum
313 2311 465 2341 emissum
483 2312 516 2341 in
541 2313 666 2351 publico
685 2321 791 2342 coram
810 2312 957 2342 omnibus

185 2365 279 2395 etiam
298 2365 329 2394 10
346 2365 412 2395 soro
425 2365 585 2404 judicatur
600 2365 745 2405 simplex,
765 2375 821 2395 nec
837 2365 957 2395 dirimit

184 2417 425 2448 matrimonium
434 2419 503 2457 ,jam
519 2421 724 2449 contrat-turn.

218 2515 221 2526 ¹
236 2514 309 2543 Aug,
323 2515 414 2538 Emzrr.
432 2516 455 2538 in
473 2516 538 2539 psal.
555 2522 642 2544 cxrzx,
657 2524 682 2539 11.
702 2518 726 2540 15

218 2566 251 2595 (a)
269 2568 420 2595 Augustinus
430 2568 506 2592 habet
522 2576 527 2591 :
548 2570 617 2592 «Pro
635 2569 833 2593 sanctificatione
847 2570 958 2600 porrecta

188 2602 254 2624 Deus
265 2602 308 2624 tibi
323 2604 487 2633 computabit,
500 2604 520 2627 si
534 2611 586 2627 non
602 2604 669 2634 quod
682 2604 758 2629 debet
774 2604 822 2628 (al.
837 2605 954 2633 ‹lebeturl

187 2636 282 2667 exigis,
299 2638 341 2660 sed
358 2638 442 2662 reddis
456 2639 524 2669 quod
539 2640 645 2663 debetur
659 2640 741 2664 uxori.
754 2649 766 2662 υ

1710 222 1766 251 383

1273 348 1495 380 CONCLUSIO.

1007 434 1100 460 Votum
1127 434 1240 468 simple-7:
1264 434 1433 460 contz'neneioe
1460 442 1512 460 71οη
1539 434 1646 461 dirimit
1672 435 1769 460 matri-

1037 479 1155 505 monium
1169 478 1226 512 jam
1241 480 1414 510 contractum,
1440 479 1499 504 licet
1513 479 1672 512 ymeralicer
1685 480 1769 512 impe-

1038 523 1095 549 diat
1109 522 1323 549 contrahendum.

1046 605 1137 645 Resp.
1154 605 1193 635 ad
1208 614 1278 643 arg.
1294 604 1469 635 Dicendum
1482 605 1565 644 quod
1575 608 1685 636 votum
1700 615 1771 636 con-

1004 658 1146 688 tinentiae
1166 661 1213 688 est
1238 658 1300 688 tale
1321 659 1451 694 votum,
1476 658 1559 697 quod
1584 659 1773 697 generaliter

1006 711 1137 751 impedit
1167 711 1408 742 matrimonium
1428 712 1696 750 contrahendum·‚
1719 713 1773 743 sed

1006 774 1069 795 non
1098 765 1288 803 generaliter
1317 764 1437 794 dirimit
1459 765 1528 803 jam
1555 767 1750 795 contractum
1764 788 1771 801 ‚

1005 818 1065 848 nisi
1082 818 1342 855 solemnizatum3
1359 820 1389 848 et
1411 818 1565 848 rationem
1583 818 1680 857 hujus
1694 818 1771 848 assi-

1009 873 1110 909 gnant
1134 871 1229 910 aliqui
1259 870 1404 901 Ecclesiae
1425 871 1663 901 institutionem.
1686 871 1774 908 Quod

1007 924 1092 954 enim
1108 934 1227 955 vovens
1243 925 1281 954 sit
1297 934 1431 963 persona
1444 924 1620 963 illegitima,
1638 925 1698 955 hoc
1710 934 1774 955 non

1007 980 1053 1007 est
1079 986 1119 1007 ex
1140 979 1228 1013 voto,
1253 977 1328 1016 quia
1342 977 1375 1006 111
1396 980 1463 1017 ipso
1485 978 1689 1008 matrimonio
1703 988 1773 1018 per-

1007 1031 1086 1061 fecto
1113 1031 1306 1061 continentia
1328 1031 1447 1061 servari
1470 1034 1569 1070 potest
1589 1032 1628 1061 ab
1650 1041 1703 1070 eo,
1721 1033 1775 1071 qui

1009 1084 1148 1115 debitum
1177 1093 1240 1114 non
1262 1085 1378 1123 exigit,
1404 1085 1456 1115 sed
1477 1085 1580 1115 solvit.
1607 1084 1692 1115 Unde
1714 1085 1776 1116 Au-

1007 1138 1156 1177 gustinus
1170 1138 1243 1168 dicit
1258 1138 1283 1175 ¹,
1300 1138 1383 1177 quod
1402 1141 1603 1178 computatur
1618 1148 1675 1178 pro
1689 1148 1776 1169 sanc-

1007 1193 1176 1223 tificatione
1201 1193 1354 1232 perfecta,
1371 1194 1398 1223 si
1418 1203 1484 1224 non
1498 1194 1617 1233 exigis,
1636 1194 1689 1224 sed
1710 1194 1777 1225 red-

1007 1246 1055 1276 dis
1070 1246 1154 1285 quod
1171 1246 1265 1276 debes
1283 1246 1334 1285 (a).
1359 1246 1418 1276 Sed
1434 1247 1517 1286 quod
1532 1247 1680 1287 impedIat
1692 1272 1699 1285 ‚
1717 1248 1777 1278 hoe

1007 1302 1053 1329 est
1070 1308 1109 1329 ex
1124 1299 1345 1329 constitutione
1362 1299 1505 1330 Ecclesiae
1519 1325 1526 1338 ,
1542 1302 1633 1339 cujus
1649 1303 1695 1331 est
1706 1310 1778 1341 per-

1007 1362 1100 1383 sonas
1134 1353 1310 1391 legitimas,
1331 1353 1382 1383 vel
1406 1353 1589 1392 illegitimas
1617 1355 1778 1385 matrimo-

1010 1406 1075 1443 nio⁷
1094 1405 1316 1436 determinare.
1336 1405 1423 1435 Ratio
1437 1409 1544 1436 autem
1563 1416 1661 1446 quare
1677 1407 1778 1438 Eccle-

1009 1460 1056 1489 sia
1070 1459 1107 1488 de
1121 1461 1195 1489 voto
1214 1459 1345 1488 solemni
1362 1459 1513 1496 instituit,
1531 1461 1566 1489 ut
1587 1460 1716 1499 dicunt,
1732 1464 1779 1491 est

1008 1513 1093 1552 quod
1117 1513 1150 1542 in
1172 1515 1245 1543 voto
1261 1513 1392 1542 solemni
1412 1522 1476 1543 non
1497 1516 1597 1552 potest
1613 1514 1731 1554 decipi,
1748 1518 1778 1546 et

1008 1568 1110 1605 potest
1130 1567 1162 1595 in
1190 1566 1341 1596 fractione
1367 1567 1436 1605 ejus
1465 1567 1683 1605 scamlalizari,
1703 1569 1777 1608 quia

1009 1620 1169 1658 publicum
1184 1622 1231 1649 est
1246 1629 1253 1656 3
1273 1620 1325 1649 sed
1341 1619 1373 1648 in
1388 1622 1461 1649 voto
1476 1620 1610 1659 simplici
1626 1623 1775 1652 neutrum

1008 1673 1103 1703 habet.
1125 1673 1247 1708 locum,
1272 1672 1348 1712 quia
1374 1673 1531 1712 privatum
1552 1677 1608 1704 est.
1634 1674 1693 1705 Sed
1709 1676 1777 1706 haec

1008 1726 1123 1757 solutio
1154 1726 1280 1756 videtur
1306 1736 1485 1765 supponere
1508 1727 1624 1767 duplex
1638 1728 1773 1759 falsum:

1008 1789 1128 1815 unum,
1146 1779 1229 1818 quod
1245 1779 1284 1808 sit
1304 1779 1343 1809 ab
1360 1779 1556 1811 institutione
1572 1780 1716 1812 Ecclesiae
1730 1784 1776 1812 ta-

1008 1832 1046 1862 lis
1060 1832 1287 1870 illegitimitas:
1305 1833 1379 1871 quia
1397 1832 1541 1871 Ecclesia,
1554 1836 1589 1864 ut
1604 1835 1779 1865 communi-

1010 1887 1056 1915 ter
1071 1885 1194 1921 dieitur,
1212 1895 1275 1915 000
1290 1888 1391 1925 potest
1406 1886 1446 1916 ibi
1464 1886 1660 1925 dispensare:
1679 1890 1780 1927 potest

1010 1941 1116 1968 autem
1133 1938 1312 1977 dispensare
1327 1939 1518 1977 generaliter
1538 1940 1569 1969 in
1585 1941 1650 1970 suis
1664 1942 1779 1971 consti-

1010 1992 1195 2022 tutionibus,
1222 1992 1315 2022 Aliud
1339 1992 1453 2022 falsum
1477 1995 1536 2030 est,
1565 1994 1640 2033 quia
1668 1998 1780 2025 votum

1010 2045 1152 2075 solemne
1167 2055 1230 2075 non
1245 2045 1374 2083 dicitur,
1392 2046 1467 2085 quia
1482 2047 1641 2077 notorium
1658 2048 1704 2078 vel
1720 2058 1778 2087 pu-

1010 2099 1148 2135 blicum3
1167 2099 1242 2138 quia
1267 2102 1377 2129 votum
1390 2123 1398 2137 ,
1415 2102 1708 2140 quantumcumque
1726 2111 1782 2141 pu-

1012 2151 1163 2188 blicetur,
1182 2151 1242 2180 nisi
1258 2150 1344 2181 aliud
1357 2151 1447 2188 adsit,
1461 2151 1595 2190 simplex
1607 2152 1777 2190 judicatur,

1012 2213 1070 2233 nee
1086 2204 1215 2243 impedit
1231 2204 1470 2234 matrimonium
1489 2205 1557 2244 jam
1573 2208 1780 2237 contractum.

1014 2257 1101 2288 Unde
1117 2258 1204 2287 aliud
1224 2261 1270 2288 est
1292 2261 1401 2288 votum
1427 2258 1605 2297 publicum,
1622 2259 1706 2289 aliud
1729 2269 1779 2290 so—

1013 2311 1130 2341 lemne.
1149 2311 1220 2341 Ideo
1231 2312 1292 2341 alia
1307 2313 1386 2341 ratio
1402 2312 1601 2350 assignatur,
1618 2314 1650 2342 et
1663 2313 1780 2352 aecipi-

1012 2367 1064 2395 tur
1088 2374 1105 2394 a
1125 2365 1189 2394 voti
1206 2365 1472 2395 solemnizatione.
1489 2364 1605 2395 Votum
1623 2366 1709 2396 enim
1724 2367 1780 2396 tri-

1014 2416 1135 2455 pliciter
1150 2416 1383 2454 solemnizatur,
1394 2416 1509 2446 scilieet
1524 2417 1643 2447 ordinis
1656 2427 1780 2457 suscep—

1014 2470 1099 2499 tione
1115 2493 1124 2507 ,
1150 2470 1352 2509 professionis
1376 2470 1567 2508 emissione,
1597 2473 1628 2501 et
1655 2471 1781 2501 habitus

1014 2523 1227 2562 professorum
1253 2523 1485 2562 assumptione,
1514 2533 1587 2553 cum
1616 2524 1685 2553 aliis
1708 2532 1779 2563 quae

1013 2576 1178 2606 hominem
1198 2577 1374 2616 professum
1392 2577 1572 2607 ostendunt..
1593 2576 1629 2607 Et
1650 2577 1709 2606 hoc
1734 2579 1781 2607 est

1013 2638 1186 2659 commune
1201 2630 1234 2659 in
1253 2629 1317 2659 voti
1341 2629 1592 2659 solemnizatione
1604 2653 1613 2666 ,
1630 2629 1712 2668 quod
1726 2630 1781 2660 fiat

1013 2693 1119 2713 corani
1148 2692 1280 2722 persona
1304 2692 1376 2722 quae
1406 2683 1509 2712 locum
1535 2681 1587 2712 Dei
1621 2685 1726 2720 tenet,
1750 2684 1779 2714 et

1802 890 1879 916 011111ἷο

1789 922 1885 941 aliorum.

1794 1690 1887 1716 impr-»tn

1808 2276 1885 2303 Opinio

1795 2308 1879 2335 propria
1885 2321 1889 2327 .
