1991 3006
57 709 160 730 Fundam.

559 201 657 233 DIST.
681 199 783 232 XLIV.
808 198 924 230 PART.
948 197 985 228 11.
1010 196 1100 228 ART.
1125 197 1148 227 1.
1172 196 1321 234 QUAEST.
1347 197 1370 227 I.

174 278 238 300 non
258 268 379 308 indiget
399 268 536 308 amplius
556 268 664 307 puniri
680 278 687 299 :
710 277 789 307 ergo
813 274 940 297 necesse

173 325 220 353 est
232 322 332 362 ipsam
347 331 473 361 poenam
486 321 661 352 terminari.

214 378 243 406 6.
257 376 334 406 Item
349 385 483 406 summae
494 376 715 407 misericordiae
725 378 770 407 est
785 385 803 405 a
817 383 942 405 summa

175 429 301 459 miseria
324 429 457 459 liberare
482 440 488 459 :
514 429 567 459 sed
588 439 714 460 summa
742 428 942 459 miseriarum

175 484 220 512 est
234 490 328 521 poena
347 482 502 512 damnatis
519 492 526 512 z
545 491 624 520 ergo
646 482 728 512 Deus
742 482 781 512 ab
804 480 856 511 illa
870 480 943 510 lihe-

174 536 242 571 rat;
258 543 337 573 ergo
353 534 478 565 nullum
492 535 684 566 aeternaliter
703 535 822 565 cruciat
841 545 847 563 z
865 542 943 572 ergo

175 596 239 618 non
254 589 300 617 est
314 596 429 627 ponere
452 588 627 618 cruciatum
647 590 815 626 aeternum,
831 596 866 617 ac
889 595 944 625 per

176 640 235 671 hoc
250 649 308 670 nec
323 640 493 671 infernum.

217 693 331 724 Contra
345 694 351 710 ¹
373 705 380 724 z
401 694 523 725 Vermis
543 701 649 726 eorum
663 702 728 726 non
741 695 903 730 morietur,
919 696 945 724 et

177 747 264 786 tynis
281 754 386 778 eorum
400 755 463 778 mm
477 749 679 787 eoettnqzcetzcr
694 759 703 777 :
718 756 796 786 ergo
810 749 943 777 aeterna-

177 799 249 829 liter
268 799 496 830 cruciabuntur
519 800 553 830 in
576 800 738 830 infinitum
765 810 771 829 :
799 808 877 838 ergo
899 801 945 829 est

178 861 295 892 ponere
310 852 344 882 in
360 853 481 883 inferno
497 854 537 890 (α)
555 853 729 883 cruciatum
745 854 913 882 aeternum.

219 905 297 935 ltem
308 906 317 921 ²
329 915 336 935 :
350 905 405 943 Ite,
418 904 595 943 maledicti,
606 906 642 936 in
653 906 759 944 z'q‘nem
769 908 922 936 (ecernwn
935 915 945 934 .·

179 958 289 997 ignem
307 960 415 988 autem
438 960 594 988 aeternum
614 967 765 989 vocamus
789 959 946 988 aeternum

178 1011 367 1050 supplicium
384 1020 492 1050 tergo,
509 1013 569 1041 etc.

219 1063 294 1094 Item
312 1064 432 1094 ratione
447 1064 574 1095 videtur
592 1074 599 1094 τ
623 1065 700 1104 quia
719 1064 745 1094 si
771 1065 808 1095 de
823 1065 947 1095 duobus

178 1117 343 1148 contrariis
357 1119 403 1147 est
415 1117 554 1156 reperire
565 1117 701 1148 alterum
717 1119 945 1154 extremorum,

178 1172 208 1201 et
224 1171 381 1208 medium,
402 1180 527 1201 necesse
543 1173 590 1202 est
607 1180 723 1211 ponere
739 1171 874 1202 alterum
890 1180 946 1201 ex-

179 1226 331 1261 tremum3
349 1224 408 1255 hoc
425 1225 510 1255 enim
534 1227 580 1255 est
602 1225 708 1261 radix,
731 1227 761 1255 et
783 1225 835 1255 via
854 1225 948 1255 stabi-

178 1277 274 1308 liendi
290 1278 447 1308 contraria
469 1278 553 1318 apud
576 1277 784 1317 philosophos
806 1288 812 1307 :
835 1277 888 1307 sed
903 1279 950 1307 est

179 1339 297 1370 ponere
312 1331 482 1370 perfectam
501 1333 532 1361 et
552 1333 705 1361 aeternam
721 1330 948 1360 beatitudinem

179 1384 213 1414 in
236 1383 355 1423 patria,
379 1386 408 1414 et
432 1384 573 1414 medium
598 1386 715 1414 statum
738 1383 772 1413 in
797 1383 849 1413 via
869 1383 950 1413 inter

179 1437 406 1468 beatitudinem
422 1437 591 1476 perfectam
610 1437 659 1475 (b),
676 1439 703 1466 et
720 1438 872 1467 aeternani
889 1437 948 1466 1111-

179 1490 294 1520 seriam
319 1500 325 1520 z
351 1498 430 1528 ergo
452 1492 498 1520 est
522 1498 639 1529 ponere
663 1489 832 1529 perfectam
859 1489 951 1519 mise-

179 1542 273 1580 riam,
298 1544 328 1572 et
348 1544 501 1573 aeternam
522 1544 591 1582 post
613 1542 696 1572 hanc
720 1542 818 1572 vitam
838 1553 843 1571 :
869 1542 951 1572 hanc

179 1600 286 1628 autem
302 1597 438 1628 dicimus
452 1598 612 1628 infernum
630 1609 636 1627 2
654 1606 744 1636 ergo,
761 1599 820 1627 etc.

222 1651 298 1681 Item
309 1654 471 1690 peccatum
485 1652 654 1691 opponitur
666 1651 780 1687 merito
790 1651 924 1689 justitiae
941 1662 948 1681 t

181 1704 235 1734 sed
250 1705 363 1734 merito
373 1704 506 1735 debetur
518 1704 622 1743 gloria
631 1706 762 1741 aeterna,
775 1704 951 1735 secundum

181 1758 266 1798 quod
285 1758 400 1788 dicitur
417 1768 423 1787 z
438 1766 517 1796 ergo
534 1760 564 1788 et
579 1759 705 1796 peccato
725 1766 819 1797 poena
833 1760 952 1788 aeterna

182 1820 238 1850 per
259 1810 364 1841 locum
388 1820 406 1841 a
427 1812 623 1841 commutata
648 1810 861 1850 proportione,
886 1811 952 1841 sive

181 1874 237 1904 per
257 1865 515 1904 consequentiam
539 1865 571 1894 in
591 1864 659 1902 ipso
680 1873 688 1893 ε
717 1864 794 1903 quia
816 1864 897 1894 sicut
920 1874 953 1895 se

182 1918 277 1948 habet
288 1919 439 1948 meritum
455 1918 491 1947 ad
507 1917 688 1957 praemium,
706 1917 749 1947 ita
763 1917 953 1948 demeritum

183 1971 222 2001 ad
237 1970 441 2010 supplicium.
463 1970 500 2000 Et
521 1971 649 2008 iterum,
677 1970 703 2000 si
725 1970 903 2010 oppositum
921 1971 953 2001 in

184 2023 339 2063 opposito,
355 2025 385 2054 et
398 2023 595 2063 propositum
612 2023 645 2053 in
660 2023 829 2063 proposito.

225 2076 314 2114 Item,
330 2076 383 2116 qui
400 2078 505 2116 peccat
520 2076 710 2113 mortaliter,
727 2077 883 2116 praeponit
896 2077 951 2107 ho·

185 2139 264 2161 num
278 2130 503 2160 commutabile
516 2130 600 2160 bono
622 2132 741 2160 aeterno
763 2132 794 2161 et
808 2131 950 2168 infinito;

185 2193 262 2223 ergo
271 2184 456 2221 contemnit,
465 2186 495 2214 et
501 2183 631 2214 offendit
642 2184 762 2214 bonum
774 2184 934 2215 infinitum
945 2196 951 2222 ;

186 2237 239 2267 sed
259 2238 347 2266 tanta
366 2238 413 2267 est
428 2236 565 2273 offensa,
582 2238 720 2275 quantus
739 2238 786 2266 est
803 2237 828 2266 is
846 2238 879 2276 tc]
898 2238 954 2277 qui

185 2289 354 2320 offenditur
373 2301 380 2320 ι
397 2299 476 2328 ergo
496 2299 569 2320 cum
589 2290 655 2328 ipse
677 2289 716 2319 sit
738 2289 889 2327 infinitus,
907 2292 954 2321 of-

184 2342 270 2372 fensa
301 2342 392 2372 debet
420 2342 553 2381 judicari
582 2342 717 2372 infinita.
749 2341 827 2372 Cum
855 2343 955 2382 igitur

185 2404 277 2435 poena
295 2395 405 2426 debeat
422 2395 654 2435 proportionari
669 2395 811 2433 offensae,
828 2405 955 2426 necesse

184 2450 230 2478 est
240 2448 325 2487 quod
342 2451 466 2487 peccato
479 2448 603 2478 mortali
614 2447 762 2478 reddatur
774 2456 867 2487 poena
882 2449 955 2478 infi-

184 2501 250 2532 nita
262 2511 269 2531 2
281 2501 335 2531 sed
344 2510 408 2532 non
420 2503 520 2540 potest
530 2500 618 2531 reddi
629 2500 752 2530 infinita
764 2500 952 2538 intensione,

185 2554 238 2584 sed
252 2554 356 2584 solum
368 2554 534 2584 duratione
549 2564 556 2584 ε
574 2562 663 2591 ergo,
680 2556 739 2583 etc.

218 2625 224 2640 ¹
238 2625 378 2654 Isu.,LxV1,
391 2626 428 2649 24.
441 2638 470 2642 —
482 2625 489 2638 ²
503 2624 605 2654 Mami„
617 2630 677 2654 xxv,
690 2626 727 2648 41.

217 2674 249 2699 gv)
263 2669 322 2694 Caet.
343 2668 404 2692 edit.
417 2675 513 2699 ponere
530 2668 670 2693 infernum.
682 2681 712 2686 —
724 2668 756 2698 th)
772 2669 835 2693 Item
851 2670 955 2695 beatitu-

1707 199 1764 228 489

1039 264 1127 301 Item,
1143 263 1222 294 sicut
1233 264 1313 294 Deus
1324 266 1370 294 est
1385 273 1510 294 summe
1520 264 1707 302 misericors,
1722 265 1765 295 ita

998 319 1044 348 est
1065 318 1306 356 summeJustus
1324 328 1330 346 2
1348 317 1426 347 sicut
1440 326 1517 356 ergo
1535 326 1660 348 summe
1675 318 1765 348 mise-

999 370 1128 401 ricordis
1152 372 1199 400 est
1216 379 1340 400 summe
1362 371 1518 408 misereri,
1536 373 1566 401 et
1589 370 1765 401 misericor-

999 423 1083 453 diam
1092 431 1182 453 suam
1192 431 1317 453 summe
1327 423 1526 454 manifestare
1538 433 1593 463 per
1602 424 1765 461 effectum;

1000 476 1043 506 sic
1066 478 1097 506 et
1121 485 1245 506 summe
1266 476 1345 515 ι111511
1368 478 1414 506 est
1437 485 1561 506 summe
1582 477 1712 516 punire,
1738 479 1769 507 et

1000 539 1090 560 suam
1101 529 1259 569 justitiam
1274 529 1472 560 manifestare
1489 539 1544 569 per
1561 531 1719 561 effectum.
1737 530 1769 561 Si

1001 592 1078 621 ergo
1096 582 1217 612 infinita
1230 583 1353 621 J'ustitia
1368 591 1432 612 non
1454 585 1553 622 potest
1574 584 1770 614 manifestari

1002 636 1062 665 nisi
1085 645 1140 675 per
1163 635 1311 665 effectum
1333 635 1512 673 infinitum,
1537 636 1661 666 videtur
1684 636 1768 676 quod

1001 686 1161 726 aliquibus
1171 686 1387 726 peccatoribus
1396 686 1483 717 reddi
1494 687 1605 717 debeat
1615 688 1771 719 cruciatus

1004 742 1146 772 infinitus
1163 751 1170 772 ε
1187 742 1240 772 sed
1256 751 1320 772 non
1338 744 1439 781 potest
1453 751 1521 772 esse
1539 743 1696 773 cruciatus
1711 744 1770 773 ini-

1003 806 1133 827 mensus
1158 806 1166 827 :
1189 805 1269 835 ergo
1290 805 1416 826 necesse
1438 798 1485 826 est
1506 805 1574 826 esse
1598 797 1773 827 cruciatum

1003 853 1158 881 aeternum
1177 859 1184 880 :
1201 850 1288 880 hunc
1309 853 1416 881 autem
1437 850 1572 880 dicimus
1591 849 1770 880 infernum:

1003 913 1094 942 ergo,
1111 907 1169 934 etc.

1277 978 1500 1010 CONCLUSIO.

1004 1061 1142 1093 Infernum
1149 1065 1256 1093 ponere,
1270 1059 1293 1084 et
1303 1058 1448 1084 cruciatum
1459 1059 1598 1088 oetcrnum,
1609 1057 1725 1091 pertinet
1740 1057 1777 1083 ad

1041 1104 1253 1138 complementum
1270 1103 1403 1135 universi,
1423 1103 1447 1128 ct
1470 1101 1623 1135 adjustum
1642 1101 1776 1135 judicium

1040 1149 1168 1174 divinum.

1046 1226 1137 1265 Resp.
1155 1224 1193 1255 ad
1208 1233 1278 1263 arg.
1295 1224 1342 1254 Ad
1353 1222 1577 1263 praedictorum
1594 1222 1777 1261 intelligen-
1790 1235 1854 1262 opin,
1868 1236 1893 1260 ¹¹-

1005 1280 1081 1309 tiam
1098 1280 1145 1309 est
1155 1277 1342 1314 notandum,
1359 1277 1443 1316 quod
1463 1275 1560 1315 aliqui
1575 1277 1777 1314 negaverunt

1006 1333 1166 1362 infernum
1181 1339 1248 1361 esse
1261 1354 1268 1368 ,
1288 1339 1344 1370 pro
1367 1339 1404 1360 eo
1424 1329 1506 1369 quod
1531 1328 1679 1359 dixerunt
1703 1328 1774 1358 nul-

1006 1386 1074 1416 lum
1090 1384 1265 1415 cruciatum
1280 1392 1347 1414 esse
1363 1384 1431 1422 post
1446 1383 1527 1413 hanc
1548 1382 1657 1413 vitam.
1682 1381 1720 1412 Et
1734 1381 1775 1411 is·
1793 1396 1888 1424 ὠμὴ,

1006 1441 1111 1469 torum
1138 1446 1277 1468 errorem
1295 1436 1455 1467 convincit
1480 1436 1560 1466 ratio
1583 1437 1682 1471 recta,
1706 1443 1777 1474 quae

1006 1492 1111 1529 dictat,
1123 1491 1208 1531 quod
1221 1490 1344 1520 malum
1359 1498 1423 1519 non
1434 1489 1528 1519 debet
1543 1497 1706 1518 remanere
1721 1488 1779 1517 im-

1007 1544 1168 1584 punitum.
1186 1543 1218 1574 Si
1231 1551 1310 1582 ergo
1328 1542 1419 1573 multi
1433 1544 1562 1582 peccant
1577 1542 1610 1571 111
1624 1541 1685 1571 hac
1700 1541 1777 1577 vita,

1007 1597 1061 1637 qui
1076 1597 1107 1627 in
1121 1597 1179 1627 hac
1194 1597 1259 1626 vita
1273 1605 1336 1627 non
1352 1597 1547 1632 cruciantur,
1562 1594 1626 1624 imo
1638 1593 1780 1633 gaudent

1007 1654 1038 1682 et
1049 1652 1215 1688 laetantur,
1233 1660 1310 1690 ergo
1330 1659 1458 1680 necesse
1471 1651 1518 1679 est
1538 1658 1591 1679 eos
1606 1650 1676 1688 post
1698 1648 1779 1678 hanc

1007 1705 1106 1735 vitam
1122 1704 1268 1741 cruciari,
1285 1706 1341 1734 aut
1356 1703 1518 1734 destruere
1540 1702 1684 1732 ordinem
1706 1701 1779 1731 uni-

1008 1758 1103 1795 versi,
1122 1759 1177 1787 aut
1191 1757 1335 1787 divinam
1347 1756 1504 1796 J'ustitiam
1515 1755 1734 1794 negligentem
1749 1756 1779 1784 et

1008 1811 1174 1841 remissam
1186 1819 1252 1840 csse
1267 1810 1351 1839 circa
1365 1808 1564 1848 punitionem
1576 1807 1705 1847 peccati.
1718 1806 1779 1837 Alii
1795 1821 1857 1848 ΟΜ,
1880 1823 1897 1840 2,

1008 1873 1084 1895 vero
1099 1865 1301 1902 negaverunt
1311 1862 1472 1892 infernum
1488 1870 1566 1898 esse,
1579 1870 1635 1900 pro
1646 1869 1682 1890 eo
1695 1860 1780 1899 quod

1008 1918 1209 1956 negaverunt
1244 1916 1358 1955 impios
1391 1914 1582 1946 aeternaliter
1620 1913 1754 1944 cruciari
1771 1936 1779 1949 ,

1008 1971 1157 2011 quamvis
1173 1969 1218 2000 eis
1233 1971 1301 2008 post
1311 1969 1393 1999 hanc
1410 1968 1509 1999 vitam
1525 1966 1639 2006 aliquis
1654 1969 1781 1996 maneat

1009 2024 1176 2055 cruciatus.
1194 2023 1349 2054 Dixerunt
1363 2022 1449 2052 enim
1465 2022 1549 2061 quod
1565 2021 1674 2051 divina
1689 2020 1781 2050 mise-

1008 2078 1144 2109 ricordia
1160 2078 1219 2108 hoc
1232 2086 1296 2107 non
1307 2077 1408 2116 potest
1419 2076 1587 2111 sustinere,
1600 2074 1686 2114 quod
1699 2083 1781 2104 crea-

1009 2134 1081 2162 tura
1095 2140 1172 2169 sua,
1188 2139 1285 2170 quam
1301 2138 1364 2160 non
1387 2129 1462 2167 odit,
1481 2128 1533 2159 sed
1555 2127 1669 2166 diligit,
1687 2130 1781 2157 aeter-

1009 2184 1120 2214 naliter
1133 2183 1215 2213 sitin
1229 2183 1344 2222 poenis;
1360 2191 1434 2212 cum
1448 2182 1514 2221 ipse
1531 2190 1594 2211 non
1609 2180 1782 2211 delectetur

1010 2237 1042 2267 in
1058 2237 1222 2276 punitione
1234 2238 1353 2273 nostra,
1369 2244 1427 2265 nec
1443 2235 1574 2265 satietur
1588 2233 1781 2264 cruciatibus

1009 2291 1142 2327 nostris;
1160 2299 1217 2320 nec
1230 2289 1349 2329 aliquid
1365 2289 1508 2326 obsistat,
1526 2288 1604 2327 quin
1620 2287 1700 2317 bene
1712 2295 1782 2325 pos-

1010 2344 1049 2373 sit
1070 2352 1133 2380 θοε,
1156 2343 1211 2382 qui
1232 2342 1420 2382 puniuntur,
1438 2342 1505 2371 sine
1530 2341 1636 2380 aliquo
1660 2340 1781 2378 praeju-

1010 2397 1091 2427 dicio
1103 2396 1236 2426 liberare
1246 2404 1265 2425 a
1279 2394 1391 2435 poenis.
1408 2394 1445 2424 Et
1459 2394 1486 2424 si
1496 2393 1666 2433 aliquando
1678 2391 1781 2430 Scrip-

1011 2454 1083 2481 tura
1099 2449 1312 2480 comminatur
1327 2447 1543 2488 peccatoribus
1555 2455 1680 2486 poenam
1692 2446 1781 2475 ceter-

1012 2514 1097 2542 nam,
1115 2504 1174 2534 hoc
1188 2503 1298 2533 dicunt
1312 2511 1377 2532 11011
1391 2510 1459 2531 csse
1473 2501 1592 2531 dictum
1604 2497 1781 2529 secundum

1011 2559 1176 2589 veritatem
1192 2555 1394 2595 impletionis,
1413 2554 1463 2585 vel
1482 2551 1709 2594 promissionis,
1727 2550 1781 2580 sed

1012 2638 1096 2661 dinem
1112 2639 1137 2661 et
1151 2636 1298 2667 perfectam.
1310 2648 1339 2653 —
1356 2635 1384 2664 (c)
1402 2634 1470 2658 Edit.
1495 2633 1548 2656 Vnt.
1567 2631 1689 2663 quantum
1711 2629 1781 2654 estis.

1012 2674 1080 2699 Eclzt.
1099 2673 1153 2696 Ven.
1165 2674 1288 2704 quantum
1303 2672 1341 2695 est
1355 2670 1400 2694 eis.
