1991 3006
22 272 100 299 Opinio
109 275 127 293 1.

21 647 115 674 improb.

16 1588 80 1615 Opin.
103 1592 119 1609 ἶ,

522 196 616 228 DIST.
640 195 743 227 XXIV.
768 193 882 225 PART.
907 193 944 223 ΙΙ.
969 193 1059 223 ΑΗΤ.
1084 193 1106 224 l.
1127 193 1276 230 QUAEST.
1302 194 1354 225 111.

142 266 251 302 terem,
264 264 381 304 duplex
390 265 495 304 opinio
506 272 573 294 esse
587 262 760 293 consuevit.
776 261 909 298 Quidam

141 317 226 348 enim
241 317 343 347 dicere
358 318 538 354 voluerunt,
561 316 645 356 quod
661 323 771 345 omnes
785 314 910 344 ordines

141 370 174 400 in
185 379 249 400 uno
262 370 440 400 charactere
451 369 619 405 uniuntur,
632 368 793 398 differente
804 369 908 397 tamen

141 424 315 455 secundum
335 425 488 463 majorem
509 422 758 462 complexionem
771 445 778 457 ,
801 423 831 451 et
848 421 908 451 mi-

140 487 262 514 norem,
276 477 355 507 sicut
369 476 394 506 si
405 476 546 515 sigillum
561 476 763 515 imprimatur
778 475 810 505 in
825 484 907 511 cera,

140 530 276 561 tenuerit
290 530 321 560 id
334 539 403 560 eam
420 529 531 559 fortius
545 531 574 559 et
589 529 734 568 amplius,
750 528 908 568 paulative

140 583 333 624 procedendo
356 583 530 613 secundum
552 582 623 622 plus
640 584 671 612 et
690 581 774 621 plus,
793 590 909 621 quous-

140 646 202 677 que
216 636 363 666 veniatur
373 636 410 666 ad
427 638 543 666 statum
558 635 742 675 perfectum.
755 634 788 665 Si
801 636 908 665 autem

139 698 273 730 quaeraS,
290 697 362 729 quae
378 689 419 719 sit
430 689 508 719 ratio
521 689 589 718 talis
604 688 829 728 impressionis,
846 696 909 718 res-

139 743 277 782 pondent
291 742 440 779 breviter,
458 742 543 781 quod
558 742 618 772 hoc
632 744 677 771 est
692 743 819 781 propter
833 741 907 771 cba-

138 796 265 827 racteris
287 796 567 835 imperfectionem.
594 795 654 826 Sed
676 795 701 824 si
726 795 786 825 hoc
810 797 905 831 esset,

138 850 215 877 tunc
228 847 419 886 impossibile
435 849 515 877 esset
530 846 711 886 promoveri
727 846 765 875 ad
778 854 909 884 sequen-

139 903 202 931 tem
217 900 361 931 ordinem
375 900 492 930 omisso
507 899 603 939 priori
618 910 624 930 ;
643 899 728 938 quod
739 900 785 929 est
800 902 909 929 contra

135 954 219 993 jura.
244 952 277 983 Si
301 953 395 983 etiam
412 953 470 983 hoc
490 962 605 983 verum
627 954 722 989 esset,
746 961 808 982 non
830 955 910 983 esset

138 1008 314 1038 differentia
328 1007 409 1037 inter
424 1007 559 1043 ordines,
574 1007 634 1036 nisi
654 1006 828 1036 secundum
845 1015 909 1036 ma-

138 1060 188 1099 gis
210 1062 240 1090 et
264 1060 384 1097 minus;
409 1060 492 1099 quod
516 1061 562 1090 est
588 1060 751 1090 manifeste
777 1059 905 1097 falsum,

138 1122 211 1144 cum
228 1115 392 1152 potestates
412 1114 443 1143 in
464 1113 596 1143 diversis
612 1113 777 1143 ordinibus
795 1113 857 1143 sint
870 1113 908 1143 ad

137 1166 261 1196 diversa
275 1166 439 1197 ordinatae.
458 1166 629 1203 Postremo,
647 1167 673 1196 si
688 1167 746 1196 1100
762 1168 842 1196 esset
857 1175 906 1196 ve—

138 1229 225 1257 rum,
243 1220 404 1250 character
419 1220 571 1260 reciperet
586 1220 690 1259 1110315
704 1231 710 1250 ;
727 1220 779 1250 sed
793 1219 908 1259 quaeri-

137 1274 199 1309 tur,
217 1280 315 1311 quare
330 1281 393 1302 non
409 1271 559 1311 reciperet
576 1271 691 1307 minus,
708 1271 793 1310 quod
808 1271 833 1300 si
848 1272 907 1301 hoc

136 1326 228 1362 esset,
245 1327 320 1355 tunc
336 1327 415 1355 esset
434 1325 591 1362 delebilis;
613 1333 712 1364 quare
729 1325 824 1354 etiam
837 1324 908 1354 cha-

136 1380 272 1408 racteres
293 1378 428 1408 aliorum
455 1380 724 1408 sacramentorum
748 1378 853 1416 magis
878 1379 909 1408 et

137 1430 242 1460 minus
264 1439 329 1461 non
343 1430 517 1470 recipiunt,
533 1432 569 1460 ut
583 1430 703 1460 dicatur
720 1431 904 1470 baptizatus,

137 1483 185 1513 vel
198 1483 416 1520 eonfi1·matu5‚
433 1483 537 1522 magis
550 1485 580 1513 et
593 1483 710 1513 minus.
728 1483 817 1520 Quod
832 1493 906 1514 cum

137 1545 198 1567 non
222 1537 261 1566 sit
282 1536 473 1567 conveniens
494 1537 612 1573 dicere,
638 1545 702 1566 11011
725 1539 772 1566 est
794 1546 906 1567 conve-

137 1590 227 1620 niens
243 1590 324 1620 hanc
343 1590 532 1630 positionem
548 1599 674 1629 ponere.
692 1589 729 1620 Et
748 1590 817 1620 ideo
832 1591 906 1621 dici-

136 1647 187 1674 tur
207 1643 313 1680 aliter,
330 1646 361 1674 et
382 1643 595 1683 probabilius,
618 1643 702 1683 quod
722 1643 754 1673 iu
774 1644 907 1674 diversis

135 1697 298 1728 ordinibus
313 1697 430 1728 diversi
449 1697 679 1736 imprimuntur
697 1697 904 1728 characteres.

137 1750 224 1780 Ratio
239 1752 346 1781 autem
361 1751 459 1790 hujus
480 1753 541 1789 est,
560 1750 636 1790 quia
650 1760 715 1781 non
738 1751 841 1781 solum
856 1760 903 1789 eo,

135 1804 218 1843 quod
247 1803 285 1834 ad
313 1803 366 1834 Dei
394 1803 514 1834 cultum
547 1806 769 1841 assumuntur,
795 1804 903 1834 distin-

135 1859 279 1895 guuntur
303 1857 342 1887 ab
369 1856 452 1893 aliis3
480 1857 544 1886 imo
568 1857 663 1886 etiam
688 1857 769 1887 inter
792 1857 904 1887 minis-

135 1911 253 1939 trantes
277 1909 354 1939 ordo
382 1911 428 1938 est
454 1911 484 1938 et
516 1909 687 1945 distinctim
716 1911 746 1939 et
772 1909 906 1940 ulterius

135 1962 254 2000 gradus
266 1961 311 1991 illi
324 1964 354 1991 et
368 1964 534 2001 potestates
549 1962 758 2000 ministrandi,
772 1963 797 1992 si
808 1965 904 1994 semel

135 2015 260 2052 dantur,
288 2024 454 2054 nunquam
481 2015 684 2052 auferuntur,
713 2016 837 2046 etiamsi
865 2018 905 2048 ad

134 2067 227 2098 altius
252 2067 464 2099 ministerium
486 2063 627 2100 elevetur
651 2069 705 2109 qui
729 2070 761 2100 in
788 2071 904 2101 minori

133 2121 383 2152 ministraverat:
400 2123 431 2152 et
445 2122 514 2153 ideo
535 2122 568 2152 in
590 2122 722 2153 diversis
741 2123 904 2154 ordinibus

132 2174 257 2205 diversa
267 2174 432 2214 signacula
440 2175 553 2206 debent
564 2176 715 2215 imprimi,
728 2177 903 2208 secundum

133 2236 204 2267 quae
212 2228 303 2259 nobis
313 2228 477 2258 diversitas
486 2230 677 2267 potestatum
688 2229 900 2269 ministrandi,

132 2284 163 2312 et
176 2282 368 2321 perpetuitas
388 2282 561 2312 innotescat
574 2293 580 2313 :
595 2282 656 2312 tale
670 2285 777 2313 autem
793 2284 816 2313 si
822 2293 902 2322 gna-

133 2334 241 2365 culum
255 2337 302 2365 est
315 2335 494 2365 character:
513 2337 543 2365 et
562 2335 632 2365 ideo
647 2336 679 2366 in
701 2336 832 2367 diversis
846 2346 902 2368 or-

132 2387 271 2424 dinibus,
295 2387 410 2418 diversi
430 2387 660 2427 imprimuntur
684 2389 900 2422 characteres:

132 2442 162 2470 et
190 2441 396 2472 concedendae
429 2443 503 2472 sunt
534 2442 671 2473 rationes
703 2443 762 2473 hoc
795 2445 901 2474 osten-

132 2493 251 2524 dentes.

174 2549 202 2577 1.
222 2546 270 2577 Ad
286 2547 364 2578 illud
382 2556 460 2587 ergo
475 2548 559 2588 quod
575 2549 722 2589 objicitur
744 2550 782 2581 de
803 2560 902 2581 sacra-

134 2602 241 2631 mento
256 2600 413 2639 baptismi,
425 2603 455 2632 et
469 2602 729 2641 confirmationis,
741 2605 826 2643 patet
840 2613 902 2635 res-

134 2653 261 2694 ponsio,
285 2653 368 2693 quod
390 2662 453 2685 non
474 2657 521 2686 est
544 2655 660 2694 simile,
686 2666 742 2696 pro
762 2666 799 2688 eo
816 2658 901 2697 quod

1677 196 1729 223 171

967 269 1030 290 non
1045 262 1167 300 ponunt
1182 260 1224 290 ita
1239 261 1465 299 diversitatem,
1483 261 1563 291 sicut
1578 260 1666 300 pouit
1681 269 1734 290 or-

965 313 1046 343 dinis
1061 315 1306 352 sacramentum,
1324 315 1406 354 quod
1423 315 1460 345 de
1476 315 1525 345 sui
1540 315 1661 345 rati0ne
1676 314 1734 343 im-

965 366 1059 405 plicat
1074 366 1288 396 diversitatem
1303 368 1474 405 graduum.

1004 422 1034 449 2.
1051 419 1096 450 Ad
1110 419 1186 450 illud
1203 419 1287 459 quod
1298 420 1456 458 objicitur,
1474 420 1557 459 quod
1573 420 1734 451 character

964 473 1170 503 essentialiter
1194 474 1241 502 est
1268 476 1516 511 sacramentum,
1546 474 1732 510 dicendum,

964 526 1048 565 quod
1067 535 1177 556 verum
1192 528 1252 563 est,
1269 526 1321 556 sed
1336 535 1401 556 non
1416 526 1475 556 nisi
1492 529 1583 566 prout
1604 537 1733 567 compa—

963 581 1052 609 ratur
1068 579 1106 610 ad
1126 579 1260 609 ulterius
1277 579 1453 617 signatum.
1469 578 1557 610 Sicut
1575 589 1653 619 ergo
1670 590 1735 611 una

963 631 1046 662 linea
1059 634 1103 662 est
1119 632 1245 671 scripta⁷
1262 635 1291 662 et
1308 632 1393 669 duze,
1406 634 1436 662 et
1451 634 1732 672 11·es‚etquatt101·;

963 688 993 715 et
1008 688 1114 716 tamen
1130 686 1304 715 multarum
1315 686 1473 716 linearum
1486 686 1680 724 aggregatio
1695 687 1734 716 ad

964 748 1062 768 unam
1075 738 1262 769 sententiam
1278 739 1519 778 exprimendam
1535 748 1598 769 non
1613 742 1659 769 est
1673 740 1733 769 nisi

964 801 1028 822 una
1053 792 1224 831 scriptura:
1250 792 1293 821 sic
1315 792 1347 821 in
1371 793 1531 831 proposito
1556 795 1601 822 est
1622 792 1735 823 intelli-

963 845 1124 884 gendum,
1142 845 1216 884 quia
1236 845 1340 875 omnis
1362 845 1431 875 talis
1452 845 1567 875 animae
1587 846 1732 884 consigu-

964 898 1043 928 ratio
1062 898 1226 929 ordinatur
1245 899 1283 929 ad
1304 899 1374 935 hoc,
1397 899 1482 938 quod
1500 899 1527 928 ei
1544 899 1736 928 inscribatur

963 951 1178 989 signaculum,
1196 952 1370 981 secundum
1389 952 1473 991 quod
1492 952 1586 982 1101110
1605 951 1657 982 Dei
1672 952 1734 981 1111-

964 1004 1061 1034 nister
1081 1005 1235 1043 perfectus
1256 1014 1322 1034 esse
1342 1005 1524 1043 judicatur:
1547 1007 1667 1035 etcum
1684 1014 1733 1035 sa-

963 1058 1162 1086 cramentum
1183 1056 1265 1085 dicat
1289 1056 1366 1095 quid
1386 1056 1424 1086 ad
1444 1056 1594 1093 alterum,
1618 1059 1647 1086 et
1665 1057 1736 1086 cha-

963 1112 1098 1139 racteres
1118 1109 1274 1140 uniuntur
1297 1110 1472 1140 secundum
1490 1110 1575 1149 quod
1596 1109 1635 1139 ad
1658 1110 1735 1139 alte-

963 1171 1047 1200 rum,
1065 1163 1134 1193 ideo
1156 1163 1263 1202 plures
1291 1163 1486 1193 characteres
1502 1173 1599 1193 unuin
1618 1163 1735 1194 faciunt

963 1219 1208 1247 sacramentum.

1004 1273 1031 1300 3.
1052 1270 1097 1300 Ad
1122 1271 1198 1301 illud
1217 1271 1299 1310 quod
1323 1271 1491 1310 quaeritur,
1514 1273 1623 1301 utrum
1644 1271 1732 1301 diffe-

963 1325 1034 1353 rant
1058 1324 1175 1363 specie,
1199 1324 1249 1354 vel
1270 1334 1416 1362 numero,
1439 1325 1625 1362 dicendum,
1650 1325 1733 1364 quod

962 1377 1127 1416 dupliciter
1142 1379 1189 1408 est
1204 1377 1290 1417 loqui
1311 1378 1348 1407 de
1361 1378 1595 1408 characteribus
1608 1389 1614 1408 :
1631 1381 1685 1408 aut
1700 1379 1734 1408 in

962 1440 1009 1467 se3
1027 1432 1083 1461 aut
1099 1433 1194 1470 prout
1208 1431 1363 1461 uniuntur
1379 1432 1411 1461 in
1427 1431 1547 1461 unitate
1561 1433 1592 1461 et
1606 1431 1735 1470 integri-

963 1486 1024 1514 tate
1040 1484 1237 1514 sacramenti.
1256 1484 1287 1514 Si
1303 1484 1337 1514 in
1356 1494 1404 1521 se,
1421 1484 1465 1514 sic
1479 1485 1638 1521 differunt,
1656 1485 1735 1514 sicut

962 1538 1095 1568 diversae
1115 1537 1233 1577 species
1248 1537 1391 1575 numeri,
1415 1537 1496 1567 sicut
1520 1538 1679 1575 binarius,
1704 1540 1736 1568 ct

962 1591 1194 1631 quaternarius.
1218 1591 1250 1622 Si
1274 1593 1368 1631 prout
1387 1591 1545 1621 uniuntur
1566 1592 1598 1621 in
1614 1591 1735 1622 unitate

961 1645 1167 1682 sacramenti,
1184 1645 1228 1675 sic
1243 1645 1513 1684 quemadmodum
1532 1644 1688 1683 binarius,
1705 1649 1735 1674 et

961 1698 1185 1737 quaternarius
1210 1699 1405 1729 constituunt
1424 1698 1602 1735 senarium,
1626 1700 1655 1728 et
1676 1698 1732 1728 ha-

962 1752 1038 1782 bent
1057 1752 1211 1782 rationem
1234 1752 1330 1792 partis
1354 1751 1580 1788 constitutivae,
1602 1754 1733 1781 0100111-

962 1805 1156 1844 plementum
1170 1807 1292 1844 ponunt
1305 1805 1336 1835 in
1349 1805 1473 1835 senario
1481 1815 1488 1842 3
1504 1805 1547 1834 sic
1558 1804 1734 1843 intelligen-

962 1858 1039 1888 dum
1054 1860 1099 1887 cst
1114 1857 1146 1887 in
1163 1858 1320 1896 proposito
1333 1866 1392 1888 suo
1407 1858 1512 1894 modo,
1528 1857 1599 1888 licet
1616 1866 1680 1888 11011
1695 1857 1735 1887 sit

962 1910 1064 1940 simile
1080 1902 1222 1941 omninb.

1002 1966 1030 1994 »1.
1059 1964 1107 1994 Ad
1134 1951 1211 1994 illu'd
1237 1963 1319 2003 quod
1344 1963 1493 2003 objicitur
1514 1963 1641 2001 ultimo,
1664 1966 1733 2004 ,iam

961 2020 1045 2057 patet
1059 2008 1234 2056 responsio,
1247 2017 1398 2057 quoniam
1413 2017 1495 2047 istud
1513 2027 1626 2048 verum
1642 2020 1688 2048 est
1703 2020 1734 2048 et

960 2070 1066 2101 locum
1090 2070 1202 2108 habet,
1223 2071 1351 2110 quando
1370 2080 1424 2110 per
1444 2080 1546 2101 unum
1570 2073 1669 2110 potest
1691 2071 1733 2102 ita

961 2124 1039 2154 bene
1054 2124 1133 2161 lieri,
1151 2126 1185 2154 ut
1201 2134 1255 2163 per
1271 2124 1378 2163 plur-33
1396 2124 1429 2154 in
1450 2124 1611 2164 proposito
1626 2127 1732 2155 autem

960 2185 1023 2206 non
1043 2179 1090 2206 est
1105 2177 1165 2213 sic,
1190 2186 1245 2216 pro
1267 2186 1304 2207 eo
1327 2177 1411 2217 quod
1430 2179 1551 2216 oportet
1574 2177 1732 2208 ordinatos

960 2239 1024 2260 non
1043 2230 1146 2260 solum
1162 2230 1201 2260 ab
1222 2230 1307 2269 aliis,
1330 2231 1383 2261 sed
1404 2231 1498 2261 etiam
1521 2230 1602 2261 iuter
1620 2240 1652 2260 se
1668 2231 1731 2261 dis-

960 2284 1074 2322 tingui.

1218 2355 1397 2392 QUAEsTlo
1421 2356 1473 2386 llI.

1022 2430 1068 2457 An
1089 2430 1255 2457 characteres
1280 2431 1444 2458 diversorum
1469 2432 1592 2458 ordinum
1614 2434 1667 2459 sint

1166 2476 1345 2503 essentialiter
1365 2475 1487 2502 ordinati
1501 2475 1519 2502 ¹.

1001 2551 1112 2581 Utrum
1135 2551 1332 2581 characteres
1353 2551 1552 2583 diversorum
1581 2552 1728 2582 ordinum
1747 2555 1779 2576 Ad
1798 2562 1848 2582 091¹·

993 2638 996 2645 ¹
1015 2632 1041 2656 S.
1059 2631 1160 2661 Thom.‚
1178 2632 1203 2655 in
1218 2632 1307 2663 Suppl.
1327 2639 1351 2663 p.
1373 2632 1416 2662 m,
1435 2639 1460 2662 q.
1480 2637 1577 2661 xxxvii,
1597 2632 1644 2655 art.
1665 2633 1690 2661 ¹3
1705 2633 1726 2655 et

961 2667 991 2692 lV
1013 2667 1090 2698 Sem„
1110 2667 1168 2693 dist.
1193 2674 1262 2698 xxiv,
1286 2675 1310 2699 q.
1335 2673 1367 2698 11,
1391 2669 1436 2691 art.
1463 2670 1491 2697 15
1517 2666 1603 2698 steph.
1626 2666 1727 2693 Brules..
