1991 3006
60 1183 164 1204 Fundam.

667 200 764 232 DIST.
788 200 876 231 XXV.
902 200 992 231 ART.
1019 201 1055 230 ΙΙ.
1080 200 1228 237 QUAEST.
1254 200 1291 231 lI.

178 271 278 309 santi,
309 280 373 301 non
402 272 481 301 esset
509 269 551 299 ibi
579 268 740 308 potestatis
769 267 923 306 susceptio
937 279 943 304 3

178 324 330 364 quoniam
348 324 426 354 sicut
447 332 479 353 se
502 322 596 352 habet
624 321 746 352 collatio
770 320 809 350 ad
830 320 944 350 volun-

179 380 274 408 tatem
303 377 416 412 dantis,
440 376 483 405 ita
505 374 661 414 susceptio
686 374 723 404 ad
753 373 946 403 voluntatem

179 429 396 469 suscipientis:
413 438 492 468 ergo
506 428 531 458 si
546 428 623 458 dans
638 437 700 458 non
718 427 780 465 dat,
797 427 855 457 nisi
872 426 947 457 velit

180 486 209 513 et
223 482 373 519 intendat,
391 481 562 520 suscipiens
576 489 641 511 non
656 480 795 519 suscipit,
814 480 873 509 nisi
892 489 946 510 ve-

179 537 213 567 lit
228 538 258 566 et
270 535 421 565 intendat.

219 591 247 619 5.
272 588 349 618 Item
372 590 498 626 tempus
518 588 547 616 et
571 588 647 616 aetas
669 586 945 616 determinantur¹

178 642 211 671 in
239 640 434 680 susceptione
463 639 582 669 ordinis
602 650 608 669 z
638 639 691 669 sed
719 638 780 668 hoc
807 647 871 668 non
901 640 947 668 est

178 695 304 732 propter
319 692 538 722 discretionem
560 694 589 722 et
610 701 704 722 usum
728 691 874 729 rationis,
892 691 946 731 qui

177 755 240 776 non
255 746 390 775 habetur
405 745 437 774 in
453 745 627 775 minoribus
642 744 733 775 annis
747 755 752 773 ι
771 752 849 782 ergo
861 768 870 781 ,
888 746 945 774 etc.

217 802 246 829 6.
272 798 280 828 l
286 800 348 828 tem
361 798 456 828 sacris
471 798 636 828 ordinibus
650 798 687 828 de
704 797 887 827 necessitate
902 800 947 827 est

178 861 302 883 annexa
318 851 509 882 continentia
523 862 529 882 z
547 851 600 882 sed
616 851 722 882 nullus
735 851 896 890 obligatur
909 851 947 881 ad

179 904 404 935 continentiam
414 929 422 942 ‚
438 905 498 934 uisi
516 914 612 935 usum
627 904 740 934 habeat
755 904 901 942 rationis,
917 907 947 935 et

179 967 234 997 per
259 966 447 988 consensum
475 958 611 997 propriae
639 958 809 988 voluntatis
835 967 841 987 ;
871 967 947 996 ergo

178 1011 288 1041 saltem
307 1011 345 1041 ad
368 1019 471 1040 sacros
490 1010 615 1040 ordines
634 1009 740 1039 nullus
761 1013 860 1049 potest
876 1014 948 1040 ante

179 1073 277 1094 annos
298 1064 492 1094 discretionis
515 1063 694 1103 promoveri
713 1074 718 1093 :
743 1072 822 1102 ergo
842 1073 949 1093 neces-

179 1118 282 1148 »arius
296 1119 341 1148 est
358 1127 435 1147 usus
450 1116 592 1147 rationis.

219 1171 332 1201 Contra
347 1181 352 1200 :
371 1171 439 1200 Alia
454 1172 649 1200 sacramenta
663 1179 735 1209 quae
759 1169 949 1209 imprimnnt

179 1225 409 1261 ‹-·21racterem,
430 1226 465 1254 ut
485 1223 659 1263 baptismus
683 1225 712 1252 et
734 1222 947 1259 confirmatio,

179 1280 251 1307 ante
273 1286 367 1308 usum
392 1277 522 1307 rationis
541 1277 608 1307 dari
625 1278 779 1316 possunt:
799 1284 878 1313 ergo
898 1275 949 1305 vi-

180 1332 270 1360 netur
285 1329 353 1369 pari
371 1330 492 1360 ratione
511 1329 593 1369 quod
615 1331 645 1360 et
665 1328 747 1359 istud
771 1337 950 1358 sacramen—

182 1386 259 1413 tum.

220 1437 297 1467 Item
312 1436 371 1466 hoc
381 1436 486 1475 ipsum
503 1436 639 1472 videtur,
656 1436 777 1473 Extra,
790 1435 828 1465 de
839 1435 950 1465 clerico

179 1489 321 1521 ordinato
336 1498 391 1528 per
404 1489 535 1525 saltum,
554 1488 750 1523 ubidicitur,
768 1488 852 1528 qnod
868 1488 950 1518 infra

178 1551 277 1572 annos
304 1541 497 1571 discretionis
527 1541 565 1571 ad
594 1541 732 1570 minores
755 1540 881 1570 ordines
906 1543 951 1570 est,

178 1597 359 1634 promotus,
377 1596 407 1624 et
423 1596 489 1633 post
505 1594 571 1623 sine
588 1594 751 1624 iteratione
766 1603 949 1624 concessum

179 1650 225 1678 est
239 1647 267 1677 ei
282 1647 314 1677 in
329 1646 513 1686 hujUsmodi
530 1646 720 1676 ministrare.

221 1699 296 1729 Item
312 1700 474 1737 sacerdoti,
492 1700 619 1739 quando
634 1700 799 1731 ordinatur
813 1725 821 1738 ‚
837 1701 953 1731 dantur

180 1753 282 1783 claves
300 1753 421 1790 ligandi
440 1755 470 1783 et
487 1753 627 1784 solvendi
640 1786 647 1791 ¹
667 1754 789 1784 etiamsi
808 1755 952 1784 sacerdos

179 1807 308 1837 scientia
332 1809 459 1837 careat:
487 1815 565 1845 crgo
591 1807 690 1837 multo
712 1807 823 1838 fortius
854 1817 954 1847 puero

179 1860 246 1891 dari
261 1860 375 1900 poterit
387 1860 474 1896 ordo,
493 1860 518 1889 si
532 1862 635 1890 careat
646 1869 704 1890 usu
722 1860 862 1890 rationis.

222 1913 316 1950 Item,
334 1912 360 1942 si
375 1912 491 1951 aliquis
508 1912 623 1942 timore
644 1913 754 1942 mortis
773 1913 955 1953 compulsus

183 1976 215 1996 se
231 1966 369 1996 ordinari
385 1965 533 2005 patiatur,
552 1968 581 1996 et
598 1966 685 1996 malit
702 1966 840 1996 ordinari
856 1976 953 2005 quam

183 2019 274 2056 mori,
305 2021 351 2049 est
379 2019 553 2056 ordinatus,
579 2019 659 2049 sicut
688 2021 717 2049 et
741 2019 773 2049 in
798 2019 954 2059 baptismo

182 2073 345 2103 manifeste
361 2074 462 2111 patet:
483 2081 561 2111 ergo
577 2072 691 2102 sufficit
707 2072 855 2102 voluntas
871 2081 955 2103 coac-

182 2128 214 2156 ta
231 2137 237 2155 z
255 2134 334 2164 ergo
358 2134 421 2155 non
439 2127 484 2154 est
506 2125 738 2162 necessarium,
757 2125 840 2165 quod
857 2125 955 2156 libere

183 2179 356 2210 consentiat
382 2189 388 2209 ε
420 2187 496 2217 ergo
524 2187 587 2208 non
618 2178 743 2208 videtur
779 2179 955 2209 necessaria

183 2235 269 2262 aetas.

224 2285 300 2315 Item
325 2284 475 2324 sapientis
501 2287 548 2314 est
570 2284 723 2324 respicere
746 2294 808 2315 1101]
829 2286 954 2315 tanturn

184 2346 332 2378 praesens,
347 2337 399 2367 sed
421 2337 512 2367 etiam
531 2337 615 2376 quod
633 2337 777 2367 futurum
793 2340 838 2368 est
853 2347 860 2368 ε
876 2347 955 2376 ergo

185 2391 211 2421 si
225 2391 317 2421 multi
339 2392 446 2421 carent
465 2390 666 2427 discretione,
684 2390 721 2420 de
737 2391 854 2430 quibus
869 2400 955 2430 prae-

186 2443 321 2474 sumitur
336 2444 373 2483 (a)
388 2443 470 2483 qnod
486 2443 656 2482 aliquando
672 2444 749 2474 fiant
763 2444 899 2482 discreti,
912 2445 955 2473 vi—

185 2496 275 2527 detur
289 2496 374 2536 quod
393 2496 502 2526 saltem
519 2496 595 2526 ordo
610 2497 705 2535 possit
721 2497 765 2527 eis
778 2498 953 2536 committi,

185 2551 216 2578 et
230 2548 371 2579 executio
384 2550 508 2579 maneat
525 2548 556 2578 in
572 2558 735 2588 suspenso.

227 2602 315 2639 Item,
334 2602 359 2632 si
376 2602 492 2642 aliquid
505 2612 545 2633 ex
559 2605 647 2642 parte
662 2603 861 2643 suscipientis
877 2607 957 2635 esset

219 2667 222 2673 '
241 2665 335 2689 Decret.
352 2672 376 2695 p.
393 2665 411 2694 Ι,
428 2665 483 2689 dist.
501 2671 599 2690 Lxxvu.
617 2679 642 2683 —
667 2666 700 2696 (a)
722 2666 763 2690 ΑΙ.
779 2669 954 2698 praesumetur.

1715 202 1769 230 201

1003 267 1216 298 necessarium
1237 267 1269 296 in
1290 267 1358 306 ipsa
1377 267 1595 304 ordinatione,
1617 268 1774 306 oporteret

1002 321 1086 360 quod
1106 320 1216 350 saltem
1231 329 1421 350 conensuin
1444 330 1539 351 snum
1561 320 1771 359 exprimeret,

1004 376 1034 404 et
1048 374 1131 413 quod
1146 373 1185 403 ab
1200 382 1237 403 eo
1258 373 1491 412 requireretur,
1509 373 1587 403 sicut
1606 374 1642 403 fit
1657 373 1688 403 in
1704 382 1774 403 ma-

1003 426 1173 456 trimonio:
1192 425 1245 456 sed
1264 425 1323 455 hoc
1348 426 1442 456 modo
1466 436 1529 456 non
1548 427 1583 456 fit
1599 427 1630 456 in
1645 426 1772 457 ordine:

1004 488 1082 518 ergo
1104 488 1168 509 non
1187 478 1312 509 videtur
1327 478 1409 517 quod
1432 478 1471 508 sit.
1490 479 1683 509 necessarius
1697 488 1774 509 con-

1007 541 1120 562 sensus
1134 543 1140 562 :
1158 540 1237 570 ergo
1252 540 1309 561 nec
1323 540 1399 561 usus
1414 532 1554 562 rationis.

1278 645 1502 677 CONCLUSIO.

1005 732 1050 758 Ad
1064 733 1225 758 sacramenti
1241 733 1430 766 susceptionem
1444 739 1496 757 non
1510 733 1544 757 est
1557 733 1716 758 necessarias
1731 732 1776 758 αὸ-

1040 777 1124 802 solute
1138 783 1201 802 usus
1216 777 1347 807 rationz's5
1361 776 1406 802 sed
1422 777 1525 802 tantum
1538 775 1625 808 quoad
1640 775 1701 801 benc
1713 783 1774 808 esse,

1039 821 1063 846 si
1077 820 1106 846 de
1121 821 1260 847 ordinibus
1273 822 1385 855 proprie
1400 820 1549 853 loquamur.

1046 904 1136 944 Resp.
1152 905 1190 934 ad
1205 914 1276 943 arg.
1294 904 1342 934 Ad
1358 904 1418 934 hoc
1433 904 1541 934 dicunt
1558 903 1655 943 aliqui
1668 926 1676 939 ,
1694 904 1776 943 quod

1005 958 1043 987 ad
1067 957 1215 987 ordinum
1245 958 1389 987 omnium
1413 957 1645 996 susceptionem
1669 956 1775 995 requi-

1005 1013 1087 1042 ritur
1102 1013 1230 1043 rationis
1242 1021 1422 1049 consensus,
1436 1021 1493 1051 pro
1505 1021 1542 1042 eo
1557 1011 1641 1051 qnod
1657 1011 1688 1040 in
1699 1020 1778 1050 quo-

1005 1065 1079 1096 libet
1104 1066 1213 1096 ordine
1239 1066 1379 1096 ofticium
1404 1065 1611 1095 committitur
1634 1066 1778 1103 respectu

1005 1121 1092 1149 actus
1116 1119 1257 1149 eliciendi
1280 1128 1297 1148 a
1319 1119 1458 1155 radone,
1485 1120 1515 1147 et
1536 1117 1676 1147 officium
1698 1116 1777 1146 nulli

1006 1172 1231 1210 committitur,
1255 1172 1314 1201 nisi
1337 1172 1365 1201 ei
1391 1171 1446 1211 qni
1472 1171 1540 1201 vult
1560 1170 1720 1209 recipere:
1748 1172 1778 1199 ct

1007 1225 1075 1255 idco
1091 1225 1196 1255 dicunt
1216 1225 1298 1264 quod
1318 1234 1394 1255 usus
1411 1224 1541 1254 rationis
1557 1223 1730 1263 requiritur
1744 1223 1777 1252 in

1007 1276 1171 1313 ordinat03
1189 1276 1329 1315 alioquin
1350 1276 1428 1305 nihil
1444 1276 1573 1305 omnino
1588 1276 1632 1305 tit.
1654 1274 1714 1305 Sed
1729 1276 1775 1304 ta-

1007 1339 1079 1360 men
1096 1329 1172 1359 illud
1188 1329 1314 1359 videtur
1336 1338 1402 1359 esse
1422 1328 1616 1358 contrarium
1633 1328 1778 1358 decretali

1006 1383 1044 1413 de
1059 1382 1171 1413 clerico
1190 1391 1244 1421 per
1261 1382 1375 1412 saltum
1397 1381 1550 1415 ordinato,
1568 1381 1621 1411 ubi
1636 1381 1779 1420 tangitur

1006 1436 1089 1475 quod
1105 1436 1143 1466 ad
1157 1436 1296 1465 minores
1311 1435 1438 1465 ordines
1453 1435 1534 1464 infra
1547 1443 1646 1464 annos
1661 1434 1776 1464 discre-

1008 1489 1104 1519 tionis
1118 1490 1282 1528 promotus
1297 1490 1354 1518 est.
1370 1487 1528 1527 Amplius,
1546 1489 1610 1517 tota
1626 1487 1675 1516 die
1690 1487 1777 1517 vide-

1008 1552 1079 1572 mus
1091 1541 1240 1582 parvulos
1253 1541 1290 1571 ad
1302 1541 1427 1571 ordines
1438 1540 1576 1570 minores
1587 1541 1778 1579 promoveri,

1007 1596 1062 1635 qui
1080 1605 1137 1626 nec
1161 1595 1264 1625 sciunt
1288 1593 1363 1633 quid
1388 1594 1425 1624 sit
1448 1593 1541 1630 ordo,
1564 1602 1621 1623 nec
1641 1593 1714 1633 qnid
1737 1593 1779 1623 ibi

1007 1648 1116 1686 demi-3
1141 1650 1172 1679 et
1192 1648 1326 1686 iterum,
1347 1656 1424 1677 usus
1446 1647 1693 1677 confirmationis
1718 1656 1781 1677 non

1007 1704 1051 1732 est
1071 1703 1143 1731 ante
1166 1701 1305 1731 adultam
1326 1703 1472 1737 aetatem,
1497 1702 1527 1730 et
1546 1702 1652 1730 tamen
1677 1709 1780 1731 sacra-

1008 1757 1153 1785 mentum
1173 1754 1240 1784 dari
1260 1756 1370 1793 potest.
1393 1753 1430 1783 Et
1453 1753 1523 1783 ideo
1538 1755 1585 1782 est
1599 1752 1661 1783 alia
1675 1753 1781 1792 opinio

1805 916 1881 942 Opinio

1793 947 1896 967 aliorum.

1794 1288 1890 1314 Improh.

1813 1765 1889 1791 Opinio

1008 1807 1247 1846 magistrorum,
1265 1806 1347 1845 qnod
1362 1806 1400 1835 ad
1417 1805 1554 1844 aliquem
1570 1805 1715 1835 ordinem
1733 1814 1782 1835 re-
1799 1803 1845 1815 “¹³

1008 1861 1147 1900 quiritur
1169 1869 1245 1890 usus
1267 1859 1397 1889 rationis
1418 1859 1455 1888 de
1478 1859 1659 1888 necessitate
1678 1867 1780 1888 sacra-

1010 1913 1126 1951 menti3
1149 1913 1186 1942 ad
1211 1912 1349 1951 aliquem
1375 1911 1518 1941 ordinem
1538 1911 1575 1941 de
1601 1912 1782 1941 necessitate

1009 1966 1174 2006 praecepti;
1193 1966 1231 1996 ad
1255 1965 1379 2005 aliquos
1401 1965 1439 1995 de
1464 1965 1627 1994 honestate
1652 1967 1683 1995 et
1707 1974 1781 1995 con-

1010 2020 1157 2058 gruitate.
1172 2019 1218 2050 Ad
1235 2019 1450 2058 episcopatum
1466 2027 1614 2057 namque,
1630 2018 1781 2057 quoniam

1009 2074 1051 2104 ibi
1068 2073 1266 2104 contrahitur
1282 2072 1522 2102 matrimonium
1540 2072 1712 2111 spirituale,
1732 2081 1783 2103 ne-

1010 2127 1143 2158 cessario
1153 2126 1326 2166 requiritur
1336 2134 1518 2161 consensus,
1533 2125 1600 2155 sine
1607 2134 1670 2164 qno
1679 2125 1783 2155 nonsit

1010 2181 1250 2211 matrimonium
1265 2188 1321 2209 nec
1337 2178 1498 2218 spirituale
1509 2202 1517 2215 ,
1534 2187 1591 2208 nec
1607 2178 1780 2217 corporale,

1010 2236 1045 2264 ut
1068 2234 1149 2263 infra
1170 2233 1354 2264 videbitur:
1382 2242 1417 2262 ac
1444 2241 1498 2271 per
1522 2232 1582 2262 hoo
1607 2231 1783 2262 necessario

1010 2286 1182 2326 requiritur
1210 2295 1287 2316 usus
1313 2285 1443 2316 rationis
1467 2287 1497 2315 et
1523 2285 1719 2315 discretionis
1745 2285 1783 2314 de

1010 2339 1193 2370 necessitate
1215 2339 1418 2376 sacramenti,
1439 2338 1511 2369 licet
1533 2337 1633 2368 multa
1655 2337 1716 2367 alia
1732 2346 1780 2367 re-

1010 2394 1178 2433 quirantur
1200 2393 1238 2423 de
1265 2392 1446 2423 necessitate
1476 2392 1591 2422 scilicet
1620 2391 1780 2431 praecepti.

1010 2446 1056 2476 Ad
1083 2446 1209 2476 ordines
1234 2455 1309 2476 vero
1332 2454 1437 2475 sacros
1458 2444 1632 2484 requiritur
1654 2444 1782 2474 rationis

1011 2508 1088 2529 usus
1101 2499 1137 2529 de
1150 2499 1331 2529 necessitate
1349 2498 1507 2538 praecepti,
1522 2507 1579 2537 pro
1595 2507 1631 2528 eo
1642 2497 1726 2536 quod
1741 2496 1780 2527 ad

1010 2551 1079 2582 illos
1101 2552 1226 2582 ordines
1249 2561 1313 2582 non
1341 2551 1454 2582 debent
1476 2550 1619 2586 admitti,
1644 2549 1703 2579 nisi
1727 2549 1781 2588 qui

1011 2606 1144 2644 possunt
1166 2605 1205 2635 ad
1227 2604 1453 2636 continentiam
1478 2603 1613 2642 obligari
1633 2613 1639 2631 2
1662 2603 1692 2631 et
1713 2601 1782 2631 ideo

1011 2658 1066 2697 qui
1086 2658 1233 2689 ordinant
1257 2659 1388 2689 scienter
1411 2667 1463 2688 eos
1485 2657 1537 2696 qni
1565 2665 1627 2686 nou
1651 2656 1782 2695 possunt

1801 2030 1898 2056 Explica.
