1991 3006
57 1646 144 1666 Divisio.

164 174 221 203 132
727 160 1031 193 SEN'i‘1<1NTiAutJM
1059 160 1128 190 titii.
1155 160 1202 190 lV.

163 241 336 270 sumantur
351 235 469 279 saepius
482 259 490 274 ‚
508 236 615 265 tamen
631 230 709 275 quia
723 240 789 263 non
811 229 929 261 iterum
945 226 1149 259 benedicitur
1165 226 1278 258 eadem
1294 225 1418 266 hostia,
1438 225 1490 257 vel
1511 224 1596 257 idem
1615 224 1722 257 oleum
1738 251 1746 266 ‚

163 306 228 327 non
244 294 381 326 iteratur
395 292 632 324 sacramentum
648 299 721 320 cum
738 286 872 330 injuria.
891 285 954 317 Sed
971 284 1053 316 dicet
1068 284 1143 328 quis
1155 310 1163 325 ,
1181 284 1223 316 sic
1245 287 1276 315 et
1295 283 1475 327 baptismus
1498 293 1564 314 non
1589 282 1746 323 iteratur,

163 353 221 384 etsi
239 351 358 395 aliquis
374 350 562 393 frequenter
577 346 778 390 baptizetur,
796 344 875 375 dum
891 342 1002 375 eadem
1020 353 1105 385 aqua
1121 352 1186 373 nou
1206 341 1324 373 iterum
1344 340 1566 373 benedicatur.
1581 339 1644 371 Sed
1659 338 1750 371 aliud

164 413 231 449 est,
253 408 407 452 inquiunt
432 406 502 447 illi,
525 405 563 437 de
583 403 806 436 benedictione
832 412 943 445 aqum,
971 411 1036 444 qua
1060 398 1097 430 fit
1122 398 1322 442 baptismus,
1343 398 1432 430 aliud
1460 398 1499 430 de
1528 396 1750 430 benedictione

164 466 256 509 panis
270 469 301 496 et
314 464 388 496 olei.
408 463 515 495 Potest
529 462 616 494 enim
635 463 674 503 [a]
691 459 870 503 baptismus
880 457 1036 489 celebrari
1053 456 1086 488 in
1104 467 1201 499 aqua,
1217 455 1311 487 etiam
1329 466 1394 488 non
1406 455 1585 494 benedicta,
1601 454 1679 498 quia
1695 453 1752 485 iila

164 522 343 555 benedictio
367 531 425 564 pro
448 519 630 552 reverentia
656 521 783 549 tantum
808 516 843 547 fit
867 519 898 547 et
922 514 1056 554 decore,
1083 524 1147 545 uon
1174 513 1294 545 virtute
1318 512 1520 545 sacramenti.
1548 511 1610 543 Sed
1635 521 1752 554 corpus

163 579 282 612 Christi
298 589 364 610 non
380 581 482 622 potest
497 576 608 609 confici
625 603 630 612 ,
648 574 711 606 nisi
734 573 773 605 de
794 584 876 616 pane
891 575 1097 611 consecrato3
1117 582 1174 602 nec
1198 570 1308 602 unctio
1330 570 1386 602 illa
1406 569 1475 602 fieri
1495 573 1597 613 potest
1610 595 1617 609 ,
1635 568 1697 600 nisi
1712 567 1752 600 de

164 637 234 669 oleo
249 636 289 668 ab
304 635 451 680 episcopo
473 636 668 665 consecrato.
693 630 833 674 Ideoque
858 629 914 661 illa
928 628 1141 661 sanctificatio
1157 627 1196 659 ad
1214 628 1368 659 virtutem
1384 626 1575 658 sacramenti
1591 625 1752 670 pertinere

163 693 305 726 videtur.
323 693 359 724 In
374 691 527 735 conjugio
542 700 673 733 quoque
692 688 790 720 semel
815 691 940 719 tantum
962 686 1164 719 benedicitur
1189 685 1346 728 quisque,
1373 696 1439 717 non
1463 684 1590 728 saepius.
1616 682 1753 716 Benedi-

164 751 249 783 citur
279 750 390 790 euim,
417 753 453 780 ut
480 748 524 780 ait
553 745 785 786 Ambrosius¹,
802 756 876 777 cum
906 744 1028 787 prima,
1054 748 1085 775 et
1113 754 1177 775 nou
1205 742 1345 775 secunda
1374 753 1487 775 uxore.
1518 741 1552 773 Si
1576 752 1653 783 ergo
1677 752 1752 773 cum

166 808 285 840 dicitur
301 809 541 839 sacramentum
556 815 621 836 non
638 815 704 835 esse
724 802 907 835 iterandum
921 828 930 841 ‚
949 812 1006 834 nec
1025 801 1146 844 injuria
1166 800 1194 832 ei
1218 810 1285 831 esse
1308 800 1454 831 facienda
1468 825 1476 839 ‚
1495 799 1652 831 rationem
1676 797 1753 830 dicti

166 866 285 898 referas
314 864 354 897 ad
383 862 669 896 sanctificationem
700 861 745 892 rei
768 887 775 902 ,
804 871 869 903 qua
897 862 1136 891 sacramentum
1170 858 1319 902 expletur
1336 884 1344 899 ,
1370 857 1409 889 de
1437 857 1526 889 omni
1555 859 1754 888 sacramento

166 922 359 965 generaliter
383 920 414 952 id
436 931 550 951 verum
577 923 635 951 est.
657 918 691 949 Si
716 928 794 950 vero
817 917 855 948 ad
881 916 1116 960 susceptionem
1142 915 1354 954 sacramenti,
1372 915 1411 946 de
1425 913 1623 958 quibusdam
1638 923 1753 946 verum

166 985 231 1021 est,
261 979 347 1024 quod
378 989 444 1010 uon
472 978 632 1009 iterantur
661 976 774 1008 crebra
802 974 1031 1018 susceptione3
1058 974 1097 1006 de
1125 973 1197 1005 aliis
1225 984 1302 1005 vero
1329 971 1527 1016 quibusdam
1556 982 1651 1012 non;
1678 970 1756 1014 quia

168 1040 355 1082 frequenter
370 1038 568 1075 sumuntur,
587 1038 622 1066 ut
638 1033 697 1065 hoc
713 1033 874 1065 unctionis
889 1035 1146 1071 sacramentum,
1163 1030 1250 1075 quod
1270 1030 1304 1062 in
1321 1029 1410 1062 omni
1427 1040 1509 1073 pene
1525 1028 1657 1061 ecclesia
1673 1039 1755 1072 saepe

167 1095 335 1140 repetitur.

353 1197 557 1230 EXPOSITIO
579 1196 741 1227 TEXTUS.

201 1287 292 1311 Praeter
306 1285 437 1316 praemissa
453 1286 490 1307 est
503 1283 569 1306 aliud
586 1284 788 1310 sacramentum,
804 1280 899 1303 scilicet

413 1320 499 1343 unctio
517 1318 685 1341 infirmorum.

203 1403 305 1442 Supra
319 1402 565 1433 determinatum
579 1401 625 1429 est
639 1399 676 1428 de
687 1400 824 1437 quatuor
835 1404 934 1426 sacra-

164 1457 296 1493 mentis3
314 1456 382 1486 haec
402 1457 447 1485 est
461 1453 571 1493 quinta
594 1461 679 1491 pars,
698 1451 730 1480 in
750 1459 813 1489 qua
829 1449 936 1487 agitur

164 1511 201 1541 de
216 1510 342 1550 quinto,
359 1507 474 1537 scilicet
493 1506 531 1536 de
552 1505 699 1535 unctione
713 1505 865 1533 extrema.
884 1501 934 1530 Di-

164 1563 283 1594 viditur
304 1563 409 1591 autem
432 1560 500 1589 haec
521 1567 592 1598 pars
614 1558 645 1587 in
663 1558 762 1586 duas:
782 1556 814 1585 in
835 1554 937 1594 prima

166 1617 272 1656 agitur
280 1615 318 1645 de
328 1613 512 1644 sacramenti
526 1610 735 1646 i11stituuone3
749 1609 779 1638 in
789 1607 935 1644 secunda,

166 1670 204 1700 de
219 1668 356 1698 instituti
371 1665 618 1705 dispensatione,
639 1666 669 1693 et
685 1663 745 1692 hoc
762 1661 805 1690 ibi
823 1671 828 1690 ς
849 1661 938 1694 Ome-

165 1725 242 1754 rzmc
253 1721 349 1752 etiam
357 1719 461 1758 aliqui
471 1719 501 1749 si
512 1718 565 1748 1100
576 1719 819 1748 εαεναηιεηειιηι.
834 1713 940 1742 Prima

166 1784 239 1815 pars
253 1775 332 1804 duas
344 1773 482 1803 continet
494 1783 500 1801 z
514 1771 546 1800 iu
562 1770 664 1810 prima
676 1767 843 1805 distinguit
858 1766 941 1795 hanc

168 1828 348 1858 unctionem
371 1826 410 1855 ab
433 1825 516 1861 aliis3
541 1824 574 1853 in
596 1821 732 1852 secunda
752 1819 941 1850 determinat

168 1890 279 1912 causas
301 1889 367 1910 suae
390 1877 612 1913 institutionis,
638 1875 753 1905 scilicet
775 1883 793 1903 a
812 1881 875 1911 quo
897 1874 942 1901 est

168 1935 362 1969 institutum,
377 1935 408 1962 et
422 1933 549 1971 propter
564 1929 651 1969 quid⁷
671 1930 702 1958 et
716 1928 748 1956 in
764 1935 827 1965 qua
843 1926 940 1954 mate-

171 1989 227 2026 ria,
240 1989 301 2018 hoc
311 1987 353 2017 ibi
367 1998 373 2016 z
387 1986 452 2016 Hoc
464 1987 568 2015 autem
579 1983 811 2013 sacramentum
822 1978 945 2009 unctio-

170 2043 223 2072 nis
239 2040 459 2078 infirmorum,
475 2039 533 2067 etv.
554 2034 706 2065 Similiter
721 2032 858 2062 secunda
874 2038 945 2069 pars

173 2092 354 2134 principalis
370 2092 447 2121 duas
462 2090 572 2126 habet,
593 2087 767 2117 secundum
784 2085 863 2115 duas
878 2083 946 2122 opi-

174 2147 283 2177 niones
297 2154 376 2184 quas
387 2144 473 2183 ponit
484 2143 567 2172 circa
581 2139 866 2179 frequentationem
882 2136 947 2166 sive

173 2199 371 2230 iterationem
386 2195 589 2231 sacramenti,
612 2196 642 2223 et
656 2193 797 2232 primum
817 2190 947 2220 modum

175 2252 263 2291 ponit
279 2251 320 2280 ibi
337 2261 344 2280 z
363 2251 517 2286 Quoerimt
533 2247 653 2285 aliqui,
671 2247 742 2281 etc.;
759 2242 947 2276 secundum,

177 2305 220 2334 ibi
238 2315 244 2334 z
264 2303 400 2338 Quidam
414 2305 518 2333 autem
533 2300 571 2331 cle
586 2299 673 2330 omni
687 2299 895 2328 menimento.
915 2294 950 2323 In

178 2359 267 2397 parte
282 2357 340 2386 ista
351 2357 425 2385 sunt
440 2353 652 2384 dubitationes
666 2350 749 2380 circa
760 2349 908 2379 litteram.

510 2447 578 2467 DUB.
603 2446 624 2466 1.

331 2506 426 2529 Praeter
443 2503 576 2534 praemissa
592 2504 630 2525 est
647 2501 736 2530 etiam,
755 2501 803 2523 etc.

224 2568 261 2599 Et
282 2567 385 2607 primo
405 2565 444 2596 de
461 2564 571 2595 ordine
594 2563 686 2593 istius
707 2559 895 2591 sacramenti
916 2559 955 2589 ad

183 2619 398 2651 antecedentia
412 2621 441 2648 et
451 2617 623 2656 sequeutia.
637 2615 767 2645 Videtur
777 2613 861 2642 euim
874 2611 955 2641 male

990 1181 1134 1211 ordinare
1148 1192 1154 1210 :
1167 1190 1240 1211 cum
1256 1181 1341 1210 enim
1353 1180 1435 1209 inter
1449 1179 1556 1209 omnia
1566 1179 1761 1208 sacramenta

992 1234 1104 1263 ultimo
1115 1234 1217 1270 detur,
1230 1235 1357 1272 propter
1366 1232 1450 1271 quod
1459 1234 1489 1262 et
1499 1234 1645 1263 extrema
1656 1231 1763 1261 unctio

992 1288 1207 1325 nuncupatur,
1224 1286 1350 1316 videtur
1365 1285 1448 1324 quod
1464 1285 1576 1315 ultimo
1591 1284 1701 1315 debeat
1715 1292 1764 1313 or·

992 1340 1103 1370 dinari.

1034 1392 1123 1432 Resp.
1157 1392 1326 1422 Dicendum
1356 1391 1439 1430 quod
1469 1393 1590 1421 sacrata
1617 1390 1764 1430 quaedain

993 1445 1163 1484 respiciunt
1184 1453 1363 1483 personam,
1388 1444 1534 1483 quaedam
1554 1443 1765 1474 communiter

994 1499 1095 1537 ipsam
1118 1497 1287 1527 Ecclesiam
1304 1508 1310 1527 z
1327 1500 1362 1527 ut
1379 1497 1457 1527 sicut
1478 1497 1511 1526 in
1532 1496 1654 1526 naturis
1673 1504 1763 1535 quae-

994 1552 1066 1582 dam
1082 1553 1155 1581 suut
1170 1551 1252 1581 vires
1269 1551 1421 1581 ordinatae
1440 1551 1479 1581 ad
1495 1550 1765 1581 conservationem

995 1604 1165 1641 individui,
1187 1604 1333 1643 quaedam
1348 1604 1387 1634 ad
1407 1603 1677 1634 conservationem
1694 1611 1766 1642 spe-

996 1657 1067 1694 ciei;
1086 1658 1129 1687 sic
1145 1657 1176 1686 iu
1187 1656 1404 1696 spiritualibus
1417 1659 1613 1686 sacramenta
1626 1655 1768 1695 quinque

996 1713 1068 1740 sunt
1083 1710 1121 1740 ad
1132 1709 1382 1740 conservandam
1394 1711 1422 1738 et
1434 1708 1682 1748 promovendam
1697 1717 1768 1746 gra-

997 1764 1088 1800 tiam,
1112 1763 1161 1792 vel
1181 1762 1463 1792 consummandam
1479 1762 1561 1791 circa
1575 1761 1676 1800 ipsam
1696 1770 1766 1800 per-

999 1826 1125 1853 sonam,
1145 1816 1198 1845 sed
1219 1816 1295 1845 ordo
1310 1818 1340 1845 et
1355 1815 1545 1853 conjugium
1565 1814 1604 1844 ad
1622 1822 1769 1844 consum-

1000 1870 1149 1899 mandam
1173 1870 1272 1908 ipsam
1298 1868 1467 1898 Ecclesiam
1495 1878 1501 1898 :
1526 1869 1557 1898 et
1581 1867 1669 1905 ideo,
1696 1867 1772 1906 quia

1001 1922 1235 1952 multitudinem
1250 1922 1431 1961 respiciunt⁷
1448 1922 1529 1951 sicut
1541 1919 1710 1950 multitudo
1726 1928 1773 1949 se-

1000 1976 1109 2014 quitur
1131 1975 1302 2010 unitatem,
1326 1975 1369 2003 sic
1387 1974 1450 2004 duo
1472 1975 1670 2003 sacramenta
1688 1980 1770 2012 prae-

1001 2028 1083 2057 dicta
1097 2029 1335 2066 consequuntur
1349 2026 1410 2056 alia
1430 2026 1587 2065 quinque,
1604 2025 1687 2055 inter
1701 2033 1773 2064 quae

1003 2082 1144 2110 extrema
1165 2079 1273 2109 unctio
1289 2079 1438 2110 ultimum
1458 2078 1563 2108 locum
1584 2079 1680 2107 tenet.
1705 2076 1774 2106 Alia

1004 2133 1083 2162 ratio
1104 2133 1266 2170 assignata
1280 2134 1327 2162 est
1346 2140 1460 2171 supra,
1482 2131 1564 2161 circa
1583 2129 1774 2170 principium

1006 2185 1104 2223 huJus
1125 2185 1194 2214 iibri
1216 2184 1423 2214 distinctionis
1442 2183 1607 2219 secundae,
1628 2182 1683 2212 ubi
1706 2183 1774 2212 tan-

1008 2238 1096 2276 gitur
1110 2237 1186 2267 ordo
1200 2239 1482 2267 sacramentorum.

1330 2330 1397 2351 oua.
1421 2330 1453 2350 11.

1010 2388 1109 2417 Unctio,
1125 2394 1181 2417 quae
1192 2387 1220 2411 fit
1231 2387 1376 2417 chrismate,
1392 2393 1448 2416 quae
1460 2385 1551 2409 dicitur
1564 2384 1719 2415 principalis,
1729 2386 1777 2410 etc.

1048 2449 1180 2480 Videtur
1195 2449 1276 2479 male
1291 2449 1404 2486 dicere,
1419 2447 1495 2487 quia
1508 2451 1563 2477 aut
1576 2447 1683 2476 unctio
1695 2446 1779 2486 prin-

1010 2503 1117 2543 cipalis
1131 2503 1246 2532 dicitur
1260 2502 1299 2531 ab
1314 2501 1440 2537 ordine,
1456 2502 1511 2530 aut
1525 2508 1544 2529 a
1558 2499 1712 2538 dignitate
1729 2510 1734 2528 :
1753 2499 1780 2529 si

1043 2584 1050 2599 ¹
1072 2583 1168 2612 Ambr„
1189 2584 1214 2605 ut
1235 2582 1342 2605 habetur
1363 2581 1388 2604 in
1413 2580 1494 2604 Gloss.
1519 2586 1594 2609 super
1615 2580 1620 2602 Ι
1646 2579 1725 2609 Epist.
1749 2579 1783 2602 ad

1014 2621 1080 2649 uma,
1097 2624 1141 2648 111,
1156 2620 1194 2641 259.
1206 2630 1229 2634 —
1253 2618 1286 2647 (a)
1304 2617 1344 2640 Al.
1365 2616 1448 2640 etiam.
