1991 3006
86 1017 190 1037 Fundam.

90 1070 182 1091 Lamech

99 1104 180 1129 primus

86 1134 191 1160 bigamus.

105 2284 138 2305 Ad
158 2290 208 2310 υζιρ.

203 186 259 214 306

201 253 306 281 tamen
329 248 448 277 honum
471 243 563 274 debet
586 250 651 271 esse
679 240 851 280 privatum.
880 231 968 263 Unde

200 302 279 333 nulli
290 300 342 331 alii
355 299 455 338 potest
470 304 605 327 uxorem
619 303 710 324 suam
722 288 967 322 cornmunicare,

200 364 257 386 nec
273 354 457 394 potestatem
470 349 602 387 exigere
616 347 648 377 in
663 346 736 383 alio,
753 343 806 374 sed
819 341 922 372 solum
936 338 969 367 in

201 415 332 446 corpore
347 414 404 435 suo
423 414 430 434 :
447 403 491 433 sic
507 411 564 432 nec
578 400 692 431 mulier
708 398 745 427 (le
760 397 841 426 viro.

241 464 269 491 5.
293 460 339 490 Ad
350 458 428 488 illud
444 456 529 496 quod
545 454 692 493 objicitur
708 452 745 481 dc
760 450 847 483 Sara,
864 447 971 477 dicen-

201 515 278 545 dum
307 512 391 552 quod
421 509 581 540 Abraham
614 513 778 544 nunquam
808 502 972 538 obtempe-

202 568 300 597 rasset
310 574 367 595 nec
379 564 599 602 obtemperare
613 558 781 593 debuisset,
794 554 853 584 nisi
865 552 973 583 divina

201 617 391 659 dispensatio
416 614 647 646 intervenisset.
673 610 761 641 Unde
787 607 865 637 illud
889 604 972 644 quod

201 673 275 703 dicit
291 670 506 710 Augustinus,
525 677 589 698 non
611 666 669 696 fuit
688 666 753 695 tota
768 670 862 691 causa
876 667 973 689 excu-

202 734 290 763 sans,
308 724 362 755 sed
377 724 508 762 signum
524 721 593 751 fuit.

476 825 652 866 QUAESTIO
678 824 713 853 ll.

205 914 252 942 An
265 913 358 940 habere
370 912 460 946 plures
476 915 569 935 umores
584 907 620 933 sit
636 908 728 932 contra
742 903 824 935 Iegem
839 902 944 926 παίω-(ε
956 898 975 923 ¹.

247 993 360 1023 Utrum
392 991 501 1020 contra
527 987 634 1024 legem
661 986 784 1014 naturae
809 980 868 1016 sit,
894 977 976 1017 quod

208 1055 294 1077 unus
319 1044 432 1074 habeat
455 1041 561 1081 plures
583 1046 719 1073 uxores3
749 1037 779 1065 et
801 1032 885 1072 quod
914 1031 976 1067 sic,

208 1098 382 1131 ostenditur
401 1094 599 1126 auctoritate,
620 1090 694 1130 quia
716 1088 788 1119 dicit
813 1086 920 1116 Glossa
941 1084 978 1113 de

207 1150 355 1187 Lamech,
367 1148 443 1188 (ῙιιίΞ
454 1147 565 1177 habuit
582 1145 621 1184 (a)
638 1143 719 1174 duas
735 1148 851 1172 'restores
865 1149 874 1167 :
893 1150 907 1166 «
918 1134 995 1167 Pri:

206 1213 280 1235 mus
301 1204 410 1233 contra
434 1208 556 1230 morem
572 1200 601 1227 et
624 1198 771 1226 naturam
788 1191 979 1223 adulterium

207 1256 375 1288 commisit.
395 1265 409 1282 n
429 1253 516 1292 Ergo
530 1276 537 1288 ‚
554 1253 612 1281 etc..

249 1310 325 1340 Item
339 1308 461 1339 ratione
474 1305 610 1341 videtur,
628 1302 703 1341 quia
718 1299 894 1330 secundum
914 1296 980 1326 dic-

208 1368 315 1394 tamen
330 1364 453 1392 naturae
468 1362 524 1395 est,
537 1356 619 1396 quod
636 1357 686 1386 vir
699 1356 729 1384 et
746 1351 861 1383 mulier
878 1359 979 1389 quan-

209 1420 279 1447 tum
302 1415 340 1446 ad
361 1417 466 1445 actum
490 1411 580 1441 illum
602 1417 693 1449 pares
717 1407 779 1436 sint
798 1416 804 1435 :
829 1404 881 1433 sed
901 1412 984 1433 uxor

211 1480 275 1501 una
289 1479 354 1500 nou
370 1468 471 1508 potest
482 1474 549 1496 esse
563 1462 706 1502 plurium
722 1460 867 1490 virorum
880 1468 886 1486 :
905 1464 982 1494 ergo

211 1535 270 1556 nec
283 1534 300 1555 e
315 1530 479 1554 converso.

254 1578 331 1608 Item
352 1575 526 1607 secundum
549 1573 667 1602 rectam
691 1567 846 1598 rationem
869 1565 919 1594 vir
939 1567 983 1594 te-

214 1636 306 1664 netur
334 1629 427 1661 uxori
455 1626 597 1658 debitum
620 1622 776 1654 reddere:
805 1628 885 1657 ergo
912 1626 985 1647 cum

214 1683 405 1725 impossibiie
420 1682 460 1712 sit
474 1679 569 1710 simul
590 1677 735 1717 pluribus
758 1673 905 1709 reddere,
923 1680 987 1701 non

214 1740 315 1779 potest
338 1746 370 1767 sc
394 1734 487 1765 simul
510 1731 655 1772 pluribus
679 1728 822 1766 obligare
842 1736 847 1755 :
880 1725 934 1754 scd
963 1724 987 1753 si

216 1793 322 1832 plures
342 1791 444 1830 posset
459 1785 554 1817 simul
569 1784 703 1819 habere,
723 1779 817 1810 simul
838 1788 870 1808 se
887 1777 988 1817 plurI-

217 1845 277 1876 bus
291 1843 463 1881 obligaret:
481 1848 570 1878 crgo,
588 1840 649 1868 etc.

259 1898 346 1935 Item,
364 1895 449 1935 quod
466 1893 622 1923 indictum
639 1891 685 1919 est
699 1886 822 1917 homini
839 1896 856 1915 a
871 1885 987 1915 consti-

217 1952 353 1987 tutione,
375 1949 494 1988 spectat
509 1946 548 1976 ad
565 1946 619 1984 ¹jus
639 1941 799 1973 naturale:
825 1939 877 1969 sed
897 1948 915 1968 a
935 1947 991 1967 sua

219 2002 441 2034 constitutione
461 2000 578 2030 dictum
599 1998 644 2026 est
664 1996 693 2025 ³:
718 1993 883 2031 Relinquat
903 1991 991 2021 homo

219 2061 344 2096 putrem
365 2058 394 2086 et
418 2056 567 2088 matrem,
590 2053 619 2081 ec
642 2050 732 2079 erum
752 2045 814 2076 duo
837 2046 873 2075 in
896 2051 991 2074 carne

221 2116 308 2138 una:
328 2114 406 2144 ergo
421 2103 596 2134 secundum
618 2100 775 2129 dictamen
790 2098 913 2125 naturae
928 2097 990 2130 est,

222 2159 307 2200 quod
324 2160 448 2188 tantum
469 2155 531 2185 sint
552 2154 614 2184 duo
631 2163 637 2181 :
655 2159 733 2189 ergo
753 2157 817 2178 una
833 2147 946 2183 unius,
964 2148 993 2176 et

223 2221 286 2242 non
303 2211 420 2250 plures.

264 2264 394 2295 Contra:
418 2265 446 2291 l.
468 2258 669 2298 Augustinus
685 2255 758 2285 dicit
772 2255 792 2292 ⁶,
814 2256 844 2283 et
858 2252 992 2283 habetur

222 2319 256 2348 in
270 2317 374 2347 littera
390 2327 396 2346 2
416 2326 430 2342 <‹
445 2313 576 2351 Quando
589 2313 656 2340 erat
671 2318 739 2339 mos
754 2308 869 2338 habere
887 2306 993 2345 plures

221 2379 348 2408 uxores,
368 2370 531 2408 peccatum
548 2374 613 2395 non
633 2366 709 2393 erat.
731 2374 744 2389 »
765 2360 825 2392 Sed
848 2368 926 2395 mos,
944 2358 994 2388 vel

254 2435 259 2450 ¹
275 2434 315 2457 Cf.
333 2434 359 2456 5.
373 2431 473 2457 Thous„
492 2428 516 2450 iu
537 2425 622 2456 Suppl.
638 2432 660 2454 p.
684 2424 725 2453 lll,
741 2431 765 2453 ¹1-
785 2428 844 2451 Lxx,
859 2422 905 2444 urt.
920 2422 948 2448 43
970 2422 993 2442 ct

222 2470 252 2493 IV
283 2469 361 2496 Sem„
376 2466 432 2489 dist.
449 2468 543 2489 xxxxii,
559 2469 582 2491 q.
609 2467 635 2490 ι,
653 2462 698 2482 uri.
720 2462 743 2487 ’-;
764 2460 842 2495 ficem,
870 2457 898 2479 lv
915 2456 993 2484 Sene„

221 2506 278 2528 dist.
301 2508 398 2530 xxxin,
419 2508 444 2530 q.
467 2506 487 2528 13
509 2496 636 2522 llichurd.=
661 2496 690 2517 lv
717 2495 794 2519 Scae„
817 2493 874 2515 disi.
901 2496 993 2518 xxxni,

220 2543 266 2564 art.
286 2543 306 2569 l,
320 2545 344 2569 q.
361 2543 366 2560 i
383 2538 407 2560 et
421 2542 453 2565 113
470 2532 591 2559 Duruud„
607 2531 635 2553 lx*
654 2530 732 2559 Scau,
745 2528 801 2551 dist.
820 2533 914 2563 xxxiii,
928 2533 953 2556 q.
971 2531 992 2554 1;

221 2576 312 2599 Thom.
326 2575 396 2603 Arg.,
413 2571 442 2594 lV
455 2570 533 2596 Sene„
546 2567 603 2590 dist.
619 2571 715 2594 xxxvi,
730 2571 755 2593 «1.
771 2569 788 2593 1,
803 2565 849 2586 nrt.
863 2565 891 2591 253
905 2560 992 2590 steph,

223 2610 324 2639 Brulef.‚
339 2609 368 2632 lV
382 2607 460 2635 Seni„
475 2605 531 2628 dist.
548 2608 642 2630 xxxui,
655 2608 678 2630 q.
694 2606 726 2629 113
743 2600 820 2628 petr„
836 2598 866 2620 dc
881 2598 993 2635 Terent„

222 2646 251 2671 lV
264 2646 341 2672 Sene..
355 2643 619 2669 dist.xxx111,q.1.—
633 2641 640 2651 ‘³
651 2636 746 2663 Geticam,
762 2640 794 2661 ιν,
812 2634 883 2656 19.-
897 2633 907 2648 ⁵
919 2632 992 2658 mccl„

758 161 1067 202 SENTENTIARUM
1091 162 1165 193 LIB.
1191 161 1240 193 lV.

1024 228 1218 259 consuetudo
1237 230 1346 258 contra
1366 228 1513 257 naturam
1532 236 1597 257 non
1617 230 1664 258 est
1683 237 1794 268 appro-

1025 282 1142 319 banda,
1169 291 1228 312 nec
1250 283 1381 312 excusat
1403 290 1421 311 a
1442 280 1553 320 eulpa:
1579 289 1659 320 ergo
1678 281 1794 313 habere

1026 335 1131 375 plures
1146 343 1263 365 uxores
1278 343 1341 364 non
1357 336 1403 364 est
1419 336 1524 364 contra
1542 336 1701 364 naturam.

1066 391 1095 418 2.
1123 388 1199 418 Item
1222 387 1426 426 Augustinus
1449 386 1561 421 dicit‘,
1582 386 1664 426 quod
1688 388 1797 418 contra

1027 444 1220 480 praeceptum
1244 448 1308 470 non
1331 441 1413 477 erat,
1437 439 1512 479 quia
1534 439 1623 469 nulla
1645 439 1704 470 hoc
1725 439 1797 479 lege

1028 495 1222 534 prohibitum
1248 497 1339 525 erat:
1366 495 1419 525 sed
1442 494 1526 534 quod
1550 496 1596 524 est
1619 497 1727 526 contra
1743 496 1798 534 jus

1028 550 1168 585 naturae,
1200 550 1245 578 est
1278 547 1475 586 prohibitum
1496 547 1533 584 (b)
1562 547 1634 586 lege
1657 549 1796 578 naturae:

1028 609 1122 639 ergo,
1142 603 1199 631 ete.

1069 654 1097 683 3.
1128 654 1204 684 Item
1228 654 1349 684 ratione
1371 654 1513 690 videtur,
1542 653 1618 693 quia
1642 653 1727 692 quod
1755 655 1801 684 est

1029 707 1118 737 cibus
1135 707 1173 736 ad
1192 706 1325 737 salutem
1346 706 1518 744 individui,
1543 706 1601 737 hoc
1624 708 1670 736 est
1687 707 1801 746 eonju-

1031 760 1122 798 gium
1133 759 1172 789 ad
1182 759 1453 789 conservationem
1466 759 1596 799 speciei:
1612 759 1666 790 sed
1681 759 1801 790 licitum

1032 815 1077 842 est
1094 812 1238 851 pluribus
1257 812 1332 842 cibis
1347 813 1393 843 uti
1408 813 1447 842 ad
1461 813 1734 843 conservationem
1749 813 1803 843 in-

1032 864 1172 894 dividui:
1197 872 1275 902 ergo
1297 866 1328 893 et
1349 863 1456 902 plures
1480 872 1597 894 uxores
1621 863 1739 894 habere
1759 863 1804 900 ,ad

1032 917 1303 948 conservationem
1320 917 1444 956 speciei.

1073 972 1103 1000 4.
1129 969 1206 1000 Item
1228 970 1408 1008 conjunctio
1434 969 1530 999 maris
1555 972 1586 1000 et
1611 969 1738 1000 feminae
1760 971 1807 1000 est

1035 1025 1160 1063 propter
1178 1022 1273 1062 prolis
1290 1022 1604 1061 multiplicationem:
1628 1024 1658 1052 et
1675 1022 1744 1053 haec
1762 1024 1808 1052 est

1035 1076 1208 1106 secundum
1225 1076 1382 1106 dictamen
1397 1078 1539 1106 naturae:
1554 1085 1634 1114 ergo
1650 1075 1675 1105 si
1691 1075 1805 1106 mulier

1036 1129 1149 1159 sterilis
1158 1131 1203 1159 cst
1214 1129 1260 1168 (c),
1273 1131 1386 1159 natura
1394 1129 1487 1159 dictat
1498 1129 1584 1168 quod
1594 1128 1737 1168 possitex
1746 1127 1808 1158 alio

1037 1191 1208 1221 generare,
1231 1191 1302 1212 cum
1326 1182 1562 1221 unusquisque,
1588 1183 1744 1221 quantum
1763 1182 1809 1210 est

1037 1236 1075 1265 de
1089 1238 1218 1272 natura,
1242 1237 1367 1274 appetat
1390 1244 1499 1266 semen
1518 1237 1549 1265 et
1570 1234 1691 1274 prolem
1712 1234 1807 1265 relin-

1037 1297 1136 1327 quere
1156 1296 1251 1327 super
1273 1290 1410 1318 terram:
1435 1296 1514 1326 ergo
1536 1296 1599 1318 non
1621 1291 1668 1318 est
1687 1289 1806 1325 contra⁷

1039 1342 1091 1372 sed
1107 1341 1283 1371 secundum
1298 1343 1456 1372 naturam.

1319 1438 1543 1470 CONCLUSIO.

1042 1511 1167 1538 Pluribus
1182 1513 1224 1537 uti
1238 1512 1364 1538 umoribus
1379 1515 1414 1539 est
1435 1515 1529 1539 contra
1544 1513 1589 1546 jus
1604 1515 1723 1546 naturoe,
1739 1514 1811 1539 acci-

1076 1555 1174 1589 piendo
1192 1555 1238 1589 jus
1259 1559 1361 1582 naturae
1376 1556 1474 1583 duobus
1493 1556 1594 1587 modis,
1610 1556 1732 1583 videlicet
1743 1556 1814 1590 quod

1078 1601 1106 1626 in
1129 1600 1197 1633 Leqc
1221 1603 1244 1627 ec
1272 1601 1417 1634 Evangelio
1438 1601 1580 1631 scribitur,
1606 1603 1629 1628 et
1650 1601 1720 1635 quud
1744 1601 1813 1626 ratio

1079 1646 1149 1670 recta
1165 1645 1258 1671 (liceat.

1086 1714 1177 1753 Resp.
1199 1714 1237 1743 ad
1257 1722 1329 1752 arg.
1346 1713 1518 1744 Dicendum
1535 1714 1634 1754 quod,
1653 1714 1733 1745 sicut
1746 1713 1815 1744 dic-

1046 1770 1114 1797 tum
1131 1770 1176 1797 est
1190 1776 1286 1807 supra
1301 1767 1333 1796 in
1348 1766 1402 1797 illa
1417 1767 1619 1798 distinctione
1633 1775 1816 1807 praesuppo-

1046 1821 1121 1858 sita,
1139 1821 1164 1850 si
1177 1822 1232 1860 Jus
1247 1820 1391 1851 naturale
1404 1820 1525 1851 dicatur
1539 1821 1623 1860 quod
1639 1821 1671 1851 in
1686 1820 1772 1860 Lege
1786 1822 1817 1850 et

1047 1873 1223 1913 Evangelio
1250 1874 1413 1911 scribitur,
1439 1874 1483 1903 sic
1507 1875 1562 1913 jus
1585 1874 1732 1904 naturale
1752 1875 1815 1910 est,

1047 1927 1131 1966 quod
1146 1927 1185 1957 sit
1200 1936 1265 1957 una
1280 1927 1394 1957 unius:
1415 1927 1529 1964 Erunt,
1546 1927 1648 1967 inquit
1661 1931 1683 1965 ⁸,
1704 1926 1767 1958 duo
1782 1927 1820 1958 in

1048 1989 1141 2012 carne
1158 1989 1239 2017 una,
1255 1983 1321 2010 tam
1336 1980 1370 2010 in
1387 1981 1495 2016 veteri,
1512 1990 1608 2020 quam
1623 1980 1657 2010 in
1674 1989 1769 2011 novo.
1787 1978 1820 2010 Si

1049 2035 1154 2063 autem
1167 2034 1222 2072 jus
1236 2033 1380 2063 naturale
1400 2033 1525 2063 dicatur
1542 2033 1625 2072 quod
1641 2033 1722 2063 ratio
1737 2035 1820 2063 recta

1048 2086 1158 2123 dictat,
1178 2085 1280 2115 adhuc
1296 2094 1408 2115 verum
1430 2088 1491 2122 est,
1514 2086 1590 2124 quia
1609 2086 1713 2116 adhuc
1725 2085 1821 2115 dictat

1050 2141 1178 2175 natura,
1197 2138 1370 2168 secundum
1393 2138 1476 2177 quod
1495 2138 1626 2168 rationis
1648 2140 1742 2177 rectae
1757 2140 1819 2175 est,

1049 2192 1134 2231 quod
1147 2201 1210 2221 non
1226 2191 1317 2221 faciat
1331 2191 1395 2228 alii,
1407 2191 1492 2230 quod
1508 2191 1566 2221 sibi
1580 2201 1646 2222 non
1658 2191 1726 2222 vult
1737 2192 1818 2222 fieri.

1050 2244 1110 2275 Sed
1132 2245 1181 2274 vir
1202 2253 1266 2274 non
1285 2244 1354 2274 vult
1375 2244 1456 2283 quod
1482 2253 1565 2274 uxor
1586 2244 1702 2274 habeat
1723 2245 1821 2275 alium

1050 2299 1176 2328 virum:
1204 2297 1305 2335 igitur
1329 2306 1385 2326 nec
1402 2297 1467 2335 ipse
1491 2297 1582 2327 debet
1605 2296 1685 2327 velle
1704 2297 1821 2327 habere

1051 2352 1146 2381 aliam
1169 2359 1318 2387 uxorem,
1343 2359 1416 2380 cum
1441 2350 1473 2379 in
1496 2349 1550 2380 tali
1570 2351 1656 2387 actu,
1678 2352 1820 2389 utsupra

1051 2442 1079 2462 11.
1096 2437 1133 2459 24.
1146 2448 1173 2452 -—
1188 2436 1198 2451 ⁴
1212 2437 1246 2457 λιι
1279 2434 1533 2462 ,c0111.Faust.‚1i1›.
1552 2434 1626 2460 xxii,
1644 2442 1664 2456 c⁴
1682 2432 1821 2463 XLv1115de

1051 2472 1126 2494 Οιυῐί,
1145 2471 1202 2499 Dei,
1218 2470 1260 2493 lib.
1277 2470 1331 2498 ΧΥ,
1347 2478 1368 2493 c.
1385 2475 1437 2499 xvi,
1454 2476 1479 2492 n.
1497 2472 1516 2498 13
1532 2468 1574 2492 lib.
1591 2469 1656 2498 XVI,
1673 2476 1694 2491 c.
1710 2473 1820 2499 xxxviii,

1051 2514 1076 2529 n.
1091 2509 1115 2529 55.
1126 2506 1175 2522 -5
1187 2505 1233 2534 lul„
1248 2507 1313 2528 cont.
1331 2505 1427 2533 Fama,
1442 2505 1482 2528 lib.
1499 2504 1573 2532 xxii,
1591 2510 1612 2527 e.
1628 2509 1710 2531 vaxl,

1050 2554 1080 2558 —
1095 2541 1104 2557 θ
1117 2542 1212 2569 Gema-s„
1231 2547 1258 2570 ιι,
1274 2542 1319 2569 :Tm
1334 2540 1436 2570 Mattlz„
1451 2545 1504 2568 xlx,
1519 2541 1541 2563 5.

1084 2592 1115 2620 (τι)
1127 2590 1200 2614 Vulu.
1216 2590 1355 2618 (1C(*f‘)›¹l.—
1368 2590 1399 2617 (ο)
1415 2590 1475 2611 Cael.
1490 2589 1548 2610 stltl.
1560 2588 1616 2610 add.
1630 2588 1743 2617 iu.-(1:,
1757 2586 1817 2610 Coet.

1049 2628 1109 2651 edit.
1129 2631 1169 2647 cxv
