1991 3006
59 510 88 533 Ad
100 517 149 537 opp.

177 222 236 250 ¹56

178 286 245 316 fusa
264 288 326 323 est,
343 287 398 316 aut
419 285 458 315 ad
480 285 623 315 ordinem
647 287 772 317 redacta
794 289 841 317 est
862 287 944 317 etad

179 338 318 377 regimen
336 349 342 368 :
368 346 445 376 ergo
467 337 492 367 si
516 337 549 367 in
569 338 776 369 ecclesiastica
799 339 944 370 multitu-

176 392 248 422 dine
262 391 403 421 confusio
420 391 594 421 necessario
608 392 761 429 evitatur,
786 392 835 422 vcl
855 392 944 422 vitu-

178 447 304 484 peratur
315 467 322 480 ,
336 452 462 474 necesse
481 445 526 474 est
540 444 624 484 quod
640 445 683 474 ibi
704 447 840 484 ponatur
855 445 942 476 ord0.

216 498 347 529 Contra:
373 500 400 527 l.
430 496 626 537 Ubicumque
649 501 695 528 est
717 498 804 536 ordo,
832 498 874 528 ihi
900 500 946 528 est

174 551 330 582 distinctio
354 560 361 581 :
388 551 460 589 sed,
487 553 522 581 ut
548 552 682 588 dicitur,
704 552 785 588 Gal„
813 561 856 589 111,
886 554 944 590 ⁶28,

175 613 280 637 omnes
300 612 357 636 nos
383 613 482 635 unum
500 613 610 636 sumus
633 606 669 636 z'n
688 605 809 636 Christo
821 615 832 643 ;
859 605 947 636 intel-

174 658 303 697 ligendo
320 658 358 688 de
377 658 525 689 omnibus
544 658 690 688 fidelibus
707 669 713 688 t
731 668 806 696 ergo
826 659 865 688 ihi
883 668 946 689 non

176 712 300 743 videtur
315 720 382 742 esse
398 712 486 742 ordo.

215 765 293 796 Item
313 765 506 804 ubicumque
532 766 577 794 est
598 764 692 802 ordo,
716 764 757 794 ibi
780 767 827 795 est
841 765 948 795 deter-

175 818 294 849 minata
303 818 455 858 praelatio,
469 820 499 848 et
509 817 664 856 subjectio
678 827 684 847 z
698 817 751 847 sed
763 817 795 847 in
810 817 948 848 Ecclesia

174 872 305 911 quilibet
328 872 418 902 debet
443 880 476 901 se
498 872 646 909 reputare
671 871 838 907 infimum,
869 871 948 901 sicut

175 925 288 956 dicitur
302 925 308 940 ¹
323 933 330 955 ι
347 924 384 955 1η
395 923 575 955 humililate
588 923 768 962 superiores
782 923 845 955 sibi·
860 925 946 955 invi-

175 986 250 1015 cem,
275 980 354 1015 etc.;
371 981 381 996 ¹
399 977 592 1016 Quicumque
622 976 758 1009 voluerit
783 978 867 1008 incer
894 985 948 1009 vos

175 1032 277 1072 major
291 1040 365 1070 csse,
381 1032 439 1070 fiac
456 1032 549 1067 sicut,
566 1032 623 1060 etc.

216 1087 244 1115 3.
271 1084 347 1115 [tem
369 1084 423 1115 ubi
447 1086 493 1114 est
516 1084 608 1121 ordo,
625 1083 669 1113 ibi
688 1085 735 1113 est
760 1083 902 1122 praelatio
919 1085 949 1113 et

176 1137 371 1175 dominium3
398 1139 429 1167 et
453 1137 507 1167 ubi
534 1137 594 1167 hoc
619 1138 680 1174 est,
706 1136 749 1166 ihi
776 1138 823 1166 θεῖ
845 1137 950 1176 aliqua

177 1192 331 1231 subjectio
353 1193 383 1222 et
403 1191 553 1221 servitus:
582 1191 636 1221 sed
656 1200 766 1220 omnes
787 1190 893 1220 fideles
918 1191 951 1220 in

176 1245 352 1275 libertatem
368 1245 470 1275 vocati
488 1246 573 1281 suut,
587 1244 668 1274 sicut
681 1244 805 1280 dicitur,
826 1243 948 1281 Gal.,v,

178 1300 235 1328 13:
252 1307 331 1337 ergo
346 1298 428 1328 inter
447 1297 555 1328 fideles
573 1296 604 1326 in
629 1296 764 1327 Ecclesia
782 1296 890 1326 nullus
905 1298 952 1326 est

177 1351 266 1381 ordo.

217 1406 246 1434 4.
272 1403 364 1442 item,
383 1404 408 1434 si
428 1406 475 1434 est
492 1404 587 1441 ordo,
609 1405 665 1433 aut
679 1412 758 1441 crgo
775 1403 952 1433 secundum

178 1457 262 1488 bona
276 1458 401 1487 naturae
413 1481 422 1494 ,
441 1459 495 1487 aut
510 1456 685 1487 secundum
700 1456 780 1486 hona
793 1456 929 1485 fortunae
943 1479 950 1492 ,

178 1513 235 1541 aut
259 1510 436 1541 secundum
460 1510 542 1540 dona
569 1510 693 1548 gratiae.
719 1508 751 1539 Si
777 1510 952 1540 secundum

180 1564 263 1594 bona
276 1565 416 1601 naturae,
433 1572 513 1602 ergo
536 1563 587 1593 ille
608 1562 700 1593 debet
714 1571 780 1592 esse
796 1562 952 1602 superior,

179 1618 235 1658 qui
252 1619 298 1648 est
312 1616 436 1654 fortior,
454 1618 485 1646 et
499 1616 555 1655 qui
570 1618 617 1646 est
638 1615 811 1646 industrior
825 1626 831 1645 ι
850 1618 880 1645 θῖ
894 1616 954 1646 hoc

180 1673 226 1701 est
239 1671 365 1701 salsum.
378 1669 410 1700 Si
423 1669 598 1700 secundum
613 1670 696 1699 bona
712 1669 860 1706 fortunae,
874 1678 954 1707 ergo

180 1725 231 1755 ille
247 1723 402 1764 superior,
419 1723 473 1762 qui
494 1725 539 1752 est
564 1722 657 1752 ditior
680 1724 711 1752 et
734 1722 903 1761 potentior.
921 1722 953 1752 Si

179 1778 353 1809 secundum
373 1777 456 1807 dona
478 1775 605 1815 gratiae3
623 1775 676 1806 sed
692 1784 786 1805 nemo
805 1775 862 1805 scit
883 1775 955 1814 quis

181 1831 296 1862 habeat
307 1830 345 1861 de
357 1830 462 1869 gratia
472 1829 555 1868 plus,
567 1828 616 1859 vel
630 1828 736 1858 minus
749 1839 756 1859 z
769 1837 848 1867 ergo
861 1837 955 1859 nemo

182 1885 239 1916 scit
252 1885 322 1924 quis
338 1884 377 1914 sit
393 1883 552 1920 subditus,
569 1884 625 1915 aut
641 1882 714 1922 quis
728 1882 767 1912 sit
783 1882 933 1921 praelatus
946 1891 954 1913 :

182 1948 261 1978 ergo
277 1948 340 1968 nou
355 1937 482 1969 videtur
494 1936 580 1976 quod
595 1936 634 1966 sit
648 1936 764 1976 aliquis
779 1935 867 1966 ordo.

457 2049 683 2081 CONCLUSIO.

184 2136 383 2163 Sacramentum
403 2134 507 2161 ordinis
530 2136 567 2160 est
591 2135 764 2160 necessarium
784 2134 814 2160 in
836 2134 959 2160 Ecclesia

220 2182 275 2207 tum
289 2181 398 2214 propter
413 2178 658 2213 pulchritudinem,
681 2179 736 2204 tum
757 2179 868 2212 propter
881 2178 959 2204 recti-

222 2224 344 2251 tudinem
358 2222 526 2250 servandam.

225 2307 317 2347 Resp.
335 2307 374 2338 ad
389 2315 459 2345 arg.
477 2305 649 2336 Dicendum
664 2305 747 2345 quod
763 2306 959 2336 necessarius

186 2363 233 2392 θεῖ
252 2360 329 2391 ordo
343 2360 377 2389 in
392 2358 530 2389 Ecclesia
553 2357 669 2398 duplici
690 2358 827 2396 ratione,
844 2358 960 2388 scilicet

186 2415 313 2453 propter
327 2411 612 2452 pulchritudinem,
632 2413 661 2441 et
683 2413 811 2450 propter
826 2411 958 2441 rectitu-

187 2467 302 2497 dinem.
321 2466 396 2496 Cum
420 2465 506 2496 enim
531 2465 570 2495 sit
592 2474 711 2504 magna
732 2465 902 2495 multitudo
925 2465 961 2495 in

187 2520 340 2558 Ecclesia,
364 2519 425 2549 nisi
450 2519 531 2548 esset
552 2518 650 2553 ordo,
676 2518 840 2548 manifesta
863 2527 958 2557 appa-

187 2577 269 2605 reret
283 2573 423 2605 confusio
437 2584 443 2603 :
457 2574 488 2603 et
498 2572 568 2604 haec
579 2574 626 2602 θεῖ
640 2572 852 2603 multitudiuis
868 2572 961 2602 foeda-

224 2653 343 2684 ¹Plu'lz'p..
360 2658 388 2683 11,
402 2654 426 2676 3.
437 2652 486 2669 —2
499 2652 567 2680 Lice„
579 2656 644 2681 xxu,
657 2652 696 2675 26.
707 2664 737 2669 —
747 2651 757 2667 ³
769 2652 799 2675 111
814 2652 881 2681 Κεφ,
895 2657 960 2682 xxn,

196 2691 269 2713 17.—
283 2688 387 2719 baebia,
400 2688 510 2718 x111,l7.

734 218 1044 250 SENTENTIARUM
1067 220 1140 251 LlB.
1166 221 1215 252 lV.

1001 287 1057 317 tio.
1074 286 1161 318 Unde
1181 288 1284 318 omnis
1305 289 1446 328 sapienS,
1466 288 1538 327 qui,
1556 297 1593 318 eo
1607 288 1675 328 ipso
1689 289 1774 329 quod

1001 339 1124 378 sapiens
1138 342 1203 377 θεῖ,
1220 340 1465 379 pulchritudinis
1489 343 1536 370 θεῖ
1553 342 1693 379 amator,
1709 351 1773 372 non

1001 392 1148 431 producit
1171 393 1271 423 multa
1294 393 1361 423 sine
1384 393 1492 423 ordine
1517 403 1524 423 ε
1547 396 1575 423 et
1600 394 1682 424 inter
1707 394 1776 425 haec

1005 445 1142 475 maxime
1168 447 1298 485 apparet
1320 446 1471 485 sapientia
1499 447 1572 484 Dei,
1597 455 1670 486 quae
1694 447 1776 478 inter

1002 499 1110 529 omnia
1132 508 1227 538 opera
1246 508 1304 528 sua
1325 499 1542 530 manifestatur
1566 500 1599 530 in
1621 500 1776 531 constitu-

1002 551 1086 582 tione
1113 551 1269 582 Ecclesiae.
1286 551 1486 583 Necessarius
1508 556 1554 583 θεῖ
1577 553 1671 584 etiam
1699 553 1776 584 ordo

1002 606 1130 644 propter
1145 605 1364 635 rectitudinem
1377 616 1383 635 ε
1404 614 1478 635 nam
1491 606 1663 637 multitudo
1676 630 1685 644 ,
1700 615 1775 636 cum

1003 657 1033 687 in
1057 660 1139 687 statu
1160 660 1206 687 est
1229 658 1262 688 in
1276 667 1339 697 quo
1360 659 1486 689 deviare
1511 661 1630 698 polest,
1647 662 1732 690 errat
1747 660 1773 690 si

1003 719 1066 740 non
1082 710 1177 740 habet
1188 710 1299 741 ducem
1310 735 1317 748 ,
1335 720 1391 741 nec
1407 714 1560 742 rectorem
1573 736 1582 750 ,
1602 712 1683 742 sicut
1697 712 1773 742 dici-

1003 765 1055 792 tur
1070 763 1104 793 ³:
1135 763 1213 794 Vidi
1235 767 1382 795 cunctum
1408 765 1507 796 Israel
1533 764 1712 804 dispersum
1740 766 1776 796 τη

1003 815 1176 852 montibus,
1193 817 1275 847 sicut
1290 824 1359 848 oves
1370 825 1433 848 mm
1449 817 1594 849 habentes
1603 821 1774 857 pastorem.

1005 868 1163 905 Quoniam
1194 878 1272 908 crgo
1305 869 1474 899 multitudo
1498 869 1644 900 Ecclesiae
1671 873 1717 901 θεῖ
1744 871 1777 901 iu

1005 925 1087 952 statu
1103 923 1136 952 iu
1152 932 1214 962 quo
1228 924 1327 962 potest
1343 923 1481 960 deviare,
1498 923 1621 962 indiget
1633 924 1732 963 capite
1747 926 1778 955 et.

1005 975 1162 1013 regimine
1180 986 1186 1005 :
1204 978 1234 1006 et
1249 986 1321 1006 cum
1338 985 1421 1006 inus
1440 985 1502 1006 non
1519 976 1614 1016 possit
1629 976 1778 1007 omnibus

1005 1029 1161 1064 sufficere,
1179 1038 1235 1059 nec
1251 1029 1289 1059 ad
1305 1029 1426 1066 omnim
1444 1029 1513 1059 ideo
1527 1031 1649 1068 oportet
1665 1038 1780 1060 secun-

1006 1081 1082 1111 dum
1110 1082 1181 1121 plus
1204 1084 1233 1111 ct
1263 1082 1369 1112 minus
1393 1082 1598 1114 ecclesiastica
1625 1083 1728 1114 officia
1748 1085 1780 1114 et

1007 1137 1176 1174 potestates
1191 1135 1389 1172 distribuere,
1401 1138 1437 1166 ut
1452 1135 1588 1166 Ecclesia
1602 1138 1734 1175 regatur
1748 1137 1779 1166 et

1007 1188 1167 1227 dirigatur
1189 1189 1255 1219 sine
1280 1198 1403 1226 errore;
1425 1192 1454 1219 et
1477 1189 1684 1220 concedendae
1706 1191 1780 1220 sunt

1007 1241 1143 1270 rationes
1159 1241 1198 1271 ad
1214 1241 1283 1271 hoc.

1049 1296 1061 1323 1
1081 1295 1111 1324 et
1125 1294 1154 1323 2.
1171 1293 1217 1323 Ad
1233 1294 1311 1324 illud
1327 1294 1411 1333 quod
1431 1294 1579 1333 objicitur
1593 1295 1631 1325 de
1646 1295 1777 1334 unitate,

1007 1347 1175 1378 dicendum
1198 1347 1281 1386 quod
1305 1347 1384 1377 sicut
1408 1347 1441 1377 in
1462 1356 1592 1387 corpore
1608 1350 1715 1378 nostro
1735 1350 1781 1378 est

1008 1400 1208 1431 considerare
1230 1402 1376 1431 naturam
1392 1424 1399 1437 ,
1420 1410 1475 1440 per
1490 1410 1586 1440 quam
1609 1403 1656 1431 est
1676 1401 1781 1432 unitas

1008 1457 1039 1484 et
1053 1454 1282 1491 convenientia,
1297 1456 1326 1484 et
1338 1456 1486 1484 naturam
1497 1455 1672 1485 secundum
1683 1465 1779 1495 quam

1009 1510 1055 1537 est
1086 1507 1243 1537 distinctio
1278 1507 1344 1538 sive
1380 1507 1575 1545 dilse1·entia;
1605 1509 1708 1548 prima
1735 1512 1781 1540 est

1009 1560 1197 1600 complexio,
1223 1561 1359 1591 secunda
1383 1563 1429 1590 θεῖ
1450 1561 1665 1600 organizatio:
1681 1562 1726 1592 sic
1748 1563 1781 1593 in

1009 1623 1139 1653 corpore
1149 1614 1234 1653 quod
1246 1616 1292 1644 est
1302 1614 1449 1645 Ecclesia.
1466 1615 1526 1645 Per
1536 1618 1684 1646 naturam
1696 1616 1781 1646 enim

1010 1667 1169 1698 charitatis
1184 1676 1294 1698 omnes
1312 1668 1457 1706 unimur,
1475 1669 1528 1699 sed
1547 1678 1603 1708 per
1625 1669 1706 1700 dona
1721 1670 1783 1701 alia

1010 1721 1198 1759 gratiarum,
1211 1730 1282 1760 quae
1294 1721 1464 1760 Apostolus
1476 1725 1653 1759 enumerat,
1669 1723 1688 1754 Ι
1698 1723 1780 1761 Cor„

1010 1783 1067 1812 xn,
1083 1776 1111 1812 8,
1130 1776 1178 1811 10,
1195 1774 1424 1812 distinguimur
1438 1776 1467 1804 et
1483 1775 1680 1806 ordinamur.

1053 1828 1081 1856 3.
1105 1826 1153 1856 Ad
1182 1826 1259 1856 illud
1291 1835 1369 1865 ergo
1393 1827 1477 1866 quod
1502 1827 1670 1868 objicitur,
1699 1828 1784 1868 quod

1013 1880 1234 1919 unusquisque
1252 1888 1284 1909 se
1303 1878 1394 1909 dehet
1415 1882 1562 1919 reputare
1581 1881 1783 1919 inferiorem,

1011 1933 1179 1963 dicendum
1204 1932 1287 1971 quod
1313 1935 1462 1972 reputare
1485 1942 1518 1963 se
1539 1933 1720 1965 inferiorem
1739 1936 1787 1965 est

1011 1987 1198 2026 dupliciter:
1217 1985 1267 2015 vel
1289 1988 1440 2025 quantum
1463 1987 1502 2017 ad
1523 1987 1598 2018 vitae
1614 1988 1783 2027 meritum,

1012 2039 1063 2070 vel
1080 2040 1238 2078 quantum
1259 2038 1296 2068 ad
1312 2038 1462 2069 officium.
1481 2039 1642 2076 Quantum
1658 2040 1697 2071 ad
1713 2041 1786 2072 vitae

1012 2092 1180 2129 meritum,
1198 2091 1273 2131 quia
1289 2100 1383 2122 nemo
1398 2091 1455 2122 scit
1477 2092 1588 2131 quanti
1604 2092 1643 2123 sit
1658 2094 1762 2124 meriti
1776 2117 1784 2131 ‚

1012 2145 1057 2175 sic
1079 2145 1170 2175 debet
1189 2153 1221 2174 se
1236 2146 1387 2183 reputare
1401 2144 1598 2182 inferiorem3
1613 2145 1667 2176 sed
1683 2155 1784 2185 quan-

1013 2200 1083 2228 tum
1104 2198 1143 2228 ad
1164 2197 1303 2228 officium
1326 2206 1391 2227 non
1415 2200 1555 2237 oportet,
1574 2200 1604 2228 et
1627 2200 1785 2238 quantum

1013 2251 1051 2282 ad
1066 2251 1126 2281 hoc
1141 2250 1314 2281 attenditur
1323 2250 1411 2281 ordo.

1053 2307 1082 2335 4.
1109 2304 1157 2334 Ad
1181 2303 1256 2333 illud
1279 2303 1363 2342 quod
1388 2303 1535 2342 objicitur
1563 2303 1601 2333 de
1622 2303 1783 2343 libertate,

1013 2357 1183 2388 dicendum
1207 2356 1290 2395 quod
1326 2356 1451 2386 libertas
1474 2355 1516 2385 ibi
1552 2365 1617 2386 non
1648 2357 1786 2388 excludit

1014 2410 1258 2450 subjectionem,
1280 2418 1353 2439 cum
1379 2409 1446 2448 ipse
1469 2408 1637 2448 Apostolus
1659 2409 1741 2440 dicat
1755 2412 1783 2441 ⁴:

1017 2464 1142 2496 obedite
1163 2463 1346 2503 prceposz'tis
1369 2463 1481 2493 vestris
1502 2470 1559 2501 per
1582 2463 1691 2494 omnia
1704 2473 1716 2492 .·
1732 2463 1785 2494 sed

1014 2516 1153 2549 excludit
1174 2514 1386 2554 ignominiam
1410 2514 1590 2553 servitutis,
1614 2515 1646 2545 in
1662 2525 1726 2555 qua
1740 2518 1787 2546 est

1014 2571 1065 2601 ille
1080 2570 1136 2610 qui
1152 2571 1198 2599 est
1213 2577 1325 2599 servus
1343 2567 1461 2607 peccati
1470 2577 1478 2604 ;
1493 2569 1523 2597 et
1540 2567 1584 2598 ita
1598 2577 1663 2598 non
1676 2567 1786 2599 exclu-

1015 2623 1059 2653 dit
1073 2622 1227 2653 ordinem.
1243 2620 1299 2651 Vel
1311 2619 1490 2656 dicendum,
1507 2620 1592 2659 quod
1604 2620 1657 2650 alii
1671 2619 1785 2659 subjici

1017 2679 1062 2707 est
1077 2675 1254 2715 dupliciter,
1271 2673 1386 2704 scilicet
1401 2673 1530 2711 timore,
1547 2676 1577 2704 et
1591 2682 1709 2705 amore.
1726 2672 1786 2710 Qui
