1991 3006
52 1014 156 1040 Explicat.

79 1174 112 1194 Aa
125 1180 146 1200 q.

52 1206 111 1226 later.
123 1207 142 1226 3.

546 192 644 232 DlST.
668 201 770 232 XXIV.
796 199 909 230 PART.
936 199 971 229 ΙΙ.
996 198 1086 229 ART.
1110 199 1131 229 Ι.
1157 199 1306 236 QUAEST.
1329 201 1378 231 lV.

167 268 330 308 Amplius,
346 278 420 299 cum
437 269 567 307 signum
588 268 699 298 debeat
712 267 829 298 habere
843 266 934 296 simi-

166 321 332 352 litudinem
354 322 391 352 ad
417 322 578 360 signatum
594 345 601 358 ‚
627 321 660 350 in
685 330 722 351 eo
744 319 938 360 imprimitur

168 375 339 413 character,
356 375 439 414 quod
453 374 590 404 exterius
606 374 710 413 magis
723 375 769 403 est
784 373 815 403 in
832 382 936 403 sacra-

169 430 274 458 mento
289 427 349 458 sibi
359 426 469 457 simile.
488 426 645 463 Quoniam
661 427 762 465 igitur
781 426 814 455 in
830 425 938 456 ordine

168 480 362 520 imprimItur
377 480 552 517 character,
570 480 655 519 quod
670 481 715 509 est
735 478 937 518 signaculum

168 534 207 564 ad
220 534 358 572 aliquam
378 535 565 572 potestatem
581 533 795 571 spiritualem3
810 532 867 562 hoc
882 541 939 571 pro

169 585 310 625 generali
324 585 438 624 regula
454 585 636 615 habendum
652 588 715 622 est,
733 585 816 625 quod
839 585 872 615 in
888 585 939 615 iilo

167 639 261 677 signo
271 638 419 668 exteriori
434 638 629 678 imprimitur
639 638 800 668 character
814 639 848 668 in
866 647 940 677 quo-

167 692 243 723 libet
269 691 396 729 ordine,
424 691 457 721 in
483 700 546 731 quo
573 691 755 730 principalis
781 693 938 730 potestas,

168 754 264 784 quam
277 744 403 783 respicit
417 744 504 778 ordo,
526 744 674 783 signatur
687 744 769 774 tradi
782 744 936 774 ordinato.

168 797 216 828 Ad
230 797 311 827 hanc
325 798 432 827 autem
455 797 647 835 signandam
661 797 725 828 duo
746 800 941 827 concurrunt

168 850 323 888 exterius,
350 850 465 881 scilicet
492 851 619 881 traditio
649 851 784 890 alicujus
819 851 938 880 instru-

169 904 278 939 menti,
304 906 333 933 et
358 904 518 943 expressio
542 904 649 941 verbi,
676 906 711 934 ut
732 904 775 934 sic
799 904 830 934 in
847 904 940 943 signo

171 957 287 987 visibili
308 957 403 987 simul
423 959 453 986 et
475 957 605 986 audibili
633 957 833 995 significetur
859 958 938 988 dari.

171 1011 233 1042 Nec
255 1011 368 1041 sufficit
393 1010 525 1049 signum
547 1011 684 1041 audibile
708 1011 774 1041 sine
800 1011 938 1045 visibili,

171 1066 299 1105 propter
320 1065 380 1094 hoc
403 1064 489 1103 quod
513 1064 597 1094 aliud
623 1064 758 1094 verbum
781 1064 865 1094 aliud
890 1064 941 1094 de-

170 1118 222 1148 bet
243 1118 399 1157 respicere
428 1118 574 1156 signnm,
598 1120 632 1147 ut
651 1120 735 1157 patet
750 1118 783 1148 in
806 1118 873 1148 aliis
895 1127 942 1148 sa-

170 1171 349 1202 cramentis.
375 1171 436 1202 Nec
455 1172 570 1201 sufficit
584 1172 716 1211 signum
740 1172 806 1202 sine
830 1172 940 1209 verbo,

170 1224 246 1264 quia
274 1224 312 1254 ad
338 1224 437 1255 multa
466 1227 566 1263 potest
593 1226 653 1255 tale
678 1225 828 1263 signum,
859 1225 941 1255 sciliv

170 1280 217 1308 cet
235 1278 330 1315 liber,
356 1278 407 1308 vel
432 1278 508 1308 illud
536 1288 604 1315 ωε,
624 1279 709 1315 dari·‚
724 1281 754 1308 et
767 1279 837 1309 ideo
853 1288 943 1318 opor-

168 1334 212 1362 tet
235 1341 291 1371 per
315 1332 451 1362 verbum
472 1333 597 1362 arctari.
624 1332 660 1362 Et
683 1332 752 1363 haec
777 1333 839 1362 duo
867 1335 940 1363 sunt

168 1384 346 1414 essentialia
360 1386 389 1414 et
409 1385 577 1415 intrinseca
592 1387 805 1423 sacramento,
822 1388 851 1416 et
868 1395 942 1425 per-

168 1438 304 1468 ficientia
325 1441 571 1468 sacramentum.
594 1438 751 1475 Quoniam
766 1439 851 1469 enim
869 1448 935 1469 ma-

168 1500 229 1521 nus
250 1494 297 1521 est
311 1500 472 1530 organum
494 1500 692 1529 organorum
714 1491 747 1521 in
769 1491 941 1530 operando,

167 1547 198 1574 et
212 1544 326 1583 lingua
341 1544 374 1574 in
390 1544 616 1583 exprimendo,
633 1546 716 1574 recte
740 1544 943 1583 significatur

169 1597 307 1627 conferri
320 1599 456 1636 potestas
471 1597 503 1626 in
514 1597 618 1627 officio
633 1597 815 1636 utriusque:
831 1600 861 1627 et
874 1597 943 1628 haec

168 1650 201 1680 in
223 1650 362 1690 quolibet
388 1650 498 1680 ordine
521 1650 742 1689 reperiuntur,
768 1650 943 1681 secundum

169 1704 254 1744 quod
270 1704 425 1743 reperitur
440 1706 470 1734 et
485 1704 675 1734 characteris
687 1704 866 1743 impressio.
883 1705 943 1735 Sed

169 1758 317 1797 quoniam
341 1758 538 1788 characteres
552 1760 626 1788 sunt
641 1757 756 1788 diversi
769 1781 775 1795 ‚
792 1758 944 1789 hahentes

172 1812 326 1850 majorem
350 1811 556 1850 dignitatem,
579 1813 610 1841 et
630 1811 804 1848 minorem,
830 1820 942 1841 secun-

172 1863 249 1894 dum
259 1864 378 1903 gradus
391 1867 597 1904 potestatum3
612 1864 682 1894 ideo
693 1866 757 1894 tam
770 1873 826 1902 per
839 1864 861 1893 si
867 1873 940 1901 gna,

172 1925 268 1955 quam
296 1917 411 1954 verba,
441 1917 716 1953 diversificantur,
740 1917 881 1946 maxime
911 1917 944 1946 in

173 1968 338 1998 ordinibus
353 1969 466 2006 sacris,
488 1971 518 1999 et
538 1969 571 1999 in
594 1969 782 1999 minoribus.
804 1969 838 1999 In
861 1969 944 1999 ordi—

174 2021 268 2051 nibus
283 2021 367 2051 enim
377 2022 482 2059 sacris,
500 2022 651 2061 quoniam
664 2022 756 2052 datur
770 2022 813 2051 ibi
830 2022 945 2051 nobilis

174 2076 310 2113 potestas
320 2074 522 2111 etcxcellens,
531 2076 566 2105 fit.
576 2084 690 2105 manus
701 2075 872 2114 impositio,
881 2084 944 2105 non

174 2129 295 2157 tantum
318 2126 519 2157 instrumenti
545 2127 685 2165 traditio;
704 2127 856 2167 quoniam
873 2137 942 2157 ma-

174 2188 234 2209 nus
244 2182 290 2209 cst
304 2188 467 2218 organum
481 2189 689 2219 organorum,
708 2181 738 2210 in
752 2189 814 2220 quo
830 2181 947 2211 scilicet

174 2232 378 2272 principalius
393 2233 508 2264 residet
523 2236 658 2273 potestas
670 2233 821 2273 operandi
837 2244 843 2263 ;
862 2234 946 2264 unde

174 2286 218 2316 sic
247 2286 434 2317 ordinabant
456 2287 487 2316 iu
514 2287 651 2317 Ecclesia
679 2287 859 2326 primitiva,
891 2287 946 2316 uhi

175 2348 240 2370 non
254 2340 315 2370 nisi
331 2340 379 2370 isti
389 2340 451 2370 duo
468 2340 594 2370 ordines
607 2340 753 2379 explicite
764 2343 864 2370 erant.
884 2340 945 2370 Sed

175 2394 208 2423 in
231 2393 394 2423 ordinibus
414 2394 592 2424 minoribus
612 2395 648 2423 fit
671 2394 797 2424 traditio
812 2394 947 2433 alicujus

176 2446 395 2483 instrumenti,
416 2449 451 2476 ut
472 2447 587 2484 clavis,
606 2447 655 2477 vel
674 2447 761 2485 libri,
788 2447 837 2477 vel
853 2457 945 2477 exor-

177 2499 276 2537 cismi‚
291 2502 350 2530 etc.
364 2499 402 2530 Et
414 2500 439 2530 si
457 2500 547 2539 plura
558 2501 769 2531 instrumenta
783 2501 947 2531 tradantur

177 2552 244 2589 uni,
262 2552 338 2583 illud
352 2562 408 2592 pro
421 2553 584 2593 principali
597 2553 777 2584 habendum
792 2556 848 2592 est,
861 2554 946 2594 quod

176 2605 343 2644 episcopus
360 2606 454 2637 tradit
478 2616 551 2637 cum
567 2606 741 2646 prolatione
763 2608 872 2638 verbi:
889 2608 948 2639 Ac-

176 2658 241 2697 cipe
255 2661 454 2698 potestatem.
476 2658 563 2690 Unde
586 2660 618 2690 iu
639 2661 809 2692 omissione
831 2661 946 2700 princi-

1710 202 1764 231 175

994 265 1071 304 palis
1093 266 1184 295 debet
1204 267 1280 296 ordo
1309 268 1414 297 iterari
1429 291 1437 304 ,
1463 269 1538 308 quia
1560 269 1765 307 praesumitur

993 319 1077 357 quod
1093 319 1305 349 characterem
1320 329 1384 350 non
1398 321 1561 361 receperit.
1577 320 1635 351 Sed
1652 321 1684 350 111
1695 320 1764 350 aliis

994 372 1269 411 consequentibus,
1297 372 1322 401 si
1344 373 1397 403 {iat
1420 374 1558 404 defectus
1582 373 1634 404 vel
1658 373 1763 412 negli-

994 425 1115 463 gentia,
1144 425 1258 455 debent
1282 426 1431 465 suppleri.
1455 427 1693 457 Concedendum
1719 428 1765 457 est

995 478 1106 516 igitur,
1136 479 1219 518 quod
1249 479 1281 508 in
1305 479 1453 509 unctione
1481 489 1545 510 non
1570 479 1766 518 imprimitur

994 531 1172 568 character3
1194 531 1245 561 sed
1271 533 1394 562 tantum
1414 532 1449 561 fit
1472 535 1599 572 propter
1621 532 1767 563 solemni-

996 586 1091 613 tatem
1106 586 1135 613 et
1148 584 1338 622 dignitatem
1353 585 1492 623 corporis
1506 585 1666 621 dominici,
1681 584 1767 624 quod

995 646 1057 667 nou
1073 639 1120 667 est
1136 637 1393 667 contrectandum
1414 637 1475 667 nisi
1494 637 1640 667 manibus
1662 646 1767 667 conse—

996 688 1099 718 cratis.
1126 688 1266 718 Pontifici
1288 691 1395 719 autem
1416 689 1450 718 fit
1471 689 1579 719 unctio
1600 689 1632 718 in
1655 689 1765 728 capite,

997 741 1028 771 in
1043 750 1107 780 qno
1122 741 1323 778 significatur
1342 741 1535 772 abundantia
1550 741 1677 780 gratiae,
1695 750 1767 780 quae

996 795 1026 824 in
1042 794 1180 834 prceiatis
1197 794 1289 824 dehet
1312 795 1344 824 in
1366 795 1551 825 excellentia
1572 795 1712 834 reperiri.
1731 794 1768 824 Et

996 848 1070 878 hine
1100 850 1145 878 ost
1163 848 1248 887 quod
1271 857 1385 878 manus
1408 848 1576 879 sacerdotis
1599 850 1769 886 unguntur

996 901 1064 931 olco
1079 903 1204 939 saneto,
1226 901 1279 931 sed
1299 905 1393 941 capnt
1412 901 1566 941 pontilicis
1585 901 1767 939 chrismate,

996 957 1031 985 ut
1046 955 1242 993 significetur
1263 956 1347 993 quod
1363 956 1395 985 in
1417 965 1453 985 eo
1478 955 1569 985 debet
1584 963 1652 984 esse
1666 954 1770 984 excel-

997 1009 1092 1039 lentia
1102 1010 1176 1039 vitre
1192 1010 1223 1039 in
1240 1012 1409 1049 conspectu
1420 1010 1474 1040 Dei
1490 1009 1523 1040 in
1539 1009 1679 1046 scientia,
1696 1011 1726 1039 et
1738 1009 1768 1039 in

997 1065 1166 1102 conspectu
1193 1063 1362 1093 hominum
1390 1065 1547 1103 quantum
1576 1063 1615 1093 ad
1640 1062 1769 1092 famam.

997 1115 1237 1145 concedendum
1258 1118 1304 1145 est
1323 1116 1435 1153 etiam⁷
1463 1115 1547 1155 quod
1567 1124 1630 1145 non
1652 1115 1687 1145 fit
1701 1115 1772 1145 cha-

998 1168 1126 1198 racteris
1142 1168 1307 1207 impressio
1324 1169 1355 1198 in
1368 1169 1436 1208 ipsa
1451 1168 1677 1205 benedictione,
1693 1168 1772 1198 sicut

997 1222 1168 1252 ostendunt
1180 1222 1242 1252 iliae
1255 1222 1402 1259 rationes,
1416 1222 1492 1261 quia
1505 1222 1610 1261 potius
1624 1224 1671 1252 est
1684 1222 1772 1252 insti-

999 1278 1066 1305 tuta
1089 1276 1127 1306 ad
1152 1276 1353 1306 devotionem
1382 1276 1590 1313 excitandam,
1621 1277 1652 1305 et
1674 1275 1771 1315 impe-

999 1329 1143 1359 trandam
1169 1329 1325 1368 gratiam,
1350 1338 1446 1369 quam
1467 1329 1506 1359 sit
1526 1329 1563 1359 de
1584 1329 1773 1359 sacramenti

999 1383 1188 1412 substantia.

1041 1438 1068 1465 1.
1094 1436 1139 1466 Ad
1168 1436 1245 1466 illud
1264 1445 1342 1475 ergo
1366 1437 1451 1475 quod
1472 1435 1619 1475 objicitur
1643 1436 1680 1465 de
1706 1445 1775 1465 ma—

999 1497 1102 1518 nuum
1126 1488 1347 1528 impositione,
1369 1489 1453 1527 qnod
1478 1498 1541 1518 11011
1567 1489 1723 1527 reperitur
1742 1488 1775 1518 in

1000 1541 1161 1577 omnibus,
1178 1542 1258 1571 ratio
1274 1543 1342 1580 Jam
1367 1541 1448 1571 dicta
1463 1544 1529 1578 est;
1548 1541 1703 1580 reperitur
1726 1544 1772 1571 ta-

1000 1604 1074 1624 men
1095 1594 1214 1633 aliquid
1235 1595 1336 1625 simile
1350 1620 1357 1632 ,
1373 1595 1488 1625 scilicet
1517 1595 1556 1634 (a)
1578 1594 1702 1625 collatio
1717 1594 1774 1624 ali-

1000 1648 1093 1686 cujus
1123 1648 1346 1684 instrumenti,
1378 1649 1411 1678 in
1444 1657 1508 1687 quo
1541 1651 1588 1678 est
1618 1648 1776 1687 protensio

1002 1711 1115 1732 manus
1127 1726 1134 1739 ‚
1152 1705 1182 1731 et
1196 1703 1232 1732 fit
1247 1703 1385 1741 signatio
1406 1703 1580 1733 collationis
1603 1702 1772 1742 potestatis.

1042 1758 1070 1785 ἓ.
1094 1755 1141 1785 Ad
1166 1755 1241 1785 illud
1266 1756 1350 1794 quod
1373 1756 1539 1795 objicitur,
1564 1756 1649 1795 qnod
1673 1764 1774 1785 sacer·
1808 1768 1840 1788 Aa
1855 1774 1876 1793 q.

1789 1798 1849 1818 later.
1863 1801 1882 1818 4.

1001 1809 1088 1838 dotes
1104 1809 1272 1848 imponunt
1287 1818 1402 1839 manus
1413 1833 1421 1846 ,
1436 1809 1605 1839 dicendum
1623 1808 1706 1848 quod
1722 1807 1773 1838 illa

1003 1871 1116 1891 manus
1129 1862 1288 1901 impositio
1303 1871 1368 1891 non
1387 1864 1434 1891 est
1447 1863 1483 1892 ad
1501 1862 1619 1892 ordinis
1634 1861 1772 1891 collatio-

1002 1924 1073 1944 nem
1089 1938 1095 1950 ‚
1122 1915 1174 1944 sed
1198 1915 1236 1945 ad
1264 1915 1540 1953 significationem.
1569 1915 1776 1953 significatur

1003 1968 1087 1998 enim
1112 1968 1215 2006 gratia
1241 1969 1491 2005 communionis,
1518 1978 1590 2008 quae
1614 1968 1648 1998 in
1667 1968 1776 1998 ordine

1003 2021 1187 2051 sacerdotali
1203 2021 1362 2051 confertur
1374 2045 1383 2059 ‚
1400 2024 1430 2051 et
1442 2031 1498 2061 per
1514 2021 1707 2051 sacerdotem
1722 2020 1776 2051 de-

1004 2075 1055 2104 bet
1069 2074 1283 2104 administrari
1297 2085 1303 2104 :
1318 2074 1387 2104 ideo
1399 2083 1462 2104 non
1476 2074 1646 2113 imponunt
1661 2083 1776 2104 manus

1003 2127 1178 2157 sacerdotes
1195 2127 1338 2165 diacono,
1362 2127 1415 2158 sed
1440 2127 1524 2157 solus
1548 2127 1727 2166 episcopus,
1746 2127 1777 2157 in

1003 2182 1095 2220 cujus
1116 2180 1316 2219 impositione
1334 2190 1489 2210 manuum
1508 2190 1572 2211 11011
1592 2183 1714 2210 tantum
1733 2182 1778 2210 est

1004 2233 1168 2271 figuratio,
1187 2233 1240 2264 sed
1257 2234 1352 2263 ctiam
1368 2234 1528 2273 potestatis
1540 2233 1673 2263 collatio.
1689 2232 1775 2264 Prae-

1004 2291 1089 2317 terca
1104 2287 1136 2316 in
1153 2286 1212 2316 boe
1228 2287 1436 2326 significatur,
1453 2287 1536 2327 quod
1553 2287 1603 2317 illo
1618 2287 1673 2326 qui
1691 2287 1774 2317 ordi—

1005 2343 1111 2377 natur,
1130 2340 1161 2369 in
1179 2340 1230 2369 illo
1254 2340 1363 2370 ordine
1384 2343 1604 2377 consecratur,
1633 2349 1706 2369 cum
1733 2350 1778 2370 sa-

1005 2393 1144 2423 cerdotes
1159 2403 1273 2423 manus
1288 2396 1425 2424 sacratas
1442 2395 1620 2433 imponunt.
1640 2393 1677 2423 Et
1692 2396 1774 2430 nota,

1005 2447 1089 2486 qnod
1106 2447 1163 2476 etsi
1192 2446 1282 2477 multi
1306 2448 1367 2477 sint
1388 2448 1583 2485 assistentes,
1600 2447 1714 2477 suflicit
1730 2449 1779 2476 ta-

1006 2511 1079 2531 mvn
1090 2502 1174 2541 qnod
1186 2504 1248 2532 tres
1263 2511 1376 2532 manus
1386 2502 1548 2542 imponant
1561 2513 1568 2539 ·,
1581 2501 1663 2532 aliud
1681 2503 1726 2531 est
1740 2510 1778 2531 ex

1006 2555 1214 2591 abundantia3
1233 2565 1290 2585 nec
1307 2558 1412 2585 tamen
1428 2555 1504 2586 illud
1526 2557 1572 2585 est
1588 2564 1628 2585 ex
1645 2554 1778 2584 necessi—

1005 2610 1068 2638 tate
1083 2608 1283 2639 sacramenti.

994 2686 999 2689 Α
1039 2670 1071 2701 (u)
1088 2670 1148 2694 Can,
1164 2670 1224 2694 edit.
1238 2670 1306 2701 quia.

1793 435 1825 455 Ad
1840 440 1863 461 q.

1781 466 1842 486 later.
1853 467 1873 486 4.
