1991 3006
793 195 983 227 nlsTlNCT.
1005 194 1136 226 XXXIV.

165 265 303 296 nonfuit
316 265 511 306 prohibitum
530 264 659 300 directe,
686 263 739 293 sed
757 263 884 301 oblique
902 262 934 291 in

164 328 291 359 poenam
307 320 376 358 ejus
390 319 587 358 impositum,
604 319 639 347 ut
654 325 819 356 nunquam
837 315 935 355 possit

164 372 267 403 redire
281 373 320 402 ad
336 373 441 403 virum
454 371 606 410 priorem,
621 371 696 409 quia
711 369 888 399 voluntarie
903 377 936 398 se

165 425 276 464 polluit
290 434 363 455 cum
377 424 515 454 secundo
529 434 535 452 :
552 425 582 453 et
601 422 671 452 ideo
687 422 831 459 dicitnr¹,
852 421 936 460 quod

165 478 285 517 polluta
299 480 328 509 et
342 477 561 508 contaminata
576 478 619 507 est
634 475 747 506 mulier
766 474 821 505 illa
840 483 934 513 prop-

165 532 213 560 ter
227 530 437 566 adulterium,
456 529 571 558 scilicet
587 528 671 567 quod
692 527 850 558 commisit
864 537 936 557 cum

167 583 314 614 secundo.
340 582 578 612 Concedendum
596 583 642 611 est
658 581 770 619 igitur,
790 580 874 620 quod
897 580 937 609 li-

168 635 266 665 citum
289 638 335 664 est
358 636 427 674 post
451 633 619 673 repudium
646 642 780 662 uxorem
803 632 873 662 viro
893 641 939 661 re-

168 688 348 725 conciliari,
374 687 433 716 nisi
458 687 549 726 culpa
568 685 713 716 adulterii
738 685 936 721 interveniat,

168 743 296 780 propter
310 750 408 779 quam
425 739 616 779 puniendam
638 738 823 777 prohibetur
838 746 877 767 ne
901 737 938 766 all

169 794 275 824 virum
292 794 411 831 redeat,
431 793 506 832 quia
520 794 596 822 tunc
617 791 698 821 licite
718 791 812 821 fiebat
833 790 940 820 dlvor-

169 849 266 877 tium:
287 846 371 877 unde
386 846 467 876 miro
483 845 586 882 modo,
603 844 674 874 licet
686 844 817 880 occulto,
836 846 940 873 tamen

169 909 244 930 vere
271 900 338 939 ipsa
365 899 417 929 lex
443 898 604 937 ιῘιιιῖιοῑὼειί
636 897 844 936 inseparabile
874 906 941 926 esse

169 953 309 992 conjugii
339 953 571 982 sacramentum
591 961 596 980 ;
627 952 657 980 et
678 950 736 980 hoc
760 949 863 987 magis
885 958 940 979 ex-

171 1012 275 1042 presse
290 1002 395 1041 tangit
408 1001 571 1032 jeremias.

212 1059 225 1085 1
242 1058 271 1086 et
287 1058 316 1085 Ξ.
334 1055 422 1091 Quod
438 1063 516 1093 ergo
534 1054 607 1084 dicit
621 1053 688 1090 lex,
705 1053 790 1092 quod
811 1062 873 1083 nou
897 1055 943 1082 est

172 1108 363 1148 recipienda,
388 1108 578 1146 intelligitur
600 1109 727 1146 propter
751 1107 942 1137 adulterium

172 1162 392 1199 commissum,
416 1170 480 1191 non
504 1160 580 1200 quia
603 1169 665 1189 nou
692 1160 731 1189 sit
758 1168 857 1195 uxor,
890 1159 943 1189 sed

173 1215 248 1254 quia
271 1217 379 1245 contra
395 1213 635 1244 matrimonium
657 1213 737 1242 fecit.
760 1211 862 1249 Magis
885 1221 942 1241 au=

1707 197 1763 225 319

993 264 1056 292 tem
1080 261 1211 300 punitur
1234 263 1360 301 mulier,
1386 273 1481 303 quam
1506 264 1567 301 vir⁷
1590 262 1764 293 rationibus

996 315 1173 354 praedictiS,
1191 315 1306 345 scilicet
1324 316 1357 345 in
1378 316 1534 346 solutione
1556 316 1640 346 tertii
1664 324 1762 353 argu-

994 368 1091 397 menti
1106 368 1312 407 praecedentis
1331 369 1530 407 quaestionis,
1555 369 1630 408 quia
1649 368 1680 398 in
1696 368 1766 406 lege

995 420 1123 451 inferior
1140 423 1218 451 erat.

1038 476 1066 503 3.
1094 473 1141 503 Ad
1166 473 1241 504 illud
1265 474 1349 513 quod
1373 475 1536 512 objicitur,
1567 475 1650 514 quod
1679 474 1767 505 nullo

997 527 1090 556 modo
1104 526 1193 564 licet,
1221 536 1293 557 cum
1319 527 1489 566 perdiderit
1508 530 1577 567 jus,
1600 528 1768 558 dicendum

995 580 1079 619 quod
1095 589 1157 610 uon
1172 580 1265 610 habet
1275 581 1332 619 jils
1348 581 1524 619 repetendi,
1542 583 1709 620 postquam
1722 589 1768 610 re-

998 633 1185 672 pudiaverit.
1214 633 1246 663 Si
1274 635 1380 663 tamen
1405 642 1488 663 uxor
1516 633 1608 671 velit,
1634 634 1671 663 de
1701 635 1769 672 eJus

998 685 1158 715 voluntate
1181 688 1211 715 et
1239 694 1395 715 consensu
1419 688 1518 724 polest
1547 686 1663 716 iterum
1687 686 1769 716 licite

998 738 1079 768 fieri.

1043 793 1071 820 Ji.
1090 791 1136 820 Ad
1153 790 1230 820 illud
1246 790 1330 829 quod
1346 791 1503 829 objicitur⁷
1519 792 1602 831 quod
1618 792 1771 822 sententia

999 843 1061 873 lata
1077 843 1252 873 secundnm
1268 842 1372 881 legem
1397 852 1459 873 non
1484 845 1528 873 est
1552 843 1767 881 retractanda3

998 895 1165 925 dicundum
1182 896 1265 934 quod
1280 896 1331 925 lex
1347 896 1494 935 quaedam
1510 896 1665 936 prfecipit‚
1682 905 1770 936 quae-

998 948 1070 978 dam
1085 948 1249 986 permittit.
1267 949 1428 978 Sententia
1448 949 1511 979 lata
1531 949 1707 980 secundum
1726 950 1770 979 le-

1000 1010 1073 1039 gem
1097 1001 1328 1040 praecipientem
1345 1002 1475 1031 omnino
1486 1003 1574 1041 justa
1587 1005 1647 1039 est,
1670 1005 1700 1033 et
1722 1012 1772 1032 re-

1002 1054 1164 1083 tractanda
1175 1063 1239 1083 non
1251 1057 1313 1090 est3
1329 1055 1382 1085 sed
1398 1055 1571 1085 secundum
1586 1055 1690 1093 legem
1707 1066 1773 1095 per-

1001 1107 1178 1137 mittentem
1193 1130 1199 1142 ,
1216 1117 1290 1136 eum
1306 1107 1349 1137 ibi
1363 1108 1402 1137 sit
1417 1108 1537 1147 aliquid
1548 1109 1691 1147 Justitiae,
1708 1109 1773 1139 sine

1000 1160 1086 1189 omni
1104 1162 1229 1198 peccato
1244 1160 1441 1190 reconciliari
1466 1163 1582 1200 potest,
1600 1161 1662 1191 imo
1679 1163 1773 1191 meri-

1003 1213 1080 1242 torie
1095 1215 1126 1242 et
1140 1213 1234 1243 licite.

665 1358 1033 1405 DISTINCTIO
1081 1361 1291 1406 XXXIV

206 1475 243 1495 DE
268 1474 406 1495 PERSONIS
430 1473 596 1500 LEGlTIMIS,
623 1472 660 1492 ET
685 1471 868 1492 ILLEGITIMIS
894 1472 932 1492 AD
957 1471 1201 1494 CONTRAHENDUM
1225 1474 1454 1505 MATRIMONIUM,
1482 1475 1652 1496 PRAESERTIM
1676 1476 1755 1497 VERO

515 1526 552 1546 DF„
576 1524 721 1552 FRIGIDIS,
747 1524 975 1554 MALEFICIATIS,
1001 1526 1152 1552 FURIOSIS,
1179 1527 1216 1547 ET
1240 1527 1441 1549 INCESTUOSIS.

225 1614 319 1646 Nunc
335 1616 480 1656 superest
495 1611 658 1643 attendere
674 1622 746 1653 qua}
762 1622 907 1654 personae
923 1611 988 1643 sint
1003 1612 1157 1654 legitimae
1173 1613 1213 1645 ad
1232 1614 1491 1647 contrahendum
1508 1616 1767 1648 matrimonium.

183 1671 348 1714 Legitima}
360 1670 555 1714 judicantur
570 1679 713 1712 personae
735 1668 915 1701 secundum
936 1673 1056 1701 statuta
1080 1675 1228 1713 patrum,
1246 1682 1320 1714 quae
1336 1671 1463 1704 diversa
1478 1676 1566 1704 sunt.
1584 1672 1665 1705 Aliae
1681 1684 1772 1705 nam-

183 1740 247 1773 que
262 1729 396 1761 fuerunt
417 1726 568 1769 legitimae
590 1729 663 1758 ante
679 1725 812 1768 Legem,
829 1726 898 1758 aliae
918 1726 979 1758 sub
994 1726 1078 1769 Lege
1091 1752 1099 1768 ,
1116 1727 1186 1760 aliae
1202 1727 1236 1759 in
1252 1732 1396 1772 tempore
1412 1729 1534 1771 gratiae.
1555 1730 1631 1762 [tem
1652 1730 1685 1762 in
1708 1731 1773 1774 pri—

186 1786 298 1818 mitiva
314 1784 453 1817 Ecclesia
468 1783 617 1827 quaedam
633 1787 725 1815 erant
740 1783 914 1825 legitimae,
932 1795 1004 1827 quae
1021 1784 1116 1817 modo
1133 1796 1198 1817 non
1219 1790 1306 1818 sunt.
1330 1786 1451 1818 Earum
1472 1798 1549 1819 vero
1563 1813 1571 1828 ‚
1588 1799 1662 1831 qnae
1678 1788 1772 1821 modo

184 1843 336 1886 legitimae
352 1846 448 1881 sunt,
467 1841 515 1873 vel
540 1840 720 1883 illegitima}
733 1866 740 1880 ‚
757 1840 908 1883 quaedam
927 1846 1003 1873 sunt
1025 1842 1118 1885 plene
1137 1842 1308 1884 legitimae,
1330 1843 1480 1887 quaedam
1508 1845 1642 1877 omnino
1668 1845 1772 1887 illegi-

186 1901 295 1941 timae,
314 1899 462 1944 qnaedam
490 1898 615 1930 mediae.
633 1897 733 1929 Plene
757 1897 911 1939 legitimae
935 1902 1030 1937 sunt,
1060 1899 1180 1942 quibus
1204 1911 1270 1932 non
1293 1900 1403 1932 obviat
1426 1905 1539 1933 votum
1563 1902 1771 1935 continentiae

188 1958 239 1990 vel
262 1957 340 1989 ordo
364 1967 471 1995 sacer,
489 1955 539 1987 vel
563 1954 730 1996 cognatio,
749 1955 799 1986 vel
825 1954 933 1998 dispar
958 1955 1083 1996 cultus,
1103 1956 1153 1988 iel
1175 1957 1333 1999 conditio,
1361 1958 1411 1990 vel
1437 1963 1563 1991 naturce
1585 1959 1746 2002 frigiditas
1762 1986 1769 2000 ‚

188 2021 219 2048 et
241 2014 361 2058 siquid
384 2018 429 2046 est
449 2013 550 2045 aliud.
570 2013 704 2044 Penitns
721 2023 796 2044 vero
812 2012 990 2054 illegitimae
1005 2017 1082 2045 suut
1102 2025 1158 2057 per
1175 2018 1306 2054 votum,
1326 2026 1382 2058 per
1399 2015 1568 2057 ordinem,
1587 2028 1643 2059 per
1656 2028 1773 2059 cogna-

188 2073 309 2105 tionem
321 2098 329 2113 ,
347 2083 404 2115 per
417 2071 579 2114 disparem
594 2070 732 2102 cultum.
751 2069 863 2102 Mediae
882 2081 957 2102 vero
972 2076 1066 2111 sunt,
1086 2082 1144 2102 nec
1166 2071 1260 2115 plene
1285 2072 1455 2114 legitimae,
1474 2084 1530 2104 nec
1553 2074 1687 2106 omnino
1703 2074 1772 2107 ille-

187 2130 310 2172 gitimae
326 2155 333 2170 ,
352 2128 633 2172 perfrigidilatem
648 2153 656 2168 ‚
674 2138 731 2170 per
745 2127 978 2159 conditionem.
994 2127 1029 2159 Si
1053 2128 1141 2160 euim
1158 2129 1238 2160 tales
1249 2129 1438 2172 junguntur
1454 2130 1643 2172 ignoranter
1657 2157 1664 2171 ,
1687 2143 1774 2164 com-

189 2198 318 2220 manere
334 2190 468 2230 possunt
484 2185 680 2229 quibusdam
697 2184 923 2216 accedentibus
942 2185 1048 2217 causis
1059 2211 1066 2225 ‚
1085 2190 1116 2217 et
1131 2186 1251 2218 eisdem
1267 2186 1494 2219 deficientibus
1507 2187 1622 2221 dividi.

232 2245 278 2276 De
302 2244 351 2276 his
371 2244 457 2276 enim
471 2246 481 2261 ²
496 2243 554 2286 qui
575 2254 672 2275 causa
693 2241 880 2284 frigiditatis
903 2242 1049 2274 debitum
1074 2243 1206 2275 reddere
1230 2255 1295 2275 non
1321 2248 1472 2287 possunt,
1492 2245 1632 2277 consulit
1652 2246 1773 2289 Grego-

191 2302 258 2334 rius
272 2301 282 2316 ³
297 2305 332 2334 ut
349 2304 572 2345 permaneant.
598 2299 661 2332 Sed
685 2299 711 2330 si
736 2299 856 2331 mulier
877 2304 1029 2331 causatur
1052 2300 1162 2332 dicens
1181 2312 1186 2331 :
1209 2301 1290 2333 Volo
1316 2313 1382 2333 esse
1408 2306 1529 2343 mater,
1548 2306 1578 2334 et
1598 2303 1684 2335 filios
1700 2316 1771 2347 pro-

188 2370 312 2400 creare;
326 2358 480 2398 decrevit,
497 2362 533 2389 ut
550 2361 687 2400 uterque
702 2367 816 2389 eorum
832 2357 970 2399 septima
986 2368 1083 2389 manu
1102 2357 1364 2401 propinquorum
1377 2358 1479 2401 juret,
1497 2360 1583 2403 quod
1600 2371 1770 2403 nunquam

189 2416 361 2449 carnaliter
374 2414 586 2447 convenerint
604 2426 610 2445 :
628 2418 659 2446 et
675 2418 750 2445 tunc
767 2413 886 2445 mulier
907 2414 1063 2446 secundas
1085 2414 1216 2458 nuptias
1238 2415 1418 2448 contrahat.
1438 2416 1498 2448 Vir
1513 2421 1621 2449 autem
1638 2419 1696 2462 qui
1716 2419 1772 2450 fri-

191 2473 273 2515 gidae
289 2477 413 2505 naturae
434 2478 498 2512 est,
516 2472 637 2515 absque
654 2482 708 2515 spe
724 2470 870 2514 conjugii
886 2476 1084 2514 permaneat.
1106 2471 1162 2503 Ait
1181 2472 1269 2503 enim
1291 2473 1336 2504 sic
1353 2485 1359 2504 :
1379 2486 1395 2503 (ι
1414 2473 1624 2516 lnterrogasti
1648 2475 1687 2507 de
1702 2475 1751 2507 his
1763 2502 1770 2516 ,

190 2531 247 2574 qui
262 2529 470 2562 matrimonio
481 2529 588 2572 juncti
604 2532 701 2568 sunt,
720 2532 750 2560 et
766 2528 889 2560 nubere
905 2539 971 2560 non
987 2532 1139 2572 possunt,
1155 2529 1181 2560 si
1198 2528 1253 2561 ille
1269 2529 1367 2561 aliam
1380 2556 1387 2570 ‚
1401 2531 1450 2563 vel
1464 2530 1522 2562 illa
1536 2531 1638 2563 alium
1654 2532 1770 2564 ducere

225 2622 228 2632 ·
243 2621 272 2640 ln¹
285 2621 301 2640 vl
317 2637 321 2641 ι
339 2625 408 2642 xxiv,
424 2620 449 2642 4:
463 2620 564 2642 ‚lm-em..
582 2623 620 2643 ιιι,
638 2619 658 2640 l.
670 2629 698 2634 —-
713 2617 724 2632 ²
738 2616 868 2641 Sententia
881 2617 956 2647 hujus
974 2616 1075 2647 capituli
1089 2617 1234 2640 summatim
1248 2618 1402 2647 continetur,
1417 2619 1506 2647 Extra,
1519 2618 1549 2641 de
1562 2619 1667 2648 sriyulzs
1681 2622 1704 2642 e!
1719 2627 1773 2644 ma..

191 2656 314 2684 [efficians.
327 2667 356 2670 —
368 2654 375 2667 ³
388 2656 473 2683 (fii-egr,
489 2656 514 2676 et
527 2654 642 2682 liabetur,
654 2660 721 2675 cam.
737 2657 829 2681 xxxnl,
840 2659 866 2682 q.
883 2658 929 2679 μυ.
944 2652 1011 2680 Quos!
1023 2655 1104 2675 aulem
1121 2653 1289 2683 interrogasti.

1807 1629 1836 1649 lle
1848 1636 1889 1649 ma-

1793 1660 1889 1680 trimoni«.

1805 1697 1877 1710 secun-

1792 1721 1841 1741 dnm
1851 1728 1898 1741 cau-

1792 1759 1836 1772 smn
1858 1759 1897 1772 nia<

1793 1783 1897 1808 {oriali-m,

1801 1820 1847 1838 quae
1858 1817 1889 1834 est

1793 1851 1890 1870 persena-

1792 1880 1836 1894 rurn
1848 1875 1898 1901 [egi-

1801 1906 1885 1930 tinnitos,

1792 1937 1825 1955 xvl
1850 1936 1898 1956 ille-

1809 1967 1884 1993 gitinii-

1826 2000 1863 2018 tas.

1792 2260 1821 2279 De
1840 2260 1896 2284 svigl-

1791 2293 1823 2313 dis
1837 2299 1896 2319 sepa<

1805 2323 1885 2343 τειιιιὶις.
