1991 3006
255 319 292 348 52
812 308 1119 343 SENTENTIARUM
1142 309 1215 340 LlB.
1241 308 1291 340 IV.

522 437 744 470 CONCLUSlO.

277 524 401 552 Sacerdos
419 522 542 550 subditus
561 524 646 556 potest
666 521 798 547 absolvere
816 519 989 552 superiorem,

542 568 600 601 ipso
620 566 728 593 volente.

290 650 380 690 Resp.
392 650 429 680 ad
440 659 510 688 arg.
529 647 701 679 Dicendum
716 645 800 686 quod
815 643 944 675 inferior
962 651 1015 672 su-

248 702 404 742 periorem
419 702 520 740 potest
534 698 708 735 absolvere,
726 696 752 726 si
775 695 920 735 superior
941 692 1018 724 velit

246 755 275 785 ei
290 763 323 785 se
335 754 502 793 subjicere.
519 752 557 783 Et
571 751 631 781 hoc
648 752 733 790 patet
747 749 791 779 sic
807 759 814 779 z
830 747 938 778 Virtus
952 746 1014 776 cla-

245 808 347 846 vium,
366 808 524 846 quantum
540 807 586 835 est
601 804 639 834 de
656 812 700 841 se,
717 802 756 833 ad
777 809 888 832 omnes
911 808 943 829 se
959 807 1013 829 ex-

244 860 354 898 tendit,
370 860 485 891 nisiex
499 858 696 890 ordinatione
719 855 920 895 superiorum
943 860 1015 882 ma-

244 923 306 944 nus
320 915 494 944 arctaretur
509 913 638 952 propter
658 908 850 941 servandum
871 905 1015 937 ordinem

244 966 488 997 ecclesiasticum
505 976 512 995 :
530 963 674 995 sacerdos
685 962 770 993 enim
793 969 834 992 ex
857 968 914 990 sua
929 958 1014 988 ordi-

244 1020 372 1050 natione
394 1019 556 1049 institutus
578 1019 624 1047 est
647 1015 802 1046 mediator
819 1014 900 1044 inter
915 1012 1013 1042 Deum

240 1073 391 1112 judicem,
408 1074 437 1102 et
453 1071 618 1102 hominem
637 1070 844 1109 peccatorem.
861 1065 898 1096 Et
913 1073 1013 1105 quan-

244 1128 313 1156 tum
333 1127 380 1156 est
403 1134 444 1156 ex
466 1126 553 1164 parte
571 1123 635 1160 Dei,
651 1130 716 1152 non
745 1122 791 1151 est
815 1117 1012 1149 differentia:

243 1179 376 1218 quilibet
390 1178 477 1209 enim
493 1185 588 1208 suum
600 1174 792 1206 sacerdotem
807 1173 931 1211 reputat
947 1179 1012 1200 me-

243 1231 397 1262 diatorem
408 1255 417 1268 ,
447 1233 477 1261 et
506 1229 633 1260 cuilibet
664 1225 821 1266 impressit
849 1224 1014 1264 episcopus

244 1284 425 1315 mediatoris
444 1284 675 1318 characterem3
693 1279 746 1310 sed
769 1277 946 1308 differentia
968 1278 1014 1306 est

243 1347 284 1368 ex
309 1339 396 1376 parte
419 1336 588 1366 hominum
603 1358 610 1371 ‚
626 1333 702 1373 quia
730 1332 755 1361 si
778 1330 911 1371 quilibet
935 1330 1015 1359 esset

244 1390 398 1420 mediator
411 1388 591 1429 cujuslibet,
609 1387 689 1417 esset
705 1386 737 1415 in
752 1383 890 1415 Ecclesia
904 1382 1012 1412 confu-

243 1444 305 1480 si03
322 1445 353 1474 et
376 1443 446 1473 ideo
467 1441 520 1472 aiii
541 1440 610 1471 aliis
633 1438 766 1477 subJecti
786 1438 882 1467 sunt:
908 1438 938 1465 et
959 1434 1014 1474 qui

244 1496 458 1535 subjiciuntur
480 1494 556 1530 uni,
580 1500 644 1522 non
666 1491 799 1530 possunt
824 1488 897 1518 dare
924 1486 1014 1517 alteri

243 1548 461 1579 auctoritatem
476 1547 510 1576 in
526 1555 578 1583 se;
595 1544 650 1575 sed
668 1544 693 1574 si
716 1542 816 1573 libera
839 1542 920 1571 esset
940 1548 1014 1579 per-

245 1612 322 1633 sona
332 1625 340 1639 ,
355 1610 426 1641 quae
441 1602 543 1641 posset
562 1609 595 1629 58
609 1598 764 1638 subjicere
776 1620 784 1634 ,
800 1598 875 1626 tunc
891 1594 1012 1634 absque

244 1655 340 1686 dubio
358 1656 461 1694 posset
475 1661 545 1683 eam
561 1651 734 1682 absolvere.
760 1648 916 1686 Quoniam
932 1655 1014 1686 ergo

246 1717 414 1749 supremus
428 1706 587 1747 praelatus,
605 1704 660 1744 qui
678 1712 773 1734 merae
788 1701 940 1732 libertatis
956 1704 1014 1738 est,

246 1765 277 1792 et
290 1761 371 1792 nulli
385 1760 563 1799 subjectus,
585 1759 688 1798 potest
710 1765 742 1786 se
759 1755 809 1786 cui
826 1754 894 1785 vult
914 1754 1014 1793 subji-

247 1823 316 1845 cere
330 1839 337 1849 ,
363 1815 394 1844 et
417 1812 469 1843 alii
494 1810 633 1849 exempti
655 1809 720 1839 suis
743 1807 836 1838 etiam
862 1806 1014 1842 subditis,

247 1866 383 1898 concedo
406 1865 490 1905 quod
514 1863 573 1903 ipsi
601 1863 731 1902 possunt
759 1869 812 1891 eos
841 1859 1015 1890 absolvere.

248 1921 337 1958 Quod
349 1922 456 1951 autem
468 1926 638 1957 supremus
657 1915 806 1955 praelatus
825 1923 857 1944 se
877 1913 973 1953 possit
988 1913 1017 1943 ei

248 1973 415 2013 subjicere,
428 1973 481 2012 Jus
494 1970 640 2001 divinum
654 1967 832 2004 concordat,
848 1966 923 2006 quia
943 1974 1018 1996 cum

248 2027 315 2066 ipse
328 2026 368 2056 sit
381 2023 593 2055 circumdatus
614 2021 797 2051 infirmitate
808 2043 819 2057 ,
835 2019 925 2049 debet
941 2019 1016 2049 sub-

246 2079 301 2119 jici
316 2076 520 2109 sacramentis
533 2087 540 2105 ;
553 2078 583 2105 et
598 2074 678 2104 sicut
686 2072 827 2103 medicus
842 2072 1019 2102 infirmatus

250 2132 366 2173 quaerit
376 2130 534 2161 medicum
546 2130 577 2158 et
586 2126 787 2162 medicinam,
799 2134 864 2155 non
878 2125 911 2155 in
922 2134 1020 2165 quan·

250 2188 319 2216 tum
334 2183 490 2219 medicus,
504 2181 557 2212 sed
571 2180 606 2210 in
619 2181 776 2219 quantum
799 2180 959 2217 aegrotus,
976 2178 1020 2208 sic

251 2237 396 2268 Ecclesiae
405 2235 557 2276 praeiatus
567 2244 575 2271 ;
583 2235 614 2263 et
628 2232 782 2262 mediator
792 2231 907 2271 quaerit
915 2240 1017 2262 sacer-

251 2291 366 2327 dotem,
388 2290 422 2319 iu
443 2289 598 2327 quantum
622 2285 676 2316 Dei
700 2284 848 2314 inimicus
871 2293 926 2323 per
950 2283 1019 2314 cul-

252 2353 324 2384 pam
347 2343 448 2373 faetus
463 2343 526 2376 est,
538 2342 568 2370 et
582 2340 613 2368 in
622 2339 779 2378 quantum
798 2339 951 2377 peccator.
963 2336 1019 2367 Jus

252 2397 347 2427 etiam
359 2394 548 2425 canonicum
563 2390 742 2427 coneordat,
753 2389 838 2430 quod
852 2389 1020 2429 unusquis-

252 2458 314 2489 que
328 2448 423 2488 possit
436 2445 655 2477 auctoritatem
671 2451 763 2473 suam
784 2442 1020 2473 communicare

252 2511 310 2542 pro
324 2510 357 2531 se
375 2502 406 2531 et
420 2508 477 2539 pro
492 2498 625 2528 utilitate
647 2505 705 2526 sua
718 2519 726 2534 ,
743 2496 810 2525 sine
834 2496 911 2534 praej
918 2495 1019 2525 udicio

252 2555 332 2586 facto
348 2553 483 2594 propriae
498 2549 676 2581 auctoritati
691 2551 722 2579 et
746 2548 890 2588 potestati
908 2559 914 2578 z
930 2550 961 2578 et
975 2548 1020 2578 ita

251 2616 397 2638 summus
410 2604 552 2646 pontifex
565 2603 666 2642 potest
676 2610 708 2632 se
723 2601 851 2631 cuilibet
865 2601 1018 2631 sacerdoti

251 2661 424 2701 subjicere,
440 2660 472 2689 et
493 2655 724 2688 absolutionem
744 2655 868 2693 petere3
888 2655 1019 2692 possunt.

285 2741 384 2768 'Ax-ist„
395 2738 470 2769 Phys.
485 2737 528 2760 lib.
544 2736 586 2764 IV,
601 2736 668 2758 cont.
686 2735 737 2762 117;
752 2733 795 2757 lib.
807 2733 838 2763 V,
850 2735 917 2756 cont.
933 2735 975 2763 103
989 2732 1018 2756 (Ie

252 2777 366 2800 Generat.
379 2775 422 2798 lib.
438 2774 468 2803 ll,
480 2775 547 2797 cont.
563 2773 599 2795 70.

1077 377 1173 407 etiam
1190 379 1219 407 et
1234 376 1287 406 alii
1307 375 1427 416 praelati
1444 375 1482 406 de
1505 376 1711 415 permissione
1735 375 1842 417 Papae,

1076 430 1156 460 sicut
1179 429 1295 459 dicitur
1310 429 1342 459 in
1357 428 1418 459 alia
1434 428 1582 460 Decretali
1593 429 1631 461 de
1649 429 1846 461 Poenitentiis

1075 485 1104 513 el
1115 481 1380 519 Itemz'ssionibus,
1393 490 1465 522 quae
1476 484 1521 512 est
1533 481 1677 521 Gregorii
1690 493 1696 512 :
1714 481 1780 513 «Ne
1788 490 1845 522 pro

1075 535 1224 566 dilatione
1251 535 1444 575 poenitentiae
1475 535 1651 575 periculum
1679 536 1844 567 immineat

1074 589 1267 627 animarum,
1293 589 1506 629 permittimus
1536 589 1689 629 episcopis
1716 592 1747 620 et
1773 589 1845 620 aliis

1074 643 1308 681 superioribus,
1333 651 1457 672 necnon
1495 642 1672 672 minoribus
1704 642 1845 682 praelatis

1073 695 1239 734 exemptis,
1264 697 1299 725 ut
1323 697 1440 734 praeter
1462 694 1583 734 praelati
1613 694 1662 724 sui
1685 694 1843 725 licentiam

1073 747 1261 786 providum,
1276 750 1305 778 et
1323 748 1493 778 discretum
1516 747 1635 786 possint
1654 746 1714 777 sibi
1727 746 1846 786 eligere

1073 800 1294 830 confessorem.
1319 810 1334 828 n
1356 799 1391 830 Et
1415 801 1457 830 sic
1482 802 1565 839 patet
1590 799 1674 839 quod
1699 799 1844 830 subditus

1073 855 1175 892 potest
1188 853 1386 892 superiorem
1402 852 1578 888 absolvere,
1595 852 1663 892 ipso
1678 851 1802 884 volente
1812 855 1844 883 et

1072 905 1224 945 eligente,
1241 914 1277 935 ac
1291 914 1347 944 per
1362 904 1423 935 hoc
1442 914 1474 935 :e
1495 904 1597 935 eidem
1611 905 1645 934 in
1659 904 1726 935 foro
1740 905 1843 944 poeni-

1072 958 1189 989 tentiali
1206 958 1402 998 subjiciente.

1112 1014 1141 1041 1.
1160 1011 1206 1041 Ad
1223 1010 1300 1041 illud
1321 1010 1405 1049 quod
1425 1010 1574 1049 objicitur
1595 1010 1716 1050 primo,
1732 1010 1817 1050 quod
1833 1012 1841 1028 ¹

1071 1064 1230 1095 relationis
1258 1073 1322 1095 non
1344 1066 1390 1094 est
1419 1064 1547 1102 relatio,
1570 1065 1647 1102 etc.,
1672 1063 1842 1095 dicendum

1071 1118 1155 1157 quod
1170 1126 1285 1148 verum
1300 1120 1346 1147 est
1358 1117 1533 1147 secundum
1544 1117 1629 1156 quod
1643 1117 1840 1156 hujusmodi,

1071 1180 1126 1200 nec
1153 1170 1264 1200 medici
1290 1170 1431 1200 medicus
1453 1169 1627 1200 secundum
1643 1169 1727 1209 quod
1742 1170 1843 1210 hujus

1070 1224 1167 1255 modi.
1181 1233 1238 1253 nec
1249 1223 1418 1253 sacerdotis
1428 1223 1572 1254 sacerdos
1583 1223 1617 1254 in
1628 1226 1784 1262 quantum
1795 1226 1841 1254 ta-

1070 1277 1119 1313 lis,
1137 1276 1233 1306 sedin
1249 1278 1406 1314 quantum
1423 1276 1606 1314 peccatoris.

1110 1331 1139 1359 2.
1158 1329 1204 1359 Ad
1216 1328 1293 1358 illud
1305 1328 1386 1367 quod
1398 1327 1547 1367 objicitur
1561 1328 1599 1358 de
1607 1329 1841 1368 jurisdictione,

1070 1382 1238 1412 dicendum
1259 1380 1342 1420 quod
1359 1380 1508 1420 praelatus
1530 1381 1582 1411 dat
1599 1381 1627 1412 ei
1647 1382 1844 1421 jurisdictio-

1070 1445 1143 1466 nem
1158 1435 1191 1465 in
1207 1444 1250 1472 se,
1269 1444 1302 1464 se
1317 1434 1344 1464 ei
1359 1435 1564 1473 subjiciendo.
1582 1435 1620 1466 Et
1635 1436 1660 1466 si
1675 1436 1844 1476 objiciatur

1071 1490 1157 1527 tunc,
1173 1487 1256 1527 quod
1273 1496 1337 1517 non
1352 1489 1451 1526 potest
1475 1487 1549 1518 dare
1563 1488 1648 1527 quod
1668 1498 1733 1520 non
1749 1489 1844 1521 habet

1070 1542 1104 1571 in
1120 1551 1164 1578 se,
1178 1541 1346 1571 dicendum
1357 1540 1441 1580 quod
1451 1541 1629 1579 jurisdictio
1645 1544 1675 1571 et
1689 1542 1843 1582 subiectio

1070 1598 1117 1626 est
1132 1594 1171 1625 ad
1188 1595 1342 1630 alterum3
1358 1597 1388 1624 et
1404 1593 1489 1631 ideo,
1507 1594 1653 1633 quamvis
1668 1603 1731 1625 non
1747 1595 1844 1635 possit

1071 1648 1149 1687 quis
1163 1647 1284 1686 sibiipsi
1294 1655 1361 1677 esse
1375 1646 1546 1686 subjectus,
1559 1646 1640 1677 nihil
1653 1649 1759 1679 tamen
1774 1657 1845 1688 pro-

1072 1700 1160 1730 hibet
1178 1700 1282 1739 ipsum
1297 1699 1409 1739 subjici
1424 1708 1513 1739 posse
1528 1700 1591 1737 alii,
1610 1701 1749 1732 maxime
1762 1701 1788 1731 si
1798 1703 1846 1732 est

1070 1755 1178 1785 liberae
1194 1754 1365 1794 potestatis.

1114 1810 1145 1838 3.
1167 1808 1214 1838 Ad
1239 1807 1314 1837 illud
1331 1806 1415 1846 quod
1430 1806 1593 1846 oincitur,
1607 1808 1691 1847 quod
1707 1816 1770 1838 non
1786 1817 1841 1848 po-

1074 1864 1134 1892 test
1156 1861 1230 1891 dare
1253 1860 1471 1890 auctoritatem
1487 1861 1782 1891 excommunicandi
1797 1870 1841 1899 se,

1074 1914 1242 1944 dicendum
1268 1912 1353 1952 quod
1382 1915 1612 1951 argumentum
1634 1913 1716 1944 istud
1739 1913 1844 1944 deficit

1074 1966 1240 2005 dupliciter
1260 1977 1267 1995 :
1293 1966 1433 2004 primum
1457 1965 1605 2004 quidem,
1624 1966 1699 2005 quia
1715 1975 1843 1997 excom-

1075 2018 1248 2048 municatio
1259 2020 1305 2048 est
1316 2020 1425 2047 contra
1435 2018 1608 2055 hominem,
1621 2019 1676 2050 sed
1689 2019 1843 2050 absolutio

1073 2080 1130 2110 pro
1146 2071 1274 2101 homine
1287 2080 1295 2107 ;
1312 2073 1342 2100 et
1359 2070 1454 2100 homo
1470 2080 1531 2101 non
1547 2074 1647 2110 potest
1661 2073 1844 2103 auctoritate

1074 2133 1132 2154 sua
1161 2123 1208 2154 uti
1233 2126 1340 2153 contra
1362 2132 1410 2160 se,
1426 2124 1573 2162 quamvis
1596 2124 1693 2163 possit
1716 2133 1772 2164 pro
1797 2133 1840 2155 58.

1073 2176 1218 2216 Amplius
1237 2176 1355 2214 deficit,
1370 2176 1446 2216 quia
1468 2176 1548 2207 alius
1571 2178 1683 2208 modus
1694 2178 1846 2217 jurisdic-

1074 2229 1168 2259 tionis
1195 2228 1368 2267 requiritur
1395 2228 1434 2258 ad
1461 2231 1822 2262 excommunicationem
1833 2253 1842 2268 ,

1074 2290 1171 2321 quam
1199 2281 1237 2311 ad
1269 2280 1510 2312 absolutionem.
1548 2281 1845 2315 Excommunicatio

1074 2343 1223 2374 namque,
1233 2342 1307 2373 quae
1317 2334 1443 2373 respicit
1455 2334 1617 2365 hominem
1629 2344 1842 2373 communem,

1073 2387 1147 2418 dicit
1167 2386 1419 2427 jin-isdictionem
1440 2396 1643 2419 communem
1668 2398 1763 2429 super
1786 2388 1844 2419 ho-

1073 2440 1210 2477 minem;
1227 2439 1280 2470 sed
1296 2438 1451 2470 absolutio
1465 2439 1540 2470 dicit
1561 2440 1783 2472 mediationem
1798 2441 1845 2472 in-

1073 2495 1121 2523 ter
1144 2494 1245 2522 Deum
1267 2494 1298 2522 et
1319 2491 1498 2530 hominem,
1522 2502 1586 2532 qua
1609 2493 1726 2525 scilicet
1747 2494 1844 2526 homo

1073 2554 1198 2585 semper
1212 2544 1341 2575 inferior
1362 2547 1418 2576 est.
1437 2545 1475 2576 Et
1491 2546 1642 2584 quoniam
1655 2555 1781 2577 necesse
1795 2548 1845 2578 est

1073 2597 1247 2633 hominem,
1261 2601 1556 2638 quantumcumque
1571 2599 1610 2629 sit
1625 2608 1772 2638 magnus,
1785 2600 1842 2639 Ju-

1074 2649 1170 2682 dicari
1184 2657 1258 2679 cum
1269 2648 1343 2687 Deo,
1354 2652 1383 2679 et
1394 2650 1426 2680 iu
1435 2650 1556 2689 Judicio
1565 2660 1634 2682 esse
1646 2651 1838 2689 inferiorem

1072 2704 1229 2744 quantum
1250 2701 1289 2732 ad
1308 2701 1369 2733 hoc
1383 2702 1551 2742 judicium,
1572 2704 1705 2744 quilibet
1725 2707 1838 2744 potest,

1072 2758 1367 2797 quantumcumque
1380 2755 1420 2786 sit
1433 2765 1583 2796 magnus,
1595 2757 1670 2789 dare
1679 2758 1734 2789 alii
1743 2766 1840 2798 supra
