1991 3006
35 705 127 730 Quaestio

23 736 127 759 lateralis.

527 147 624 179 DIST.
648 147 711 178 XX.
737 146 851 177 PART.
878 146 914 176 11.
938 146 1029 177 ART.
1055 147 1079 176 l.
1102 146 1254 183 QUAEST.
1280 147 1333 177 ΙΙΙ.
1699 153 1737 181 79

141 214 215 245 bere
230 214 342 245 merita
354 215 542 245 sufficientia
555 224 563 245 :
581 224 658 254 ergo
670 214 778 245 nullus
791 214 828 244 de
841 222 912 253 pro-

141 268 210 308 prio
225 271 325 308 potest
338 268 480 299 relaxare
494 268 613 308 aliquid
626 269 663 299 de
679 277 771 307 poena
782 291 791 304 ,
809 267 911 297 coufe-

141 321 238 351 rendo
262 321 402 361 aliquam
426 330 466 351 ex
487 321 532 351 eis
554 321 786 360 indulgentiam
800 331 806 350 ε
834 328 911 358 ergo

141 383 206 404 non
221 376 336 413 spectat
350 373 566 412 indulgentias
578 374 690 410 facere,
706 373 768 403 nisi
783 373 822 403 ad
834 381 912 412 111·ᾶέ-

142 426 220 456 latos
234 426 391 456 Ecclesiae.

182 479 259 509 Item
283 480 386 518 majus
407 482 454 509 est
481 480 696 519 indulgentias
721 479 890 510 concedere
903 503 910 515 ‚

142 541 238 572 quam
252 532 530 563 excommunicare
543 556 549 569 ,
572 533 624 563 vel
640 533 787 563 Ecclesiae
802 542 912 563 recon-

141 585 268 615 ciliare:
288 585 341 615 sed
362 586 537 616 secundum
552 588 598 616 est
621 586 826 625 praelatorum
841 588 912 615 tan-

142 641 209 669 tum
223 663 231 676 ‚
248 639 327 669 sicut
341 639 429 678 prius
444 640 613 679 probatum
628 642 674 669 est
688 650 694 669 ε
718 648 797 677 ergo
813 639 913 668 multo

141 692 253 722 fortius
271 692 486 731 indulgentias
502 693 612 723 facere.
637 692 797 729 Quaeritur
812 701 891 730 ergo
903 715 912 728 ,

142 754 215 775 cum
230 754 313 775 unus
327 745 491 784 episcopus
505 754 570 775 non
586 745 685 784 possit
700 745 819 775 alienos
834 745 912 775 sub-

143 797 224 828 ditos
239 798 402 829 absolvere
422 807 479 828 nec
500 798 601 837 ligare
614 822 621 835 ,
646 807 703 828 nec
718 798 751 827 in
766 798 832 828 foro
847 807 914 837 pce-

143 851 318 889 nitentiali,
351 860 408 881 nec
431 852 463 881 in
488 852 555 881 foro
575 851 738 891 judiciali,
764 851 848 881 unde
869 853 916 881 651

143 904 228 943 quod
251 905 351 943 potest
372 903 587 942 indulgentias
608 904 641 933 in
665 904 766 933 aliena
789 903 915 934 dioecesi

143 957 261 993 facere,
276 956 356 986 sicut
370 956 515 986 videmus
533 958 596 986 tota
610 956 659 986 die
676 956 767 986 fieri?

415 1080 641 1112 CONCLUSIO.

144 1171 287 1197 Poenarum
310 1171 498 1205 temporalium
517 1171 664 1201 relaxatio,
684 1178 765 1204 neque
787 1178 803 1196 (ι
829 1171 915 1203 laicis,

180 1223 262 1249 neque
281 1223 297 1241 a
316 1215 512 1246 sacerdotibus,
530 1223 611 1248 neque
630 1223 646 1241 (ι
663 1215 786 1248 proelatz's
806 1216 918 1241 minori-

182 1259 241 1290 bus,
265 1261 296 1285 ut
317 1259 458 1285 abbatibus
479 1261 502 1285 cc
521 1259 668 1293 prioribus,
690 1260 735 1291 fit,
754 1258 799 1284 secl
818 1266 834 1283 a
855 1259 917 1284 solis

182 1303 325 1336 episcopis,
344 1303 468 1336 quisunt
486 1303 578 1337 sponsi·
598 1302 736 1334 Εςσίοεῖῑε,
751 1303 918 1336 potissimum

182 1353 242 1372 vero
258 1354 274 1372 (ι
288 1354 388 1373 summu
403 1347 539 1379 Pontz'fice.

187 1433 278 1472 Resp.
304 1433 342 1463 ad
365 1442 437 1471 arg.
461 1433 633 1463 Dicendum
656 1434 759 1473 quod,
785 1434 865 1464 sicut
886 1434 918 1463 in

147 1486 335 1525 praecedenti
353 1486 548 1525 problemate
565 1488 684 1516 tactum
707 1489 750 1516 est
764 1511 771 1524 ,
796 1486 919 1517 relaxa—

147 1539 248 1569 tiones
264 1540 295 1568 et
308 1538 517 1577 indulgentiae
528 1539 656 1569 fiuntdc
674 1539 794 1569 meritIS
807 1548 919 1579 super-

148 1592 342 1630 erogationis
363 1601 435 1631 quae
450 1595 524 1622 511111
543 1593 576 1622 111
596 1592 732 1623 Ecclesia
743 1616 751 1629 ,
768 1602 840 1632 quae
852 1593 920 1631 qui-

148 1644 220 1674 dem
243 1648 317 1675 sunt
340 1645 421 1675 sicut
445 1645 614 1676 thesaurus
639 1646 811 1685 spiritualis
837 1647 917 1685 ejus.

149 1697 223 1728 Haec
235 1701 342 1729 autem
354 1698 465 1728 merita
475 1699 766 1738 supererogationis
779 1708 842 1729 non
855 1708 922 1730 Om—

149 1751 239 1781 nium
252 1753 300 1782 est
314 1752 493 1790 dispensare
506 1775 513 1789 ,
536 1752 590 1781 sed
610 1752 832 1792 episcoporum
850 1755 918 1782 tan-

150 1806 240 1834 tum:
269 1807 300 1834 et
323 1804 392 1835 ideo
415 1804 627 1835 relaxationes
650 1805 752 1835 facere
776 1806 814 1835 ad
839 1805 921 1835 solos

150 1859 310 1897 episcopos
329 1859 472 1897 pertinet.
497 1858 586 1888 Ratio
607 1861 714 1888 autem
733 1868 831 1898 quare
852 1859 922 1889 the-

151 1920 266 1941 saurus
285 1910 428 1941 Ecclesiae
447 1911 520 1940 solis
541 1911 694 1950 episcopis
714 1911 922 1941 committitur

151 1964 378 2003 dispensandus
390 1987 397 2000 ‚
419 1966 465 1993 est
484 1963 558 2002 quia
579 1963 716 1994 Ecclesia
734 1965 921 1996 thesaurum

152 2016 248 2046 istum
258 2016 354 2046 habet
365 2025 405 2046 ex
417 2016 655 2055 desponsatione
667 2017 719 2047 sui
732 2026 805 2047 cum
819 2017 921 2048 Chris-

151 2071 183 2100 to
194 2094 203 2107 ,
222 2070 277 2109 qui
293 2073 338 2100 est
351 2070 401 2101 vir
416 2071 485 2109 ejus
500 2072 531 2100 et
545 2079 679 2110 sponsus
692 2094 698 2106 ‚
716 2073 746 2101 et
761 2071 812 2101 cui
827 2080 923 2110 gene-

151 2125 199 2153 rat
215 2123 295 2154 filios
311 2126 341 2154 et
355 2123 435 2154 filias
449 2148 455 2161 ‚
479 2124 510 2154 id
531 2125 578 2154 est
592 2124 743 2163 perfectos
758 2126 788 2154 et
803 2125 922 2164 imper-

151 2176 266 2214 fectos,
299 2177 337 2206 ad
366 2186 504 2216 quorum
533 2177 751 2207 educationem
781 2177 922 2208 Christus

151 2229 220 2259 vult
233 2229 354 2259 servari
368 2230 437 2260 haec
452 2229 546 2260 hona.
564 2231 601 2259 Et
615 2230 765 2269 quoniam
782 2230 815 2260 in
830 2230 901 2269 lege
913 2232 921 2247 ¹

152 2283 270 2312 tactum
284 2285 349 2320 est,
369 2282 456 2322 quod
470 2283 525 2322 qui
540 2282 650 2322 recipit
668 2292 802 2313 uxorem
816 2284 922 2313 fratris

152 2337 220 2374 sui,
242 2339 276 2366 ut
293 2336 419 2367 suscitet
437 2336 525 2366 fratri
547 2345 604 2366 suo
623 2336 771 2367 defuncto
791 2346 898 2367 semen
911 2361 918 2374 ,

152 2389 243 2419 debet
261 2389 428 2420 succedere
449 2389 480 2418 in
504 2389 593 2419 bouis
613 2399 686 2428 qua,¹
707 2390 864 2428 pertinent
882 2390 921 2420 ad

153 2441 291 2473 filiorum
309 2442 547 2480 educationem,
569 2442 745 2472 secundum
765 2443 849 2482 quod
868 2444 919 2472 in-

153 2495 280 2532 nuitur3
312 2495 374 2525 illis
399 2495 472 2525 solis
499 2495 648 2534 competit
670 2495 728 2525 iste
752 2496 922 2526 thesaurus

152 2547 393 2587 dispensandus,
412 2548 466 2588 qui
481 2550 557 2579 sunt
570 2549 678 2588 sponsi
693 2548 836 2580 Ecclesiae
855 2560 860 2579 :
879 2551 922 2579 ta-

186 2608 274 2639 ¹1tutlc‚
290 2615 323 2639 iv,
341 2611 364 2640 5,
380 2611 417 2633 to.

962 213 1011 243 les
1025 215 1131 243 autem
1146 216 1221 244 sunt
1235 213 1388 253 episcopi,
1405 214 1459 253 (1111
1473 215 1581 253 sponsi
1596 221 1669 247 sunt
1680 241 1689 255 ‚
1705 221 1736 248 et

966 266 1083 296 habent
1100 267 1166 296 vim
1185 267 1358 304 generandi
1380 266 1462 297 filios
1475 269 1505 296 et
1520 267 1601 297 filias
1611 291 1619 306 ,
1641 268 1671 299 id
1693 272 1739 300 est

967 320 1118 357 perfectos
1131 321 1160 349 et
1170 319 1383 358 inipersectos3
1397 322 1427 349 et
1438 319 1520 350 inter
1534 320 1739 354 tiosinaxime

967 380 1113 402 summus
1128 371 1273 402 Pontifex
1285 395 1292 409 ,
1310 372 1365 411 qni
1380 375 1426 402 est
1440 373 1535 402 totius
1550 373 1739 404 universalis

967 425 1112 456 Ecclesiae
1127 434 1262 464 sponsus
1277 427 1307 455 et
1323 427 1434 454 rector.
1454 425 1525 456 Ideo
1538 435 1648 457 omnes
1661 428 1740 467 epis-

967 478 1054 517 copi,
1071 477 1126 517 qui
1140 478 1260 508 habent
1273 477 1394 517 prolem
1408 501 1414 515 7
1432 481 1564 517 possunt
1579 479 1680 510 facere
1692 480 1740 510 in-

967 530 1148 569 dulgentias
1161 541 1168 567 ;
1187 532 1217 560 et
1232 531 1390 570 praecipue
1405 539 1551 561 summus
1571 531 1716 563 Pontifex
1731 556 1738 569 ‚

967 583 1023 622 qni
1037 585 1084 614 est
1106 583 1201 613 totius
1222 583 1413 614 universalis
1438 583 1584 615 Ecclesiae
1607 595 1741 625 sponsus

968 639 997 666 et
1012 639 1125 674 rector,
1147 636 1221 675 quia
1236 637 1294 676 ipsi
1315 637 1462 675 competit
1476 637 1573 667 totius
1589 638 1736 677 spiritua-

968 688 1005 718 lis
1023 689 1159 719 thesauri
1178 689 1381 728 dispensatio,
1398 689 1573 720 secundum
1589 691 1673 730 quod
1690 701 1742 722 cu—

969 751 1037 772 ram
1052 742 1145 772 habet
1160 742 1197 771 (16
1212 744 1276 772 tota
1291 742 1445 780 Ecclesia,
1462 745 1492 772 et
1507 743 1659 773 omnihus
1672 745 1740 782 ers

970 795 1042 825 tiliis
1058 807 1063 826 :
1083 796 1165 826 unde
1180 805 1290 826 omues
1305 798 1381 826 sunt
1395 797 1465 835 ejus
1480 796 1536 826 filii
1548 821 1557 834 ,
1574 799 1605 827 et
1619 798 1685 836 ipse
1698 800 1744 828 est

969 851 1058 888 pater
1084 849 1241 879 omnium.
1278 849 1518 880 Concedendum
1547 850 1648 889 igitur
1676 854 1741 888 est,

970 902 1052 941 quod
1077 902 1295 941 indulgentias
1319 903 1419 933 facere
1443 912 1508 933 non
1531 905 1655 933 tantum
1679 913 1744 935 non

971 955 1152 984 conceditur
1173 955 1276 992 laicis,
1304 956 1356 985 sed
1379 964 1437 985 1166
1458 955 1553 986 etiam
1575 956 1742 987 sacerdoti-

970 1007 1041 1045 bus,
1056 1017 1113 1038 nec
1126 1008 1267 1047 praelatis
1280 1008 1492 1046 inferioribus
1510 1011 1546 1040 ut
1558 1009 1742 1047 abbatibus,

971 1059 1021 1090 vel
1036 1060 1205 1099 prioribus.

1013 1116 1040 1143 1.
1063 1113 1110 1144 Ad
1126 1113 1202 1144 illud
1216 1113 1302 1152 quod
1317 1114 1466 1153 objicitur
1482 1114 1515 1144 in
1529 1115 1726 1146 contrarium
1736 1140 1743 1154 ‚

967 1170 1036 1207 ι1111111
1051 1170 1137 1208 patet
1151 1169 1312 1208 responsio
1323 1193 1330 1206 ,
1353 1169 1428 1208 qnia
1445 1179 1510 1200 non
1525 1172 1572 1200 est
1587 1172 1652 1200 tota
1667 1171 1746 1202 ratio

972 1221 1100 1252 virtutis
1111 1222 1326 1260 indulgentias
1340 1222 1473 1252 faciendi
1487 1222 1541 1262 (11),
1556 1223 1672 1253 56111661
1682 1223 1745 1253 cla-

972 1274 1031 1311 vis,
1049 1275 1102 1305 sed
1117 1275 1290 1314 requiritur
1304 1277 1440 1314 potestas
1453 1275 1550 1305 clavis
1565 1285 1636 1306 cum
1648 1277 1745 1315 111115-

973 1328 1106 1358 dictione
1117 1351 1126 1365 ,
1159 1331 1189 1358 ct
1221 1328 1360 1358 thesauri
1387 1328 1586 1367 dispensandi
1607 1330 1747 1360 auctori-

974 1382 1034 1411 tate
1045 1405 1052 1418 ,
1070 1390 1142 1420 quae
1157 1382 1314 1411 ordinarie
1328 1381 1400 1411 solis
1415 1383 1565 1421 competit
1580 1383 1744 1423 episcopis,

973 1435 1052 1466 Nam
1080 1445 1134 1474 per
1158 1436 1410 1466 commissionem
1442 1436 1575 1475 quilibet
1602 1438 1748 1469 sacerdos

974 1491 1075 1528 potest
1089 1489 1163 1518 dare
1179 1489 1414 1527 indulgentiam
1429 1498 1468 1519 ex
1484 1492 1572 1529 parte
1587 1491 1724 1531 episcopi
1738 1516 1745 1530 ,

975 1541 1054 1571 sicut
1069 1543 1153 1580 patet
1168 1541 1201 1571 in
1217 1541 1412 1580 simplicibus
1428 1542 1696 1577 praedicatoribus.

1020 1597 1049 1624 2.
1067 1595 1115 1625 Ad
1129 1594 1205 1624 illud
1219 1595 1303 1634 quod
1316 1595 1465 1633 objicitur
1477 1596 1514 1626 de
1527 1596 1589 1626 illis
1604 1597 1657 1636 (1111
1672 1605 1749 1636 pree-

976 1650 1049 1678 sunt
1060 1648 1212 1686 collegiis,
1226 1648 1394 1678 dicendum
1406 1649 1491 1687 qnod
1504 1649 1592 1687 tales,
1605 1650 1659 1689 (1111
1669 1659 1748 1689 prae-

976 1703 1049 1730 sunt
1064 1701 1197 1731 subditis
1208 1725 1217 1738 ,
1238 1701 1377 1740 aliquam
1397 1702 1617 1732 auctoritatem
1631 1702 1750 1733 habent

977 1754 1133 1784 bonorum
1158 1755 1207 1784 sui
1229 1754 1372 1793 collegii3
1395 1764 1457 1785 11011
1478 1758 1584 1785 tamen
1603 1758 1748 1794 respectu

977 1807 1081 1837 meriti
1102 1806 1226 1845 Christi,
1241 1808 1325 1846 qnod
1338 1807 1421 1838 dedit
1434 1808 1682 1847 dispensandum
1696 1808 1750 1839 Ec-

977 1859 1090 1895 clesiae,
1103 1862 1133 1889 et
1145 1861 1213 1898 eius
1226 1860 1349 1898 sponsis
1365 1871 1370 1890 :
1390 1860 1459 1890 ideo
1474 1870 1535 1891 non
1548 1861 1667 1891 habent
1679 1871 1750 1892 auc-

978 1912 1134 1942 toritatem
1147 1912 1322 1951 plenariam
1338 1916 1484 1952 respectu
1496 1913 1636 1944 thesauri
1649 1913 1750 1944 Eccle-

978 1964 1052 1994 siae:
1071 1966 1099 1994 et
1114 1964 1183 1998 ideo
1198 1965 1302 1995 solum
1319 1965 1400 1995 bona
1415 1966 1462 1995 sui
1478 1966 1602 2005 collegii
1619 1969 1751 2006 possunt

977 2017 1235 2055 communicare3
1263 2018 1316 2048 sed
1340 2027 1405 2048 non
1427 2021 1560 2057 possunt
1584 2019 1749 2055 relaxare,

978 2070 1053 2109 quia
1066 2070 1211 2101 nesciunt
1222 2072 1332 2101 utrum
1348 2072 1595 2110 superabundet,
1611 2072 1685 2111 quia
1698 2081 1751 2112 po-

978 2125 1122 2154 testatem
1139 2123 1265 2163 plenam
1286 2133 1381 2163 super
1397 2124 1458 2154 hoc
1477 2134 1542 2155 non
1562 2125 1691 2156 habent.
1714 2125 1752 2156 Et

978 2185 1056 2207 voco
1070 2176 1162 2215 largo
1178 2176 1271 2206 modo
1287 2177 1413 2215 plenam
1429 2179 1614 2216 potestatem
1626 2201 1633 2215 ,
1658 2181 1752 2217 prout

978 2229 1052 2259 dicit
1060 2229 1288 2268 plenitudinem
1297 2229 1506 2267 sufficientiae,
1518 2238 1574 2268 per
1583 2239 1678 2268 quem
1685 2239 1752 2261 mo-

978 2282 1054 2312 dum
1062 2282 1150 2312 estin
1159 2282 1355 2321 episcopisad
1363 2282 1448 2312 hunc
1456 2284 1573 2320 actum,
1583 2292 1647 2313 non
1658 2286 1752 2322 prout

978 2335 1051 2365 dicit
1058 2334 1287 2374 plenitudinem
1295 2335 1586 2374 superexcellentiae
1596 2346 1602 2366 ;
1611 2336 1656 2366 516
1665 2337 1750 2367 6111111

978 2390 1025 2417 cst
1039 2388 1073 2417 in
1090 2388 1156 2417 solo
1176 2397 1303 2417 5111111110
1319 2388 1469 2418 Pontifice
1482 2412 1490 2426 ,
1513 2389 1675 2428 plenitudo
1690 2390 1751 2420 sci-

977 2441 1048 2471 licet
1063 2441 1223 2481 potestatis
1237 2443 1267 2471 et
1281 2442 1488 2472 auctoritatis.

1019 2497 1036 2525 3
1051 2496 1080 2525 et
1094 2497 1125 2525 4.
1141 2494 1189 2524 Ad
1204 2494 1281 2524 illud
1302 2494 1385 2534 quod
1401 2494 1564 2533 objicitur,
1581 2495 1666 2535 quod
1680 2495 1750 2535 qui-

977 2547 1052 2578 libet
1065 2547 1162 2578 homo
1177 2548 1279 2587 potest
1292 2547 1375 2578 bona
1390 2556 1448 2578 sua
1462 2547 1552 2578 alteri
1567 2548 1747 2588 concedere,

1012 2609 1044 2640 (a)
1058 2609 1118 2633 Coet.
1129 2609 1189 2633 edit.
1209 2608 1341 2634 faciendae.
