1991 3006
15 1673 112 1700 improb.

15 1829 80 1856 opin.
100 1833 120 1850 2.

23 2149 121 2176 Impmh.

632 214 727 245 DIST.
745 214 838 246 XXII.
863 215 953 246 ART.
976 217 997 247 I.
1023 216 1171 254 QUAEST.
1195 218 1232 248 Il.

174 277 253 308 Item
272 278 297 308 si
312 280 418 310 reatus
430 282 636 319 'peccatorum
654 282 903 320 praecedentium

132 330 224 368 redit,
240 339 319 370 ergo
334 332 421 362 nulla
433 334 478 362 est
493 333 526 362 in
543 334 661 364 mundo
671 334 799 373 utilitas,
818 335 902 375 quod

134 383 206 422 quis
220 384 298 414 bene
312 384 393 422 fecit,
411 387 440 415 et
453 385 616 424 poenituit:
635 387 689 417 sed
700 387 761 417 hoc
775 387 901 418 videtur

134 436 267 475 impium
284 437 386 468 dicere
403 446 411 467 ε
429 447 525 476 ergo,
540 440 598 469 etc.

174 489 250 520 Item
266 491 274 506 ¹
296 499 303 519 :
327 491 416 521 Dona
431 491 488 522 Dei
507 495 582 523 sunt
603 494 672 524 sine
690 494 881 532 paenitentia
892 506 902 524 .-

134 552 210 582 ergo
225 543 250 573 si
268 543 350 574 Deus
365 544 483 584 aliquid
498 545 672 583 condonat,
690 556 753 577 non
773 548 902 586 poenitet

132 597 170 627 de
189 596 416 627 condonatione
438 608 443 627 ι
475 607 554 637 ergo
581 608 645 629 non
669 602 769 639 potest
797 603 901 631 reatus

133 649 243 686 redire,
262 659 357 690 quem
370 650 451 681 Dens
469 652 603 690 dimisit,
619 652 670 683 vel
687 662 705 682 a
719 662 782 692 quo
797 653 900 684 solvit.

405 748 627 780 CONCLUSIO.

132 827 245 856 Peccata
258 827 311 852 illa
324 834 381 860 quoe
394 833 502 861 prorsus
516 826 630 853 dimissa
643 828 714 858 sunt,
729 834 782 853 mm
793 827 902 853 redeunt

163 877 212 904 per
226 873 371 904 sequentem
386 871 501 904 culpam,
513 871 567 897 nisi
576 871 665 905 quoad
674 879 778 906 poenam
792 871 884 898 damni
894 881 902 903 ,-

167 920 223 947 quae
240 919 300 938 vero
321 912 409 945 quoad
429 913 547 946 aliquam
564 915 670 947 partem
683 921 775 948 poenoe,
793 914 901 941 necdum

168 957 279 983 dimissa
302 957 422 989 fuerunt,
439 957 526 990 quoad
542 958 618 983 illam
640 959 679 984 sic
694 958 815 989 redeunt,
833 959 903 992 quod

167 1002 271 1027 ratione
283 1002 384 1027 ‹zmzeoei
397 1001 448 1027 illa
460 1002 512 1027 erit
524 1003 631 1028 σείει-για.

173 1076 264 1116 Resp.
287 1076 326 1106 ad
349 1085 417 1115 arg.
435 1076 607 1106 Dicendum
628 1077 712 1116 quod
733 1077 828 1117 aliqui
850 1087 904 1107 vo-

132 1130 261 1160 luerunt
285 1130 386 1160 dicere
414 1132 540 1169 peccata
567 1130 777 1169 praecedentia
803 1130 904 1161 redire

133 1183 237 1222 quoad
252 1185 391 1220 reatum,
408 1183 483 1222 quia
498 1192 553 1222 per
573 1183 699 1222 culpam
720 1186 904 1223 sequentem

134 1239 178 1267 tot
192 1236 333 1267 reatibus
347 1236 508 1275 obligatur
523 1237 561 1267 ad
574 1246 712 1276 poenam,
728 1239 805 1276 quot
816 1238 905 1277 prius

133 1292 201 1320 erat
225 1289 397 1328 obligatus.
424 1289 461 1319 Et
484 1290 563 1320 ratio
586 1290 685 1329 hujus
709 1290 853 1329 tangitur
873 1290 904 1319 in

134 1343 247 1373 littera.
272 1342 419 1373 Dicebant
441 1343 543 1379 enini,
566 1343 649 1382 quod
676 1346 753 1382 quot
782 1345 906 1382 peccata

134 1395 353 1433 commiserat,
371 1397 416 1426 tot
440 1395 573 1426 vinculis
589 1396 807 1434 obligabatur,
832 1405 904 1425 cum

134 1450 280 1480 veniebat
309 1450 347 1480 ad
376 1449 614 1489 poenitentiam,
638 1452 671 1480 ut
699 1450 906 1480 detestaretur

133 1505 293 1545 praeterita
309 1505 392 1535 mala
408 1517 414 1534 :
433 1507 463 1535 et
478 1504 547 1534 ideo
565 1514 638 1535 eum
655 1507 761 1544 peccat
773 1529 782 1542 ,
798 1505 906 1535 omnia

134 1558 262 1588 vincula
280 1558 402 1597 rumpit
425 1570 431 1587 :
458 1560 489 1588 et
510 1558 578 1588 ideo
602 1560 646 1588 tot
670 1557 809 1588 reatibus
831 1567 905 1588 reus

135 1614 198 1649 est,
213 1613 290 1652 quot
311 1611 399 1652 prius
418 1613 544 1651 peccata
558 1611 727 1642 commisit.
754 1611 812 1641 Sed
828 1611 904 1641 illud

136 1665 217 1695 nihil
231 1667 278 1696 est
293 1676 299 1695 z
321 1665 478 1704 primum,
495 1665 569 1704 quia
590 1665 706 1695 sufficit
729 1673 793 1694 una
808 1665 907 1695 detes-

135 1719 253 1749 tatione
263 1719 407 1749 detestari
419 1720 544 1755 caetera,
561 1727 618 1748 nec
632 1720 758 1748 tenetur
771 1718 865 1748 simul
876 1720 907 1748 et

140 1772 237 1802 semel
253 1772 380 1802 divisim
396 1771 545 1802 detestari
561 1771 668 1801 omnia
686 1773 725 1809 (a)
746 1782 752 1801 z
771 1780 851 1809 ergo
874 1771 906 1801 in

136 1834 200 1856 uno
220 1834 285 1856 non
304 1827 410 1865 peccat
430 1826 488 1856 nisi
509 1825 679 1856 omissione
704 1824 807 1855 unica.
824 1824 905 1854 Alio-

135 1888 209 1909 rum
220 1879 326 1919 opinio
340 1879 408 1917 fuit,
421 1879 505 1918 quod
520 1880 646 1917 peccata
661 1878 766 1917 priora
777 1878 906 1908 redeant

135 1940 190 1970 per
208 1931 385 1962 recidivum
403 1933 559 1970 quantum
576 1930 615 1960 ad
637 1930 904 1969 aequivalentiam,

135 1994 192 2025 pro
209 1994 245 2015 eo
271 1985 356 2024 quod
377 1984 590 2023 ingratitudo,
608 1992 681 2023 quae
701 1986 747 2013 est
770 1983 905 2014 conditio

135 2039 268 2078 pcccati,
285 2038 362 2069 adeo
377 2039 535 2076 aggravat
550 2039 729 2077 peccatum,
750 2038 787 2067 ut
808 2037 847 2067 sit
861 2037 905 2067 ita

135 2100 220 2130 reus,
241 2091 322 2122 sieut
345 2100 401 2131 per
418 2090 527 2121 onmia
550 2092 677 2130 peccata
696 2089 905 2129 praecedentia

135 2153 209 2175 reus
226 2145 338 2175 fuerat.
363 2144 423 2174 Sed
442 2144 521 2174 illud
543 2152 607 2174 non
628 2143 753 2174 videtur
769 2152 902 2173 verum:

135 2198 249 2238 primo,
266 2197 342 2238 quia
356 2197 553 2236 ingratitudo
567 2199 716 2236 pensatur
729 2196 904 2226 secundum

134 2251 342 2293 quantitatem
368 2250 537 2281 beneficii:
568 2250 621 2280 sed
651 2251 757 2289 majus
781 2250 904 2280 benefi-

134 2306 218 2336 cium
243 2305 372 2344 praestat
399 2302 480 2333 Deus
509 2303 725 2333 conservando
753 2302 905 2332 innocen-

134 2358 234 2395 tiam,
262 2366 358 2397 quam
387 2356 568 2386 renovando
594 2356 633 2386 ad
661 2355 902 2395 poenitentiam:

135 2419 213 2450 ergo
233 2410 364 2450 gravius
383 2409 523 2449 peccavit
546 2417 619 2439 cum
639 2409 741 2448 primo
758 2409 906 2439 innocen-

135 2465 211 2495 tiam
236 2464 391 2504 perdidit,
415 2472 513 2503 quam
541 2463 667 2502 quando
691 2462 876 2493 recidivavit
896 2472 901 2492 :

135 2527 215 2557 ergo
238 2518 433 2557 ingratitudo
454 2526 519 2548 non
540 2515 628 2554 facit,
653 2516 736 2555 quod
759 2516 836 2545 adeo
863 2515 904 2545 sit

136 2572 299 2610 peccatum
319 2579 432 2610 grave,
450 2573 485 2600 ut
500 2569 720 2610 praecedentia.
745 2568 902 2599 Praeterea

136 2623 331 2664 ingratitudo
345 2624 404 2654 ista
425 2625 471 2654 est
492 2622 608 2663 peccati
629 2621 867 2652 circumstantia
884 2630 902 2650 a

169 2686 264 2716 ¹R0m.,
278 2691 315 2715 xl,
328 2687 368 2708 29.
383 2698 405 2702 —
421 2686 431 2701 2
442 2686 493 2708 Aac.
509 2691 539 2715 11,
553 2686 592 2708 10.
603 2697 632 2701 -
642 2685 675 2714 (a)
691 2684 733 2708 Al.
750 2683 865 2707 omnino.

1673 225 1731 254 1⁰23

958 286 1047 323 parte
1061 284 1217 323 peccantis
1232 293 1239 313 ε
1258 286 1310 316 sed
1326 287 1430 325 magis
1444 290 1603 326 aggravat
1619 298 1729 328 peeca-

960 339 1026 367 tum
1040 337 1147 375 libido,
1164 337 1214 368 vel
1230 347 1332 376 genus
1349 341 1477 379 peccati,
1496 351 1592 381 (suam
1609 352 1728 381 aggra-

959 393 1012 421 vet
1033 391 1287 428 circumstantia3
1315 401 1394 431 ergo
1410 403 1577 433 nunquam
1603 398 1731 435 propter

958 444 1219 483 ingratitudinem
1236 454 1338 475 unum
1358 449 1520 484 peccatum
1535 448 1605 479 leve
1621 458 1731 479 secun-

958 497 1035 527 dum
1050 506 1153 536 genus
1167 498 1381 537 fflquipollcbit
1398 501 1534 537 peccatis
1550 502 1730 540 praeceden-

958 552 1042 581 tibus
1057 551 1213 590 gravibus
1228 554 1259 581 et
1273 552 1467 583 enormibus.
1490 554 1527 584 Et
1548 555 1616 586 idco
1639 556 1731 587 aliter
1746 576 1809 603 Opi„-
1831 578 1849 597 ς,

958 604 1125 634 dicendum
1135 628 1142 641 ‚
1159 604 1244 643 quod
1258 606 1362 634 reatus
1380 607 1427 635 est
1442 606 1594 643 obligatio
1609 609 1647 639 ad
1662 618 1728 648 poe-

958 667 1052 687 nam:
1070 667 1163 697 poena
1179 659 1286 687 auten]
1302 658 1419 696 peccati
1435 659 1553 697 duplex
1567 663 1631 697 est,
1647 662 1732 691 scili-

958 713 1006 740 cet
1021 720 1115 750 poena
1131 710 1237 740 damni
1251 735 1258 747 ,
1277 713 1306 740 et
1321 720 1443 742 sensus.
1462 712 1635 743 Possumus
1652 724 1738 753 ergo>

958 763 1045 802 loqui
1061 763 1099 793 de
1116 766 1207 794 reatu
1225 763 1344 803 peccati
1360 764 1543 804 dupliciter:
1562 768 1617 796 aut
1631 776 1732 806 quan-

958 818 1027 845 tum
1052 816 1090 845 ad
1119 825 1244 855 poenam
1273 817 1403 854 damni,
1428 819 1482 847 aut
1511 821 1667 857 quantum
1695 821 1733 851 ad

959 878 1083 908 poenam
1099 878 1218 899 sensus.
1233 869 1262 899 Si
1281 871 1438 909 qnantum
1453 871 1491 901 ad
1506 880 1635 910 poenam
1650 873 1735 903 dam-

960 923 1006 959 ni,
1024 923 1067 953 sic
1088 923 1162 962 quia
1177 923 1187 938 ‘²
1203 925 1259 962 qui
1277 926 1385 963 peccat
1412 925 1448 955 in
1473 933 1535 956 zmo
1560 927 1664 964 fuctus
1690 931 1734 959 est

959 977 1100 1007 omnium
1129 984 1218 1012 reus,
1248 977 1439 1007 credendum
1470 981 1516 1008 ost
1550 980 1635 1018 quod
1664 990 1734 1019 pec-

959 1032 1026 1059 cata
1057 1029 1186 1059 dimissa
1214 1029 1357 1060 redeunt.
1389 1030 1421 1061 Si
1438 1033 1546 1061 autem
1563 1032 1736 1072 loquamur

959 1084 1117 1122 qnantum
1137 1082 1175 1113 ad
1193 1091 1319 1122 pcenam
1337 1093 1466 1121 sensus,
1486 1084 1736 1124 simlistingue11-

961 1135 1038 1165 dum
1062 1137 1108 1165 est
1127 1146 1133 1165 2
1159 1136 1235 1175 quia
1258 1137 1404 1175 quaedam
1428 1140 1553 1176 peccata
1573 1141 1733 1169 5111110111-

960 1188 1035 1218 nino
1063 1188 1194 1218 dimissa
1219 1192 1375 1228 quantum
1396 1190 1435 1220 ad
1459 1200 1585 1229 poenam
1609 1194 1639 1222 et
1666 1193 1733 1222 cul-

960 1250 1049 1280 pam,
1078 1243 1109 1270 et
1136 1241 1208 1271 talia.
1236 1242 1323 1272 1111110
1344 1243 1437 1274 niodo
1466 1244 1599 1274 redeunt
1612 1256 1619 1281 ;
1646 1254 1736 1284 quae-

961 1294 1033 1324 dam
1049 1297 1155 1324 auten]
1174 1295 1303 1325 dimissa
1318 1298 1391 1325 sunt
1406 1296 1437 1326 in
1451 1298 1547 1335 parte⁷
1565 1300 1595 1327 et
1611 1298 1648 1328 de
1664 1298 1733 1328 tali⁶

964 1347 1025 1377 bus
1040 1347 1145 1377 fienda
1161 1349 1208 1377 est
1222 1348 1409 1386 satisfacti03
1427 1352 1457 1379 et
1476 1350 1627 1388 qnoniam
1645 1351 1735 1391 culpa

969 1409 1104 1439 sequens
1119 1400 1199 1430 tollit
1212 1402 1384 1440 potentiam
1402 1403 1622 1441 satisfaciendi,
1639 1414 1736 1443 quan-

962 1453 1016 1483 diu
1033 1455 1155 1490 manet,
1172 1463 1229 1492 per
1243 1454 1302 1484 hoc
1316 1455 1420 1493 ipsum
1442 1456 1498 1486 iste
1520 1456 1681 1495 obligatur
1696 1459 1733 1489 ad

962 1506 1153 1545 supplicium
1171 1508 1328 1536 aeternum
1340 1532 1348 1545 ,
1365 1518 1428 1538 non
1444 1510 1564 1539 ratione
1580 1511 1628 1540 sui
1644 1511 1735 1550 prin—

962 1560 1119 1599 cipaliter„
1137 1561 1188 1591 sed
1214 1561 1335 1591 ratione
1355 1563 1472 1592 annexi
1487 1572 1494 1592 :
1511 1566 1542 1593 et
1557 1564 1601 1594 sic
1619 1565 1734 1595 intelli-

962 1614 1103 1652 gendum
1115 1617 1161 1644 est
1176 1617 1302 1653 peccata
1316 1616 1428 1646 redire.
1444 1616 1562 1647 Verum
1578 1620 1625 1648 est
1640 1619 1734 1648 etiam

962 1668 1046 1707 quod
1062 1668 1169 1707 aliquo
1183 1669 1276 1699 modo
1289 1673 1448 1708 aggravat
1464 1671 1590 1710 culpam
1605 1681 1736 1711 sequen-

962 1722 1027 1750 tem
1049 1721 1229 1760 praecedens
1246 1723 1406 1761 remissio,
1430 1724 1504 1762 quia
1522 1726 1568 1754 est
1592 1724 1636 1754 ibi
1658 1734 1736 1755 con-

963 1775 1101 1812 temptus
1126 1775 1257 1813 praestiti
1280 1775 1443 1813 heneficii3
1469 1786 1533 1807 non
1554 1779 1659 1808 tamen
1674 1778 1733 1812 ita,

962 1827 1045 1865 quod
1064 1827 1155 1857 faeiat
1173 1828 1440 1867 {equival-entiani.

1004 1882 1016 1908 1
1040 1881 1070 1909 et
1090 1882 1118 1910 2.
1142 1880 1189 1910 Ad
1210 1881 1288 1911 illud
1303 1882 1386 1920 quod
1407 1882 1556 1921 objicitur
1575 1883 1612 1913 de
1627 1886 1734 1913 aucto-

963 1932 1053 1962 ritate
1076 1933 1236 1971 Manlum,
1261 1934 1429 1965 dicendum
1452 1936 1537 1974 quod
1561 1936 1736 1966 secundum

963 1984 1099 2015 alterum
1110 1986 1226 2016 horum
1238 1987 1404 2017 modorum
1416 1988 1660 2027 intelligendum
1671 1991 1733 2026 est3

963 2039 993 2067 et
1016 2038 1159 2069 similiter
1182 2048 1317 2079 sequens
1343 2040 1501 2079 objectum
1526 2043 1633 2080 patet,
1661 2042 1737 2081 quia

963 2100 1077 2121 verum
1092 2092 1261 2123 concludit.

1003 2147 1032 2174 3.
1055 2145 1102 2175 Ad
1118 2145 1196 2176 illud
1212 2146 1295 2185 quod
1312 2147 1461 2186 objicitur
1473 2148 1511 2178 de
1525 2147 1733 2185 telitionibus‚

958 2199 1026 2237 ‘jam
1058 2207 1246 2238 responsum
1276 2202 1322 2230 est
1352 2209 1408 2239 per
1436 2200 1713 2240 interemptionem
1725 2225 1734 2239 ‚

962 2251 1037 2290 quia
1052 2261 1118 2282 non
1134 2253 1179 2282 tot
1190 2253 1383 2283 tentionibus
1399 2255 1534 2291 tenetur,
1551 2254 1604 2284 sed
1621 2263 1658 2284 ea
1671 2254 1737 2284 sola

963 2305 1113 2342 tentione,
1130 2315 1194 2344 qua
1208 2308 1333 2336 tenetur
1347 2307 1479 2337 conteri.

1002 2360 1030 2387 4.
1049 2358 1095 2388 Ad
1112 2358 1188 2388 illud
1201 2359 1286 2398 quod
1298 2360 1446 2398 objicitur
1459 2360 1496 2390 de
1511 2367 1603 2390 servo
1621 2368 1736 2390 manu-

963 2411 1070 2448 misso,
1087 2411 1259 2441 dicendum
1280 2412 1364 2451 qnod
1388 2413 1420 2442 in
1444 2412 1569 2451 legibus
1586 2412 1735 2442 humanis

961 2462 1039 2493 illud
1064 2464 1098 2494 tit
1122 2464 1161 2494 ad
1182 2465 1338 2495 cautelam
1361 2467 1392 2495 et
1415 2467 1587 2502 te1·rorem;
1611 2466 1641 2495 et
1666 2465 1734 2495 ideo

961 2525 1024 2545 non
1039 2519 1162 2556 oportet
1182 2517 1226 2547 sic
1246 2517 1280 2547 in
1303 2518 1376 2557 lege
1391 2518 1499 2549 divina
1513 2517 1656 2557 reperiri.
1675 2516 1734 2547 Ra-

962 2569 1061 2599 tiones
1080 2573 1187 2601 autem
1209 2571 1247 2602 ad
1269 2571 1463 2611 oppositum⁷
1489 2571 1605 2610 quibus
1626 2572 1731 2599 osten-

960 2622 1143 2662 ditur-quod
1158 2626 1265 2655 reatus
1281 2633 1345 2655 non
1360 2624 1490 2654 omnino
1503 2623 1580 2653 redii
1592 2646 1599 2660 ,
1616 2631 1731 2653 verum

961 2675 1165 2707 concludunt.
