1991 3006
49 474 152 496 Fundam.

33 2010 65 2029 Ad
76 2016 126 2036 opp.

645 181 741 212 DIS'I‘.
766 181 868 213 XXVI.
893 180 983 212 ART.
1010 180 1030 210 i.
1055 179 1205 217 QUAEST.
1230 182 1282 213 111.

424 301 601 339 QUAESTIO
625 302 676 332 III.

182 384 226 409 An
246 384 380 410 institutio
399 384 568 409 matrimonii
585 384 671 415 fuerit
689 383 736 409 sub
753 385 884 417 praecepto
901 387 919 409 ¹.

207 462 346 499 Qualiter
364 463 457 493 fuerit
472 463 653 493 institutum
675 463 931 499 matrimonium3

166 517 196 546 et
206 517 252 545 est
266 516 417 554 quaestio,
432 518 541 546 utrum
565 516 719 546 institutio
740 515 933 545 matrimonii

165 568 259 599 fuerit
273 568 331 598 sub
345 571 501 608 praecepto
514 580 520 606 ;
534 571 564 599 et
579 569 661 608 quod
675 569 729 605 sic,
742 568 866 598 videtur
878 577 933 606 per

164 622 288 651 textum
318 621 443 652 Genesis
455 646 462 659 ,
492 623 567 661 quia
594 624 787 661 praeceptum
814 623 859 651 est
877 621 930 658 eis,

164 673 247 714 quod
258 677 432 704 crescerent
447 677 476 705 et
488 675 789 715 multiplicarentur3
801 674 853 704 sed
869 684 931 704 non

163 728 284 765 poterat
295 726 354 756 hoe
368 727 437 757 fieri
452 728 513 757 nisi
529 737 584 767 per
597 728 851 767 conjunctionem
869 736 932 757 ma-

162 778 206 808 ris
220 788 293 809 cum
308 780 443 817 femina3
467 780 536 811 haee
559 782 666 810 autem
688 780 869 819 conjunctio
883 779 930 810 Ie—

163 831 275 870 gitime
293 832 373 862 faeta
388 835 435 863 ezt
450 833 692 863 matrimonium
710 843 717 863 t
735 842 812 870 orgo
827 833 932 862 matri-

162 885 307 914 monium
324 885 383 915 fuit
395 885 577 916 institutum
592 886 651 915 sub
667 887 835 924 praecepto.

204 937 280 967 Item
296 937 446 977 Magister
467 938 499 968 in
513 938 615 968 littera
632 949 638 968 :
658 938 762 968 Prima
777 938 930 969 institutio

163 990 355 1020 matrimonii
379 991 491 1021 habuit
512 993 705 1030 praeceptum
723 1001 730 1020 :
755 991 807 1021 sed
828 991 930 1030 prima

162 1041 220 1072 suit
248 1041 281 1072 in
309 1043 468 1082 paradiso,
486 1045 515 1074 et
543 1043 585 1073 ibi
600 1043 671 1073 data
686 1044 743 1073 suit
768 1044 826 1073 sub
849 1053 930 1082 prae-

162 1097 269 1134 cepto:
286 1105 375 1135 ergo,
393 1099 449 1127 etc.

204 1148 280 1179 Item
305 1151 426 1180 ratione
441 1150 576 1187 videtur,
591 1150 665 1189 quia
690 1150 929 1181 matrimonium

162 1201 343 1232 ordinatum
358 1205 425 1233 erat
447 1203 486 1234 ad
508 1203 779 1233 conservationem
802 1205 927 1243 speciei,

162 1257 318 1294 quantum
334 1256 371 1286 ad
389 1257 617 1294 gene1·ativam;
635 1260 663 1286 et
678 1266 751 1286 esus
767 1257 930 1296 tignorum

161 1308 324 1338 ordinatus
338 1311 404 1339 erat
419 1310 458 1339 ad
476 1310 746 1340 conservationem
760 1310 926 1349 individui,

160 1363 315 1400 quantum
339 1361 377 1391 ad
392 1351 589 1398 nutritivam,
602 1363 676 1401 qnia
692 1363 748 1392 etsi
763 1373 928 1402 nunquam

158 1416 348 1450 moreretur,
374 1417 480 1445 tamen
501 1415 708 1445 determinato
733 1419 873 1456 tempore
896 1418 929 1447 in

157 1466 250 1496 aliam
268 1467 365 1497 vitam
384 1468 605 1498 transferretur
622 1479 628 1498 :
648 1469 702 1499 sed
717 1478 788 1499 esus
800 1470 928 1500 cadebat

157 1519 217 1550 sub
232 1522 389 1559 praeeepto
406 1531 412 1550 :
430 1529 508 1559 ergo
525 1523 553 1550 et
570 1521 680 1551 coitus.

198 1572 275 1603 Item
289 1582 400 1603 omnes
409 1574 464 1613 qui
478 1577 618 1613 possunt,
632 1577 779 1605 tenentur
789 1584 845 1615 pro
859 1576 927 1606 loco

157 1628 187 1656 et
201 1628 342 1666 tempore
355 1627 563 1666 multiplicare
578 1628 699 1667 prolem
716 1629 924 1668 spiritualem,

156 1680 333 1710 revocando
348 1680 463 1710 scilicet
478 1681 640 1711 hominem
656 1691 675 1711 a
687 1685 811 1720 peccato
824 1693 830 1713 z
848 1692 926 1722 ergo

156 1742 230 1763 cum
246 1733 419 1763 secundum
436 1735 554 1763 statum
573 1734 713 1773 primum
734 1735 923 1775 multiplica-

154 1785 198 1816 tio
218 1786 388 1825 eorporalis
412 1788 491 1817 esset
513 1788 682 1826 conjuncta
696 1788 862 1826 spirituali,
882 1789 926 1819 vi-

153 1838 244 1869 detur
261 1839 346 1878 quod
361 1849 471 1870 omnes
483 1840 687 1877 tenebantur;
703 1843 733 1870 et
743 1841 786 1870 sie
801 1842 925 1872 videtur

153 1891 333 1922 institutum
361 1893 455 1923 fuisse
481 1893 722 1923 matrimonium
753 1894 811 1923 sub
842 1903 924 1933 prae—

154 1946 254 1983 cepto.

192 1995 328 2027 Contra:
352 2000 380 2027 1.
405 1997 437 2027 Si
466 1998 525 2028 fuit
553 1998 733 2028 institutum
753 1999 811 2029 sub
840 2008 920 2038 prae-

151 2052 250 2089 cepto,
268 2052 323 2080 aut
346 2059 425 2093 ergo
448 2050 523 2081 iilud
545 2053 739 2090 praeszeptum
764 2052 823 2081 fuit
839 2053 922 2091 juris

149 2103 320 2139 naturalis,
349 2106 404 2133 aut
430 2103 557 2142 positivi
574 2114 580 2133 ε
598 2113 662 2134 Ποῖ]
689 2104 830 2143 positivi,
849 2107 922 2145 quia

149 2165 251 2186 unum
267 2156 369 2186 solum
391 2157 463 2193 suit3
481 2166 544 2186 non
556 2157 639 2196 Juris
660 2158 830 2195 naturalis,
847 2160 921 2198 quia

149 2209 252 2239 adhuc
273 2211 414 2239 maneret
432 2220 438 2239 ε
461 2218 540 2248 ergo
562 2209 650 2240 nullo
672 2210 765 2240 modo
789 2211 847 2241 fuit
872 2212 919 2242 in-

151 2263 297 2293 stitutum
309 2263 369 2293 suh
384 2268 553 2303 praecepto.

189 2318 218 2346 2.
246 2315 322 2346 ltem
339 2326 463 2355 semper
477 2316 598 2346 licitum
614 2317 673 2347 fuit
687 2317 806 2347 homini
820 2319 919 2349 facere

149 2369 232 2408 quod
247 2369 361 2399 melius
376 2372 440 2399 est:
453 2369 507 2399 sed
521 2370 634 2399 melius
649 2372 695 2400 est
707 2372 838 2401 omnino
849 2381 919 2401 con-

148 2420 258 2458 tinere,
273 2430 369 2461 quam
398 2422 491 2457 coire,
504 2422 580 2461 quia
602 2423 727 2453 castitas
753 2423 919 2462 virginalis

149 2475 196 2503 est
210 2473 335 2513 dignior
348 2476 440 2514 conju
446 2475 511 2514 gali
522 2484 530 2506 :
542 2484 622 2514 ergo
636 2475 726 2506 licuit
740 2485 804 2507 non
820 2478 915 2516 coire,

181 2572 186 2584 ¹
203 2570 242 2600 Cf.
259 2572 285 2595 S.
304 2572 404 2601 Thom..
419 2572 444 2596 in
456 2573 542 2603 Suppl.
559 2581 583 2603 p.
606 2574 649 2601 itt,
669 2581 693 2604 q.
710 2579 767 2604 xm,
783 2577 830 2599 art.
846 2577 872 2606 23
894 2580 918 2601 et

148 2606 180 2629 lv
197 2605 276 2636 Seni„
289 2606 346 2630 dist.
364 2613 435 2638 xxvr,
451 2615 475 2638 q.
487 2614 511 2638 1,
525 2611 573 2631 art.
584 2609 611 2638 23
629 2609 777 2640 Richardus,
793 2611 822 2634 tV
838 2611 916 2636 Sem..

148 2641 204 2665 dist.
229 2647 306 2671 xxm,
330 2643 376 2665 art.
399 2644 422 2672 3,
446 2650 470 2673 q.
494 2649 518 2672 1;
545 2643 631 2674 soeph,
658 2645 762 2675 Brulef„
781 2646 811 2669 tV
837 2646 915 2674 Seni„

1704 187 1761 215 213

995 256 1051 277 nec
1066 248 1202 277 nubere:
1220 248 1271 278 sesi
1288 258 1352 279 non
1376 249 1523 289 licuisset,
1542 251 1568 281 si
1588 251 1696 281 fuisset
1710 251 1761 281 vel

991 302 1072 330 esset
1086 301 1144 331 sub
1161 303 1315 340 praecepto
1331 313 1337 331 :
1355 304 1385 332 et
1401 303 1455 340 sio,
1475 306 1532 339 eto,

1032 355 1060 383 3.
1093 353 1188 389 Itvm,
1218 354 1243 383 si
1271 358 1460 394 praereptum
1485 357 1559 392 fuit,
1584 366 1658 387 cum
1684 356 1762 386 Abel

992 416 1127 436 uxoren]
1143 416 1206 436 non
1227 407 1391 443 habuerit,
1409 409 1534 439 videtur
1552 410 1634 448 quod
1657 419 1762 448 perca-

991 459 1072 489 verit
1107 470 1113 489 τ
1158 459 1208 490 sed
1247 463 1366 490 constat
1407 462 1491 500 quod
1520 462 1580 491 hoo
1621 464 1668 492 est
1701 461 1758 491 fai-

991 521 1075 549 sum,
1090 513 1164 551 quia
1180 512 1257 542 Abel
1272 515 1316 542 est
1340 514 1462 553 primus
1480 516 1641 553 justorum
1653 539 1661 552 ,
1679 515 1760 545 sicut

990 567 1122 596 testatur
1136 565 1288 595 Dominus
1303 569 1312 584 ²
1331 577 1337 596 :
1355 568 1380 596 A
1394 568 1553 606 sanquine
1568 567 1643 598 Abel
1656 567 1760 606 J'usll':

990 626 1080 657 ergo,
1103 621 1160 648 etc.

1029 674 1057 701 4.
1077 671 1154 701 Item
1165 671 1203 701 ad
1220 671 1460 701 matrimonium
1477 672 1616 702 maxime
1629 673 1759 712 requiri-

990 726 1041 754 tur
1052 724 1131 754 liber
1143 733 1332 754 cousensus:
1351 734 1428 763 ergo
1438 724 1526 755 nullo
1539 725 1630 755 modo
1645 726 1758 756 arctari

988 776 1095 807 debuit
1111 777 1208 807 homo
1223 787 1278 817 per
1294 781 1500 818 praeceptum.

1260 896 1484 929 CONCLUSIO.

988 983 1162 1008 Matrimonii
1182 986 1344 1017 praeceptum
1365 985 1422 1016 fuit
1447 986 1657 1019 affirmativum,
1680 990 1703 1013 et
1727 989 1759 1014 de

1019 1027 1080 1060 jure
1100 1028 1221 1053 naturali
1241 1028 1381 1054 secundum
1398 1031 1517 1062 tempus:
1538 1032 1651 1064 tempore
1669 1035 1757 1058 autem

1024 1071 1088 1103 [englis
1120 1073 1216 1104 ,qratiae
1244 1072 1336 1098 habuit
1364 1072 1579 1106 z‘nclalmztiam,
1609 1083 1661 1102 non
1686 1084 1758 1110 121·oe-

1022 1117 1134 1148 ceptum.

1028 1200 1117 1240 Resp.
1133 1201 1171 1231 ad
1191 1211 1261 1241 arg.
1286 1202 1457 1233 Dicendum
1480 1206 1565 1243 quod
1586 1206 1687 1245 prima
1708 1207 1757 1236 in-

986 1254 1104 1284 stitutio
1120 1256 1311 1285 matrimonii
1330 1260 1520 1296 praeceptum
1538 1258 1660 1296 habuit,
1674 1260 1757 1290 sieut
1775 1272 1879 1300 Explicat.

986 1307 1059 1336 dicit
1075 1308 1246 1345 magister:
1270 1312 1299 1338 et
1318 1314 1511 1349 praeceptum
1534 1311 1609 1341 itlml
1633 1313 1691 1342 fuit
1706 1314 1755 1342 ai'-

986 1360 1194 1398 ssrmativum,
1212 1364 1243 1391 vt
1258 1362 1408 1401 fuitjuris
1432 1365 1594 1393 naturalis.
1621 1365 1681 1396 Sed
1705 1369 1753 1396 at-

986 1414 1177 1444 tendendum
1193 1416 1275 1455 quod
1290 1418 1343 1455 Jus
1360 1417 1502 1447 naturale
1517 1419 1666 1456 quaedam
1688 1420 1753 1449 dic-

985 1471 1028 1497 tat
1045 1468 1236 1507 simpliciter,
1255 1470 1400 1508 quaedam
1419 1472 1593 1501 seeundum
1608 1475 1753 1512 tempus:

984 1521 1166 1561 simpliciter
1190 1525 1223 1552 nt
1245 1523 1344 1553 Deum
1368 1524 1560 1561 amandum;
1577 1525 1753 1556 seeundum

984 1576 1119 1613 tempus,
1134 1578 1169 1605 ut
1179 1576 1285 1606 omnia
1295 1586 1362 1606 esse
1373 1586 1439 1606 com
1446 1577 1564 1606 munia.
1582 1577 1651 1607 Dico
1662 1586 1750 1616 ergo,

983 1628 1067 1666 quod
1081 1631 1271 1668 praeceptum
1287 1629 1324 1659 de
1340 1639 1401 1659 usu
1416 1630 1609 1659 matrimonii
1625 1630 1684 1660 fuit
1698 1639 1752 1660 na-

983 1679 1082 1708 turale
1103 1680 1240 1709 seeundo
1262 1680 1373 1718 modo,
1400 1681 1475 1719 quia
1496 1681 1637 1720 quandiu
1660 1683 1752 1720 pauci

982 1734 1090 1769 erant,
1108 1732 1243 1762 dictabat
1255 1734 1309 1771 jus
1330 1734 1473 1763 naturate
1497 1734 1580 1772 quod
1598 1734 1750 1774 muttipii-

982 1785 1080 1815 canda
1093 1787 1174 1815 esset
1195 1786 1299 1825 proles
1321 1786 1360 1816 ad
1388 1787 1509 1816 cultum
1525 1786 1593 1824 Dei;
1610 1787 1662 1817 sed
1684 1797 1751 1818 ees-

982 1840 1070 1867 sante
1087 1838 1146 1867 isto
1162 1840 1256 1875 statu7
1274 1839 1408 1869 cessavit
1424 1842 1630 1878 praeceptum.

1024 1893 1049 1920 1.
1068 1890 1105 1920 Et
1118 1889 1186 1920 ideo
1199 1891 1353 1921 institutio
1369 1892 1507 1922 secunda
1518 1894 1658 1931 tempore
1669 1892 1750 1931 Iegis

981 1943 1095 1982 gratiae
1117 1943 1227 1973 habuit
1246 1944 1479 1983 indulgentiam
1493 1968 1500 1981 ‚
1519 1953 1583 1975 uon
1607 1954 1748 1985 praecep-

980 1999 1059 2026 tum.
1077 1996 1115 2026 Et
1128 2005 1168 2026 ex
1185 1996 1243 2026 hoc
1259 1999 1342 2036 patet
1363 1997 1525 2036 responsio
1551 1998 1590 2028 ad
1605 1998 1747 2037 primum

978 2049 1148 2089 objectum.

1018 2105 1046 2132 Ξ.
1066 2102 1113 2132 Ad
1128 2102 1301 2132 seeundum
1309 2102 1488 2141 dicendum,
1503 2103 1585 2143 quod
1596 2113 1660 2134 non
1670 2106 1747 2134 tem-

977 2165 1052 2196 pore
1067 2156 1147 2195 legis
1161 2158 1284 2186 naturae
1299 2157 1462 2194 institutae⁷
1479 2166 1536 2187 nec
1559 2157 1653 2187 etiam
1678 2167 1746 2188 cor-

976 2212 1080 2248 ruptae
1094 2209 1128 2238 in
1148 2211 1232 2239 statu
1254 2209 1356 2248 primo
1380 2210 1548 2249 perfectius
1570 2211 1627 2240 fuit
1647 2211 1745 2241 conti-

976 2272 1062 2300 nere,
1087 2272 1184 2302 quam
1206 2263 1325 2292 nubere
1348 2272 1355 2292 :
1377 2263 1480 2302 primo
1504 2263 1649 2302 quidem,
1672 2264 1748 2303 quia

976 2326 1040 2347 non
1055 2318 1122 2346 erat
1137 2315 1288 2355 pruritus,
1305 2325 1363 2345 neo
1382 2316 1543 2355 turpitudo
1559 2316 1681 2356 aliqna;
1702 2327 1746 2347 se-

975 2370 1079 2401 cundo
1095 2378 1181 2406 vero7
1200 2369 1274 2408 quia
1288 2371 1355 2399 erat
1374 2369 1560 2400 obedientiae
1583 2371 1742 2401 meritum.

976 2423 1063 2453 Unde
1079 2422 1241 2452 coelibatus
1255 2422 1385 2452 Ioannis
1406 2432 1468 2453 non
1486 2423 1654 2462 praei'ertur
1673 2432 1745 2454 con-

971 2477 1064 2516 jugio
1077 2476 1224 2506 Abrahae.

1014 2531 1042 2559 3.
1069 2529 1115 2559 Ad
1137 2529 1215 2559 illud
1239 2529 1323 2568 quod
1344 2528 1492 2568 objicitur
1513 2529 1551 2559 de
1574 2529 1668 2563 Abel,
1695 2529 1742 2558 di·-

973 2609 1030 2633 dist.
1044 2615 1115 2638 xxv1‚
1126 2616 1151 2639 q.
1164 2614 1208 2638 111;
1223 2609 1310 2632 Petrus
1321 2608 1517 2638 de'rarant.,1v
1529 2607 1670 2637 Sent.‚dist.
1684 2612 1742 2633 xxv.

973 2650 1086 2676 11.1v‚-
1099 2645 1108 2660 ²
1123 2644 1225 2673 Mattlz„
1241 2649 1318 2673 xxm,
1333 2644 1368 2665 35.
