1991 3006
43 1875 106 1902 Opin.
128 1877 148 1895 ί.

530 212 622 243 DIST.
646 210 751 242 xvm,
777 209 892 240 PART.
918 210 939 239 l.
965 209 1052 239 ART.
1080 209 1116 238 ΙΙ.
1141 209 1287 245 QUAEST.
1313 208 1348 238 11.

146 291 253 322 poena,
270 280 454 321 praejudicat
468 278 583 309 divinae
596 277 728 317 Justitiae
744 286 751 306 ε
771 276 824 306 sed
838 275 910 306 11111-

145 335 195 365 lus
210 336 309 374 potest
321 333 436 363 divinae
448 331 578 370 justitiae
596 328 801 369 praeJudicare
815 338 821 357 :
834 336 912 366 ergo

146 387 253 417 nullus
271 387 309 416 de
334 393 427 424 poena
447 382 629 422 temporali.
653 381 691 411 ad
711 389 807 420 quam
831 379 912 409 obli—

148 441 244 477 gatur
257 439 410 478 peccator,
426 437 527 475 potest
541 434 659 473 aliquid
673 433 843 463 remittere.

187 494 216 521 6.
242 490 319 520 Item
342 489 369 518 si
392 490 495 528 posset
516 489 638 527 partem
660 486 835 522 remittere,
861 486 916 514 aut

148 543 219 583 plus
233 541 362 572 remittit
383 541 411 571 ei
431 540 484 579 qui
507 540 577 579 plus
592 539 748 578 peccavit,
771 539 826 567 aut
843 537 916 576 plus

148 595 176 625 ei
197 594 252 633 qui
269 593 377 623 minus
394 603 400 623 :
419 593 444 622 si
465 592 553 631 plus,
578 591 629 621 vel
650 593 791 626 tantum,
813 589 840 619 ei
862 589 915 628 qui

148 648 269 684 minuS,
293 655 372 685 ergo
391 646 515 676 videtur
530 645 614 684 quod
633 644 658 674 si
673 644 788 683 aliquis
802 651 916 682 parum

149 700 303 740 peccavit,
335 699 376 728 ita
404 699 497 728 etiam
522 706 636 736 parum
664 696 795 726 debetur
823 695 851 725 ei
879 695 917 724 de

150 761 258 792 poena,
287 751 371 791 quod
392 753 493 781 totum
520 750 711 789 relinqueret
731 759 736 779 ς
760 757 836 787 ergo
860 757 917 787 pro

150 814 249 844 parvo
276 806 400 844 peccato
429 812 492 834 non
520 805 566 833 est
596 802 785 842 imponenda
813 802 919 840 aliqua

151 867 258 898 prena⁷
285 857 371 897 quod
394 859 440 887 est
468 856 703 886 inconveniens.
729 855 761 885 Si
788 855 919 885 remittit

152 911 273 947 minus,
292 919 371 948 ergo
387 910 431 946 ei,
449 910 502 948 qui
521 909 627 938 minus
642 908 761 946 dignus
775 910 835 944 est,
851 916 918 937 ma-

154 963 203 1001 gis
224 962 354 992 remittit
370 972 377 991 z
395 962 448 992 sed
466 962 523 991 1100
541 964 587 991 est
602 960 827 991 inconveniens
844 971 850 989 :
869 969 919 990 er-

152 1024 206 1054 go,
224 1017 281 1045 etc.

193 1071 222 1098 7.
238 1068 316 1098 Item
336 1068 361 1097 si
377 1067 508 1097 remittit
527 1070 647 1106 partem
658 1090 666 1104 ,
684 1066 765 1096 alius
778 1067 921 1097 sacerdos

153 1123 254 1160 potest
273 1121 431 1151 remittere
446 1121 540 1150 aliam
562 1123 700 1160 partem,
723 1122 753 1149 et
769 1120 813 1149 sic
832 1120 920 1150 dein-

153 1183 236 1212 ceps,
253 1176 283 1204 et
298 1173 341 1203 sic
357 1175 458 1203 totum
475 1173 602 1208 remitti,
619 1173 704 1212 quod
716 1182 780 1202 non
795 1181 920 1211 compe-

155 1226 205 1263 tit,
229 1229 263 1256 ut
278 1226 404 1256 videtur
420 1226 594 1256 secundum
616 1226 720 1256 forum
741 1234 921 1256 commune.

432 1340 644 1370 CONCLUSIO.

159 1429 284 1455 Sacerdos
312 1431 425 1455 remittit
457 1430 577 1462 aliquam
609 1432 714 1462 partem
744 1436 827 1462 paenoe
838 1449 844 1458 ,
875 1436 926 1454 non

193 1475 305 1504 oeternae,
319 1481 364 1499 uec
376 1474 550 1507 purqatorioe,
562 1472 606 1498 secl
619 1473 694 1498 illius
706 1480 789 1506 poenae
801 1472 927 1506 adquam

196 1517 261 1542 Deus
290 1516 391 1549 oblique
416 1519 577 1550 peccatorem
603 1519 664 1550 post
690 1517 880 1543 absolutionem
911 1524 927 1542 a

194 1560 282 1594 culpa.

200 1646 289 1686 Resp.
306 1647 345 1677 dd
366 1657 436 1686 arg.
456 1648 626 1678 Dicendum
641 1648 725 1687 quod
744 1650 858 1687 praeter
873 1657 928 1687 po-

159 1699 304 1730 sitionem
332 1699 437 1737 illam,
472 1710 568 1739 quam
598 1700 747 1739 Magister
779 1701 867 1739 ponit
898 1701 929 1731 in

159 1751 276 1788 littera,
296 1761 359 1791 qua
376 1752 473 1792 aliqui
494 1755 676 1789 senserunt,
696 1753 780 1792 quod
796 1753 931 1783 absolvit

160 1813 179 1834 a
194 1813 285 1843 poena
301 1807 419 1835 aeterna
431 1828 438 1841 ‚
457 1814 553 1844 quam
569 1805 662 1835 etiam
678 1805 752 1835 satis
766 1806 931 1836 efficaciter

162 1857 334 1896 improbat,
354 1860 416 1888 tres
430 1859 504 1888 sunt
520 1858 571 1887 hic
588 1858 671 1887 modi
687 1858 820 1888 dicendi.
844 1858 931 1889 Unus

163 1910 276 1940 modus
295 1910 416 1940 dicendi
442 1912 506 1946 est,
531 1910 614 1948 quod
638 1910 781 1940 sacerdos
801 1911 933 1942 absolvit

165 1971 228 1992 non
250 1972 269 1992 a
292 1971 402 2002 poena,
431 1962 483 1992 sed
513 1972 531 1991 a
557 1962 686 1992 vinculo
713 1963 930 2001 confessionis,

165 2015 292 2054 ligando
308 2015 347 2045 ad
361 2024 487 2054 poenam
502 2015 730 2045 satisfactionis.
748 2015 785 2046 Et
800 2016 857 2046 ista
877 2026 932 2056 po-

165 2068 236 2098 sitio
252 2068 375 2099 videtur
389 2068 470 2098 trahi
481 2077 521 2098 ex
535 2068 640 2099 verbis
654 2068 800 2106 Hugonis
811 2069 842 2099 in
853 2069 933 2099 libro

165 2121 204 2152 de
219 2122 370 2153 Potestate
384 2121 525 2160 liqandz‘,
540 2122 594 2151 ubi
608 2121 853 2160 distinguuntur
867 2132 934 2163 sep-

166 2176 230 2204 tem
242 2174 377 2211 vincula,
392 2174 510 2204 scilicet
521 2173 746 2212 obdurationis,
760 2176 933 2213 servitutis,

167 2227 370 2266 captivitatis,
392 2229 519 2257 aeternae
535 2227 745 2257 damnationis
760 2228 825 2259 sive
840 2229 932 2268 puni-

167 2280 275 2317 tionis,
296 2282 454 2320 perpetuae
475 2280 702 2317 detestationis,
720 2282 934 2320 confessionis,

167 2335 196 2363 et
213 2332 343 2372 poenalis
360 2332 556 2372 expiationis
577 2333 602 2363 A
624 2333 735 2372 primis
755 2334 857 2365 tribus
877 2335 936 2365 ab-

167 2385 261 2416 solvit
273 2385 355 2416 Deus
372 2394 427 2424 per
443 2385 580 2424 gratiam
595 2387 625 2415 et
639 2385 901 2424 misericordiam;
919 2397 938 2417 a

169 2437 297 2468 vinculo
322 2438 537 2468 obdurationis
559 2437 693 2469 absolvit
721 2448 776 2478 per
801 2440 935 2478 gratiam

170 2493 412 2530 praeparantem,
428 2500 501 2530 quae
517 2491 646 2521 aemollit
660 2500 713 2521 cor
727 2492 765 2522 ad
780 2493 938 2532 poeniten-

171 2542 262 2580 tiam,
287 2545 317 2574 et
336 2546 383 2574 est
407 2544 510 2582 gratia
532 2544 632 2582 gratis
655 2544 745 2583 data3
770 2554 789 2575 a
812 2545 939 2576 vinculo

173 2595 332 2625 servitutis
351 2605 406 2635 per
426 2596 564 2635 gratiam
586 2597 851 2635 praevenientem,
868 2607 940 2637 quae

206 2656 291 2679 *Psak
308 2663 379 2686 xxiv,
394 2659 432 2681 20.

1705 213 1737 240 ¹53

969 277 1015 305 est
1029 277 1158 313 gratum
1174 275 1299 311 faciens,
1313 276 1343 304 et
1353 274 1465 304 liberat
1475 283 1493 304 a
1504 275 1655 306 servitute
1670 285 1740 315 pee-

970 329 1046 366 cati;
1064 338 1082 358 a
1097 328 1225 358 vinculo
1240 328 1427 367 captivitatis
1442 337 1497 367 per
1512 329 1649 366 gratiam
1666 338 1738 360 000-

970 384 1149 422 perantem,
1166 390 1239 421 quae
1254 381 1379 420 expedit
1394 381 1572 418 hominem,
1588 384 1619 412 et
1635 382 1738 420 solvit,

971 445 1027 466 seu
1041 436 1154 465 excitat
1171 434 1210 464 ad
1225 434 1307 464 bona
1319 443 1425 472 opera.
1440 434 1467 464 A
1477 434 1603 465 vinculo
1614 437 1738 474 quarto⁷

971 489 1086 518 scilicet
1108 490 1235 518 aeterna).
1249 487 1476 524 damnationis⁷
1500 487 1593 518 solvit
1614 488 1742 526 ligando

971 541 1009 571 ad
1024 541 1187 580 quintum,
1211 539 1326 570 scilicet
1344 539 1382 569 ad
1397 539 1563 570 vinculum
1583 542 1742 580 perpetuae

972 593 1200 630 detestationis;
1224 602 1243 622 a
1264 594 1352 622 sexto
1372 601 1447 622 vero
1462 593 1555 622 solvit
1575 602 1630 632 per
1646 593 1742 623 mini-

973 649 1073 676 strum
1088 645 1218 682 ligando
1237 645 1275 675 ad
1290 645 1460 684 septimum
1477 654 1484 674 :
1502 645 1643 675 sacerdos
1658 645 1743 675 enim

973 698 1065 729 solvit
1079 700 1272 737 peccatorem
1288 697 1499 734 confitentem,
1511 699 1547 728 ut
1561 707 1623 727 non
1640 700 1744 728 tenea-

974 755 1026 782 tur
1040 751 1192 788 conssteri,
1211 751 1263 781 sed
1279 750 1297 780 11
1303 752 1358 789 gat
1372 750 1411 780 ad
1426 751 1590 781 vinculum
1605 751 1741 781 satisfac-

974 805 1077 835 tionis.
1100 805 1159 835 Sed
1178 804 1257 834 illud
1276 813 1340 834 non
1361 804 1491 841 sufficit,
1514 805 1589 843 quia
1603 804 1745 834 sacerdos

974 858 1007 887 in
1022 858 1211 888 absolvendo
1222 866 1286 887 non
1301 857 1374 886 dicit
1391 868 1398 886 ;
1415 869 1429 885 α
1444 857 1581 887 Absolvo
1597 859 1627 887 te
1640 866 1659 887 a
1670 866 1744 887 con-

976 911 1124 946 sessione,
1142 922 1155 937 »
1175 910 1228 940 sed
1248 918 1268 941 a
1286 911 1436 948 peccatis.
1460 910 1508 939 Ab
1523 910 1583 939 illis
1599 919 1676 948 ergo
1691 909 1745 939 ab·

977 963 1071 992 solvit
1083 962 1133 993 vel
1148 964 1303 1001 quantum
1320 961 1357 991 ad
1374 970 1511 1000 poenam,
1528 963 1578 993 vel
1593 964 1748 1001 quantum

1760 761 1855 788 Improb-

977 1016 1014 1045 ad
1037 1015 1184 1054 culpam:
1205 1024 1282 1053 ergo
1304 1015 1374 1054 plus
1396 1017 1517 1054 oportet
1539 1015 1651 1046 dicere.
1677 1015 1748 1046 Ideo
1799 1028 1818 1046 11.
1847 1029 1856 1040 α

977 1070 1024 1098 est
1038 1068 1196 1098 secundus
1213 1068 1325 1098 modus
1346 1068 1484 1103 dicendi,
1506 1068 1591 1107 quod
1607 1069 1750 1099 sacerdos

978 1121 1112 1151 absolvit
1136 1130 1199 1151 non
1224 1123 1348 1151 tantum
1375 1121 1414 1151 ab
1440 1121 1498 1151 1100
1522 1121 1669 1159 ν11101110,
1696 1121 1749 1151 sed

979 1174 1074 1203 etiam
1085 1182 1103 1203 a
1114 1182 1206 1212 poena
1219 1173 1414 1212 purgatoria,
1428 1173 1557 1212 ligando
1573 1173 1611 1204 ad
1624 1182 1750 1212 poenam

979 1227 1216 1257 satist-actoriam
1233 1235 1240 1256 :
1259 1226 1312 1256 sed
1332 1236 1397 1256 non
1414 1227 1506 1256 solvit
1522 1227 1660 1266 aliquam
1676 1235 1750 1266 par-

980 1282 1044 1309 tem
1070 1288 1171 1318 poenae
1195 1279 1382 1316 relaxando,
1408 1279 1460 1309 sed
1481 1279 1584 1309 solum
1606 1288 1748 1310 commu-

981 1331 1075 1361 tando
1093 1343 1099 1361 2
1117 1334 1147 1362 et
1167 1332 1227 1362 hoc
1243 1333 1302 1362 sul)
1324 1332 1516 1369 conditione,
1534 1332 1560 1361 si
1577 1333 1681 1371 explet
1701 1341 1749 1362 sa·

982 1385 1187 1414 tiss-actionem
1203 1385 1389 1423 injunctam.
1407 1385 1465 1415 Sed
1478 1385 1503 1414 si
1516 1385 1569 1415 illa
1584 1385 1751 1415 satisfactio

982 1438 1021 1467 sit
1035 1437 1206 1475 condigna,
1221 1438 1354 1467 absolvit
1367 1447 1385 1467 a
1396 1440 1474 1475 tota3
1492 1438 1516 1467 si
1529 1447 1604 1475 non,
1618 1438 1752 1468 absolvit

983 1500 1000 1519 a
1015 1492 1101 1520 tanta
1118 1499 1124 1520 :
1143 1493 1173 1520 et
1189 1491 1275 1528 ideo,
1299 1491 1324 1520 si
1349 1493 1489 1529 peccator
1513 1491 1666 1521 moriatur
1682 1493 1753 1521 ante

983 1543 1252 1582 complementum
1298 1544 1515 1573 satisfactionis
1559 1544 1724 1582 condigna}
1743 1568 1750 1581 ,

983 1599 1105 1636 oportet
1127 1606 1202 1627 eum
1225 1597 1331 1636 puniri
1354 1597 1386 1626 in
1407 1597 1602 1636 purgatorio.
1621 1596 1682 1627 Sed
1698 1606 1755 1627 nec

984 1651 1062 1681 illud
1083 1651 1199 1680 sufficit
1220 1651 1339 1687 adhuc,
1363 1651 1436 1689 quia
1458 1650 1515 1679 iste
1529 1652 1673 1689 peccator
1688 1653 1756 1690 post

985 1702 1216 1733 absolutionem
1226 1703 1366 1733 divinam
1378 1711 1440 1732 non
1452 1702 1572 1741 ligatur
1580 1702 1619 1732 ad
1630 1712 1755 1741 pcenain

985 1755 1205 1795 purgatoriam
1223 1755 1338 1793 magis,
1354 1764 1449 1794 quain
1466 1755 1503 1785 ad
1520 1755 1624 1785 aliam.
1644 1755 1682 1785 Et
1698 1755 1757 1785 1100

986 1810 1080 1847 patet,
1095 1808 1171 1846 quia
1184 1809 1307 1838 tantum
1322 1809 1422 1846 potest
1435 1808 1564 1845 conteri,
1580 1808 1662 1847 quod
1675 1808 1757 1838 Deus

987 1862 1088 1890 totum
1104 1860 1247 1897 remittit,
1261 1862 1292 1890 et
1305 1860 1410 1889 statim
1425 1860 1561 1890 evolabit
1577 1869 1584 1890 :
1602 1870 1679 1899 ergo
1695 1870 1758 1891 non

987 1914 1110 1951 oportet
1124 1912 1208 1951 quod
1223 1912 1310 1942 illam
1325 1915 1508 1943 commutet.
1533 1913 1570 1943 Et
1585 1913 1698 1944 iterum
1709 1937 1716 1951 ,
1733 1914 1758 1943 si

988 1974 1051 1995 non
1064 1965 1136 1995 facit
1150 1965 1210 1994 nisi
1225 1967 1438 2003 commutare,
1456 1967 1485 1995 et
1500 1965 1578 2004 ligat
1593 1966 1632 1996 ad
1649 1966 1758 1996 condi—

989 2026 1102 2056 gnam,
1128 2026 1207 2056 ergo
1229 2017 1355 2047 nullum
1377 2019 1514 2048 fructum
1530 2021 1668 2058 reportat
1687 2018 1759 2049 inde

989 2070 1156 2108 poenitens,
1180 2072 1210 2100 et
1234 2079 1290 2108 pro
1310 2070 1408 2101 nihilo
1429 2071 1544 2101 dicitur
1564 2072 1604 2111 (a)
1624 2083 1630 2102 :
1649 2072 1717 2111 Eyo
1733 2075 1760 2103 te

990 2122 1114 2154 absolvo
1142 2122 1180 2154 ab
1205 2122 1349 2154 omnibus
1372 2124 1522 2162 peccatis.
1550 2124 1626 2160 Quae
1654 2125 1761 2155 omnia

990 2184 1110 2215 magna
1135 2177 1210 2205 sunt
1238 2175 1509 2214 inconvenientia3
1541 2179 1615 2207 sunt
1643 2180 1673 2207 et
1701 2177 1761 2207 alia

991 2236 1062 2267 quae
1078 2227 1268 2258 omittuntur
1284 2229 1445 2259 brevitatis
1460 2239 1564 2260 causa.
1581 2230 1616 2260 Et
1630 2230 1700 2260 ideo
1716 2233 1761 2260 est

991 2281 1102 2310 tertius
1129 2280 1239 2310 modus
1261 2280 1381 2311 dicendi
1406 2282 1510 2320 magis
1532 2292 1688 2313 consonus
1709 2292 1758 2313 ra-

991 2334 1081 2370 tioni⁷
1097 2335 1127 2363 et
1140 2333 1212 2363 fidei
1229 2334 1347 2372 pietati,
1362 2334 1448 2373 quod
1463 2335 1608 2365 sacerdos
1622 2335 1759 2375 aliquam

992 2389 1112 2426 partem
1128 2395 1230 2426 poenae
1245 2387 1435 2418 absolvendo
1449 2388 1579 2418 dimittit
1592 2398 1631 2419 ex
1646 2389 1676 2419 vi
1696 2389 1760 2418 cla—

993 2440 1096 2476 vium3
1112 2442 1142 2470 et
1152 2439 1211 2470 hoc
1224 2449 1392 2478 possumus
1403 2440 1580 2479 intelligere
1593 2442 1654 2471 sic:
1670 2441 1758 2480 quia¹

994 2494 1149 2524 universae
1164 2493 1225 2523 vice
1239 2493 1371 2524 Domini
1391 2494 1612 2525 misericordia
1632 2498 1660 2525 et
1680 2494 1761 2525 veri-

995 2548 1061 2584 tas,·
1083 2547 1114 2576 et
1136 2545 1205 2575 ideo
1229 2546 1260 2575 in
1278 2546 1520 2585 justificatione,
1538 2556 1609 2586 quae
1625 2548 1669 2576 est
1683 2554 1763 2584 opus

996 2598 1236 2636 misericordiae,
1256 2598 1469 2630 misericordia
1485 2599 1528 2630 sic
1547 2598 1678 2630 remittit
1694 2597 1763 2628 cul-

1029 2661 1062 2689 (ιι)
1081 2661 1141 2683 cwt.
1161 2659 1223 2682 eclzt.
1239 2660 1306 2683 divit.

1772 1606 1865 1633 Improb-

1776 2241 1852 2268 Opinio
1861 2243 1880 2262 3.

1778 2452 1881 2479 Elplicat.
