1991 3006
68 1349 170 1369 Fundam*

185 203 241 231 316

185 269 253 298 tur:
269 268 320 298 sed
333 267 500 306 repudium
511 276 574 297 non
591 266 819 306 prohibebatur
833 265 865 295 in
880 264 950 295 illa:

187 329 278 357 ergo,
295 322 352 349 etc.

225 376 252 404 3.
276 373 351 402 Item
375 372 495 416 licitum
511 375 557 403 est
571 382 664 404 omne
679 372 760 412 quod
777 371 885 402 divina
905 371 952 400 in-

187 426 355 466 spiratione
370 426 538 456 mandatur
555 435 561 455 z
577 426 629 456 sed
645 426 766 465 Moyses
782 424 889 454 divina
903 423 951 453 iu-

187 479 357 518 spiratione
372 478 496 508 afflatus
510 479 594 509 dedit
616 479 720 515 legen]
746 479 778 507 in
802 478 952 508 Deutero—

187 532 305 569 nomio,
318 531 349 561 in
363 540 436 570 qno,
450 531 606 570 vigesimo
621 534 733 571 quarto
748 531 859 570 capite,
876 539 954 569 prae-

186 585 260 624 cipit
288 584 431 615 libellum
461 585 582 624 repudii
612 585 678 615 dari
696 594 702 614 :
726 593 805 622 ergo
830 583 955 613 videtur

186 637 269 676 quod
285 637 324 667 sit
339 637 472 667 licitum.

225 694 255 722 4.
279 691 354 721 Item
378 691 500 721 licitum
529 694 576 721 est
602 691 684 730 quod
717 692 746 719 tit
778 689 954 720 rationabili

187 754 282 775 eausa
298 755 304 774 :
322 744 375 774 sed
392 744 588 774 rationabilis
608 754 703 774 cansa
723 746 767 773 est
794 745 827 773 nt
848 743 955 772 odiosa

186 798 317 827 societas
339 799 520 836 separetur,
542 797 679 827 maxime
700 797 826 836 quando
854 796 957 834 surgit

187 860 227 880 ex
254 859 349 880 causa
375 849 515 880 exterius
544 852 691 879 movente
716 861 721 879 ς
748 859 827 888 ergo
852 850 877 879 si
907 849 956 879 vir

187 907 316 944 propter
330 903 560 934 deformitatem
576 903 709 934 habebat
730 913 862 934 uxorem
879 913 954 934 exo-

187 966 267 995 sam,
285 957 421 992 videtur,
437 958 496 986 etc.

229 1013 257 1040 5.
283 1010 359 1040 Item
378 1009 430 1040 lex
450 1010 644 1040 matrimonii
672 1010 835 1049 perses-lior
850 1012 896 1039 est
923 1009 954 1039 in

189 1073 284 1101 nova,
296 1073 392 1103 quam
407 1063 439 1093 in
450 1063 546 1093 veteri
559 1072 566 1093 :
580 1063 632 1093 sed
645 1063 676 1092 in
686 1072 769 1093 nova
778 1063 898 1092 licitum
910 1065 953 1092 est

188 1118 228 1147 ab
254 1126 354 1147 uxore
373 1117 509 1156 separari
530 1116 634 1155 aliqua
656 1117 692 1146 de
714 1126 824 1150 cansa,
845 1118 958 1155 utputa

186 1180 279 1201 causa
301 1169 515 1199 fornicationis
537 1181 542 1199 :
567 1178 646 1207 ergo
670 1169 795 1199 videtur
818 1169 902 1208 qnod
926 1169 957 1198 in

187 1224 259 1262 lege
274 1222 371 1253 veteri
385 1222 474 1252 licuit
486 1222 591 1261 aliqua
604 1222 641 1252 de
663 1231 757 1252 causa
778 1221 846 1251 sieri
862 1230 958 1260 repu-

186 1278 285 1308 dium.

230 1331 347 1361 Contra
362 1342 368 1361 :
384 1330 467 1362 Nihil
483 1332 529 1359 est
543 1329 676 1366 licitum,
692 1328 775 1368 quod
791 1331 837 1358 est
851 1330 959 1358 contra

188 1384 329 1414 divinam
356 1384 604 1414 institutionem:
630 1382 683 1412 sed
712 1382 885 1412 divortium
913 1384 959 1411 est

189 1439 298 1468 contra
309 1438 447 1468 divinam
462 1436 702 1473 institutionem,
715 1435 791 1475 quia
801 1435 882 1465 Deus
890 1444 959 1464 eon-

185 1491 295 1529 junxit
305 1490 483 1521 masculum
497 1492 527 1520 et
542 1489 706 1519 feminam:
724 1488 776 1519 sed
788 1497 866 1527 quos
877 1488 959 1518 Deus

189 1545 376 1584 conjunxit,
394 1544 490 1574 homo
513 1552 658 1583 separare
683 1551 745 1572 non
765 1542 855 1572 debet
881 1552 887 1571 z
908 1550 956 1570 er-

188 1608 241 1637 go,
259 1600 318 1628 etc.

229 1651 310 1681 Item
326 1650 405 1680 nihil
421 1652 467 1681 est
483 1651 613 1688 licitum,
631 1650 716 1689 quod
730 1651 775 1679 est
787 1651 895 1679 contra
907 1650 960 1687 jus

190 1706 332 1735 natnrae:
350 1704 402 1734 sed
418 1706 540 1734 naturae
552 1705 606 1743 Jns
621 1704 725 1740 dietat,
741 1705 776 1733 ut
790 1711 855 1732 non
871 1702 961 1732 faciat

194 1758 267 1797 quis
283 1757 347 1795 alii,
359 1757 441 1797 quod
457 1757 515 1787 sibi
531 1766 593 1787 non
609 1757 678 1787 vult
692 1756 778 1786 fieri:
796 1765 873 1795 ergo
888 1765 960 1785 cnm

190 1811 241 1841 vir
258 1810 353 1841 nollet
367 1811 524 1850 repudiari
543 1811 710 1847 abnxore,
729 1818 793 1839 non
807 1809 898 1839 debet
912 1818 960 1838 re-

187 1864 317 1903 pudiare
329 1873 411 1894 eam.

231 1917 311 1947 ltem
327 1917 408 1947 nihil
424 1917 505 1954 licet,
522 1917 553 1946 in
567 1925 629 1955 quo
643 1918 689 1946 est
705 1918 868 1955 peccatum
885 1924 892 1944 ε
909 1915 961 1945 sed

194 1971 224 2001 in
242 1971 380 2001 divortio
391 1974 437 2001 est
451 1973 626 2010 peecatum,
638 1970 712 2010 quia
727 1969 801 2000 dicit
816 1969 963 2008 Chrysos-

195 2026 311 2061 tonius,
329 2024 412 2063 qnod
428 2024 481 2062 qui
497 2023 670 2053 secundum
692 2022 795 2060 legem
819 2021 960 2058 dimittit,

197 2079 334 2115 quatuor
357 2077 525 2107 committit
555 2075 757 2115 iniquitateS‚
779 2074 853 2113 quia
880 2074 964 2113 apud

198 2129 293 2159 Deum
306 2131 352 2159 est
365 2129 533 2167 homicida,
546 2132 603 2159 etc.

238 2183 313 2213 Item
331 2184 435 2222 major
449 2186 494 2213 est
506 2183 584 2213 unio
601 2183 661 2213 viri
677 2185 706 2213 et
721 2182 831 2212 uxoris
842 2206 850 2219 ,
867 2191 963 2221 quam

197 2237 293 2276 patris
308 2239 337 2266 et
353 2236 421 2273 filii,
439 2236 513 2275 quia
525 2236 639 2266 dicitur
651 2236 660 2252 ¹
678 2236 861 2274 :Relinquet
875 2235 964 2266 homo

194 2294 320 2329 patrem
334 2293 361 2321 et
377 2293 520 2328 matrem,
536 2293 594 2320 etc.
612 2290 671 2321 Sed
690 2290 768 2320 nulli
784 2289 855 2319 licet
868 2298 964 2328 repu-

194 2343 280 2373 diare
298 2343 335 2381 (a)
355 2353 361 2373 z
381 2352 469 2381 ergo,
488 2346 545 2373 ete.

238 2396 315 2426 Item
332 2396 516 2427 auctoritate
533 2396 655 2427 Domini
667 2398 695 2426 ²:
713 2397 783 2428 Non
798 2395 868 2427 licet
883 2403 964 2426 uxo-

197 2458 261 2481 rem
277 2449 435 2480 dimittere
456 2450 489 2488 tbi
503 2473 510 2483 ,
527 2453 658 2488 eoecepta
669 2458 767 2481 consa
783 2449 966 2488 fornicatio-

199 2504 271 2534 nis:
286 2503 338 2533 sed
355 2505 482 2542 propter
497 2503 582 2532 illam
602 2512 664 2533 non
685 2505 751 2533 erat
772 2502 963 2537 divortium,

197 2556 262 2586 imo
292 2556 406 2586 mulier
433 2555 644 2596 lapidabatur3
673 2565 729 2586 nec
756 2555 816 2585 alia
845 2563 937 2585 causa
959 2564 965 2584 :

199 2618 278 2648 ergo
293 2618 459 2649 nunquam
474 2609 532 2639 fuit
542 2608 673 2639 licitum.

233 2674 236 2685 ¹
253 2674 348 2702 fimes„
364 2678 393 2703 11,
407 2673 444 2695 24.
456 2684 484 2688 -—-
500 2672 506 2684 '¹
520 2671 618 2701 Matar,
636 2677 687 2700 mx,
703 2672 725 2693 0.

742 197 1048 229 SENTENTIARUM
1069 196 1141 228 LIB.
1165 196 1212 227 IV.

1280 326 1502 359 CONCLUSlO.

1008 412 1157 446 Repudium
1182 414 1272 439 umoris
1290 421 1425 447 nunquam
1445 414 1501 446 fuit
1524 414 1643 444 licitum,
1671 415 1698 438 ul
1724 414 1780 439 sine

1044 457 1122 490 rulpa
1138 458 1227 489 fieret,
1247 457 1291 483 sed
1305 458 1365 484 bene
1380 460 1408 483 ut
1430 459 1486 484 sine
1500 465 1597 492 poena:
1611 458 1676 491 quia
1692 464 1778 490 quan-

1044 501 1127 534 doque
1139 500 1186 534 jus
1200 508 1249 526 uon
1265 502 1404 535 puniebat.

1051 584 1138 624 ltesp.
1157 584 1196 614 ad
1208 594 1278 623 arg.
1306 584 1476 615 Dicendum
1493 584 1587 623 quod,
1605 583 1780 614 secundum

1008 639 1091 677 qnod
1106 638 1177 668 dicit
1193 638 1343 669 Dominus
1355 663 1362 675 ,
1382 638 1550 678 repudium
1566 638 1676 668 uxoriS
1696 646 1778 667 nun-

1009 700 1103 730 quam
1116 691 1236 721 licitum
1259 692 1315 721 suit
1328 715 1336 728 ‚
1354 694 1389 721 ut
1405 692 1472 721 sine
1488 691 1581 730 culpa
1601 691 1704 728 tieret;
1722 690 1781 720 fuit

1010 747 1114 774 tamen
1138 744 1257 774 licitum
1271 769 1277 779 ,
1302 747 1336 775 ut
1362 746 1448 775 tieret
1468 745 1536 774 sine
1563 753 1665 783 poena.
1693 743 1780 774 Unde

1010 796 1126 835 aliquid
1143 796 1234 827 licere
1245 797 1349 834 alicui,
1359 797 1420 827 hoe
1430 800 1475 827 est
1487 797 1604 836 duplici
1615 797 1652 827 de
1667 806 1777 827 causa:

1010 852 1062 879 ant
1075 850 1221 888 quianon
1234 850 1341 880 obviat
1353 851 1435 889 juris
1444 849 1610 887 rectitudo,
1623 851 1652 879 et
1669 849 1780 890 sicnon

1012 903 1070 933 snit
1086 903 1251 942 repudiinn
1275 903 1411 940 licitum3
1426 906 1480 933 ant
1506 902 1581 942 quia
1595 911 1660 932 non
1675 902 1783 932 obviat

1007 958 1090 996 juris
1105 957 1238 997 punitio,
1255 959 1285 987 et
1300 957 1359 987 hoc
1370 957 1464 987 modo
1483 956 1573 986 licuit
1587 964 1722 986 uxorem
1738 964 1783 985 re-

1012 1011 1153 1050 pudiare,
1165 1011 1239 1050 quia
1249 1013 1323 1040 tunc
1335 1020 1398 1040 non
1407 1009 1636 1048 obviavitjmis
1648 1009 1780 1048 punitio.

1056 1068 1064 1094 l
1085 1067 1115 1094 et
1130 1067 1159 1094 -2,
1181 1064 1226 1094 Ex
1252 1064 1310 1093 hoc
1338 1064 1437 1101 igitur
1451 1065 1535 1102 patet
1559 1062 1644 1102 quod
1659 1062 1781 1101 objicit,

1012 1117 1095 1156 quod
1111 1126 1174 1147 non
1191 1117 1340 1156 puniebat
1354 1117 1404 1147 lex
1421 1115 1537 1156 Moysi,
1554 1125 1612 1146 nee
1633 1114 1781 1155 prohibe-

1013 1171 1065 1200 bat
1081 1180 1087 1200 :
1107 1170 1254 1209 quamvis
1271 1171 1355 1199 enirn
1371 1170 1420 1199 lex
1439 1169 1537 1208 Moysi
1559 1178 1623 1198 non
1640 1168 1784 1208 prohibe-

1014 1226 1073 1261 ret,
1091 1224 1165 1262 quia
1180 1232 1243 1252 non
1261 1223 1443 1253 decreverat
1458 1222 1571 1261 punire
1584 1233 1591 1258 ;
1606 1223 1712 1251 tamen
1734 1221 1782 1250 ni-

1014 1276 1186 1307 hilominus
1194 1276 1245 1306 lex
1260 1278 1394 1313 naturae,
1409 1284 1465 1305 seu
1476 1277 1511 1312 (c)
1523 1275 1680 1305 dictamen
1690 1273 1785 1304 ratio-

1015 1330 1062 1359 nis
1078 1329 1272 1359 eontrarium
1287 1329 1422 1359 dicebat.

1055 1386 1083 1412 3.
1110 1383 1154 1413 Ad
1175 1382 1253 1412 illud
1277 1382 1358 1421 quod
1380 1381 1544 1420 objicitur,
1563 1381 1647 1420 quod
1664 1379 1785 1420 Moyses

1015 1436 1155 1473 mandat,
1167 1436 1337 1465 dicendum
1349 1435 1433 1474 quod
1450 1434 1571 1474 Moyses
1583 1433 1702 1473 aliquid
1716 1442 1784 1473 pro-

1015 1489 1118 1519 hibuit
1134 1489 1165 1518 in
1181 1488 1324 1528 repudio,
1341 1488 1458 1527 aliquid
1476 1487 1650 1522 mandavit,
1668 1486 1785 1526 aliquid

1016 1542 1158 1583 permisit
1175 1551 1182 1572 :
1199 1541 1363 1582 prohibuit
1384 1550 1516 1571 uxorem
1542 1540 1698 1570 dimittere
1718 1539 1787 1570 sine

1016 1605 1128 1632 causa3
1147 1595 1288 1634 permisit
1304 1603 1437 1624 uxorem
1453 1593 1609 1623 dimittere
1632 1602 1671 1623 ex
1693 1602 1798 1623 cansa.

1017 1648 1175 1685 t'oeditatiS,
1189 1650 1219 1678 et
1232 1647 1381 1687 praecepit
1393 1646 1536 1676 libellum
1552 1645 1636 1676 dari:
1649 1648 1681 1675 et
1694 1645 1725 1675 in
1737 1645 1787 1675 da-

1018 1704 1100 1733 tione
1123 1702 1217 1733 libelli
1240 1711 1303 1732 non
1324 1703 1391 1732 erat
1413 1703 1593 1740 peccatum,
1611 1698 1663 1729 sed
1685 1699 1717 1728 in
1741 1698 1786 1729 di-

1018 1756 1176 1792 missione,

1057 1812 1086 1839 4.
1114 1809 1160 1839 Ad
1184 1808 1261 1839 illud
1280 1807 1364 1848 quod
1385 1806 1535 1846 oincitur
1559 1805 1597 1835 de
1622 1814 1717 1835 causa
1738 1814 1787 1835 ra-

1018 1862 1171 1900 tionabili,
1189 1861 1359 1891 dicendum
1374 1859 1459 1899 quod
1474 1859 1523 1889 vir
1539 1860 1569 1888 et
1578 1867 1660 1888 uxor
1676 1857 1789 1887 indivi-

1018 1915 1152 1946 dualiter
1178 1915 1418 1954 conjnnguntur
1446 1922 1464 1942 a
1489 1911 1550 1942 Deo
1575 1922 1581 1941 z
1610 1910 1680 1940 ideo
1704 1909 1792 1940 nulla

1018 1971 1119 2008 potest
1129 1978 1196 1998 esse
1210 1976 1305 1997 causa
1320 1965 1539 2006 separationiS,
1557 1963 1660 2004 quoad
1677 1963 1789 1993 vincu-

1018 2021 1104 2059 lu1n3
1122 2021 1175 2050 sed
1196 2020 1298 2060 quoad
1326 2019 1465 2049 debitum
1490 2020 1591 2057 potest
1610 2026 1676 2047 esse
1697 2025 1790 2046 eausa

1019 2075 1157 2104 defectus
1175 2073 1259 2110 fidei,
1278 2073 1352 2112 qnia
1374 2081 1458 2101 nnus
1483 2081 1547 2101 non
1571 2072 1676 2101 servat
1700 2070 1790 2100 alteri

1019 2127 1113 2158 fidem
1132 2138 1137 2156 :
1156 2129 1186 2157 et
1201 2126 1275 2166 quia
1288 2126 1346 2155 ista
1360 2127 1435 2155 tunc
1448 2134 1511 2155 non
1526 2124 1585 2154 fuit
1599 2132 1706 2160 causa,
1720 2123 1790 2153 ideo

1020 2180 1107 2211 nulla
1123 2180 1180 2210 t'uit
1196 2178 1391 2209 rationabilis
1405 2187 1509 2208 causa.

1061 2233 1252 2264 5.Ultimum
1261 2241 1336 2262 vero
1348 2233 1443 2271 patet,
1463 2230 1549 2269 11¹2th
1568 2229 1685 2269 patebit
1698 2229 1790 2266 infra,

1021 2287 1095 2326 quia
1107 2286 1269 2316 fornicatio
1286 2287 1385 2324 potest
1401 2293 1469 2314 esse
1490 2283 1582 2319 ratio,
1600 2291 1697 2322 quare
1710 2291 1793 2313 uxor

1021 2350 1085 2371 non
1101 2340 1196 2380 possit
1211 2340 1280 2369 viro
1300 2339 1440 2369 debitum
1456 2337 1606 2373 reddere,
1621 2338 1658 2365 ut
1675 2335 1709 2365 in
1724 2343 1792 2374 quo

1023 2396 1127 2434 percat
1152 2393 1233 2432 quis.
1255 2393 1287 2422 in
1315 2393 1374 2422 hoc
1401 2394 1431 2422 et
1457 2392 1643 2430 torqueatur
1661 2400 1667 2419 z
1685 2391 1716 2419 et
1740 2388 1793 2418 illa

1022 2447 1101 2477 ratio
1128 2449 1202 2476 tunc
1232 2446 1304 2481 fuit,
1325 2454 1390 2477 nec
1416 2444 1476 2474 alia
1504 2445 1605 2482 potest
1636 2451 1701 2472 esse
1728 2452 1735 2471 :
1764 2444 1794 2472 et

1024 2501 1103 2536 ideo⁷
1121 2502 1179 2529 ete.

1057 2599 1088 2627 (ιι)
1102 2597 1188 2628 Suppl.
1206 2599 1303 2627 patrem
1317 2596 1356 2619 vel
1371 2597 1478 2619 matrem
1500 2608 1527 2611 —
1541 2594 1572 2624 (b)
1590 2593 1662 2623 Vulg.
1681 2593 1794 2623 Quicum--

1024 2641 1069 2665 que
1085 2633 1211 2656 dimiserit
1235 2640 1335 2655 umorem
1350 2638 1449 2656 suam...
1470 2630 1614 2653 moechntur.
1630 2643 1660 2647 —
1681 2629 1711 2659 (c)
1731 2628 1794 2651 deest

1028 2677 1080 2692 svn.
1094 2681 1122 2686 -
1135 2668 1169 2697 (d)
1189 2670 1247 2691 (oel.
1261 2668 1320 2691 oda.
1334 2669 1369 2690 ut.

1800 912 1882 940 Explie.
