1991 3006
97 2325 202 2348 Fundam,

201 228 258 257 1284

201 293 238 323 d·-
255 289 427 321 substantia
450 287 656 318 deformitatis
678 285 837 322 resurget,
864 284 968 309 tamen

200 346 259 377 sub
271 344 391 375 ratione
407 340 659 382 pulchritudinis.

242 402 268 429 3.
293 398 338 429 Ad
361 396 438 427 illud
462 394 546 434 quod
566 392 726 433 obiicitur,
748 388 830 429 quod
851 385 971 426 perde-

200 452 374 483 formitates
389 451 528 480 meretur
547 447 655 477 anima
669 445 728 475 viri
749 442 827 482 justi
839 466 846 479 ,
862 440 970 470 dicen-

200 506 278 536 dum
293 504 376 545 quod
388 511 444 543 per
459 500 580 540 aliquid
595 498 709 529 mereri
726 498 770 526 est
784 493 967 533 dupliciter:

200 561 255 589 aut
278 557 362 597 quod
383 555 479 586 habet
502 551 772 593 imperfectionem
796 545 971 577 secundum

200 612 316 641 statum
339 608 460 646 meriti,
477 616 541 637 non
563 608 669 636 tamen
685 602 859 634 seeundum
879 606 970 629 5011111

200 664 336 694 formam
351 664 381 693 et
395 663 542 692 naturam
556 670 562 696 ;
577 661 630 689 aut
643 657 726 697 quod
743 655 837 685 habet.
852 653 969 692 imper-

200 717 366 747 fectionem
389 714 563 745 secundum
588 720 679 742 suam
702 711 862 744 naturam,
892 705 972 735 sicut

200 773 285 811 patet
315 770 399 810 quod
426 777 585 799 meremur
607 775 662 806 per
689 763 894 798 charitatem,
921 758 971 788 cui

200 825 282 855 inest
306 822 500 863 imperfectio
525 821 628 850 solum
653 818 773 848 ratione
797 817 915 850 status,
942 815 973 842 et

200 886 364 908 meremur
383 885 438 916 per
464 874 576 910 Iidem,
602 872 653 902 cui
676 871 757 900 inest
779 866 973 908 imperfectio

200 931 322 961 ratione
344 930 453 960 formae
469 939 476 958 ς
494 928 526 957 10
541 926 646 966 primo
659 929 905 954 remuneramur
918 927 973 958 per

201 985 271 1024 ers
293 982 515 1022 perfectionem
535 991 541 1016 ;
570 980 604 1009 in
628 976 766 1008 secundo
786 980 971 1005 remunera—

202 1046 276 1068 mur
294 1046 350 1076 per
371 1037 441 1075 ejus
463 1032 713 1067 evacuationem,
739 1029 814 1069 quia
839 1036 904 1057 non
927 1027 974 1055 est

201 1093 276 1121 nata
292 1089 369 1120 fides
393 1090 475 1118 stare
498 1095 570 1116 cum
591 1083 780 1125 perfectione
803 1080 969 1120 completa.

203 1144 262 1174 Per
285 1143 371 1173 hunc
396 1141 525 1171 modum
549 1139 582 1169 in
611 1135 825 1177 corporalibus
853 1134 973 1173 oportet

202 1197 338 1236 intelligi
351 1207 357 1226 2
374 1195 459 1226 unde
473 1203 547 1224 cum
557 1200 673 1231 corpus
686 1191 866 1220 humanum
878 1185 973 1216 statui

202 1249 400 1290 perfectionis
423 1256 489 1277 non
511 1246 669 1285 repugnet
690 1243 847 1282 quantum
863 1240 902 1270 ad
917 1248 975 1268 na-

202 1307 306 1334 turam
317 1327 324 1340 ,
342 1302 395 1332 sed
409 1302 566 1340 quantum
582 1298 619 1328 ad
637 1298 773 1331 statum,
792 1292 975 1324 deformitas

203 1366 278 1388 vero
294 1357 448 1396 quantum
469 1353 507 1384 ad
531 1351 692 1392 propriam
712 1357 803 1379 snam
820 1347 976 1377 rationem

203 1411 363 1450 repugnat
379 1406 579 1448 perfectioni,
602 1404 676 1434 hinc
695 1404 742 1433 est
761 1401 845 1441 quod
863 1409 977 1439 corpus

204 1463 296 1494 debet
310 1470 479 1500 resurgere
495 1461 525 1489 et
540 1457 677 1493 resumi,
700 1454 882 1486 deformitas
901 1460 977 1483 vero

205 1517 348 1546 minime.

245 1572 274 1599 Ιι.
293 1569 339 1599 Ad
356 1567 432 1597 illud
447 1565 531 1605 quod
551 1564 699 1603 objicitur
715 1562 753 1591 de
767 1559 976 1594 cicatricibus,

207 1622 373 1654 dicendum
385 1619 468 1660 quod
479 1621 535 1648 ant
545 1617 703 1647 cicatrices
715 1623 778 1644 non
791 1613 975 1650 resurgunt,

207 1678 261 1706 aut
279 1675 304 1705 51
319 1674 510 1712 resurgunt,
536 1671 578 1700 ita
598 1670 710 1699 facient
733 1667 772 1697 ad
788 1667 932 1696 decorem
948 1665 978 1693 et

209 1729 345 1768 gloriam
358 1727 485 1761 animae,
503 1723 586 1764 quod
602 1731 667 1752 11011
680 1722 825 1751 minuent
842 1717 979 1757 pulchri-

208 1782 351 1812 tudinem
363 1778 512 1818 corporis,
525 1777 600 1816 quia
611 1776 791 1813 frequenter
801 1771 874 1801 talia
888 1771 980 1809 signa

210 1835 346 1865 reddunt
368 1840 483 1871 corpus
504 1829 607 1868 magis
631 1828 781 1858 decorum
801 1836 807 1854 ε
830 1824 980 1863 qnoniam

210 1888 310 1927 igitur
325 1886 456 1916 cicatrix
471 1885 573 1924 potest
587 1890 693 1911 carere
705 1878 910 1918 turpitudine,
929 1876 982 1906 sed

210 1940 391 1971 deformitas
416 1946 541 1976 semper
566 1935 738 1969 deformat,
760 1932 830 1962 idco
851 1939 915 1960 11011
940 1930 983 1959 510

210 1992 359 2032 competit
381 1990 562 2022 deformitas
586 1986 773 2026 corporibus
797 1984 981 2020 electorum,

211 2050 247 2078 ut
261 2045 402 2077 cicatrix.

476 2138 656 2177 QUAESTIO
680 2136 717 2167 II.

256 2230 295 2255 An
315 2228 440 2255 damnati
458 2225 593 2258 resurgent
614 2229 671 2248 cum
691 2218 909 2253 deformitatibus
927 2219 944 2243 ¹.

260 2314 369 2345 Utrum
384 2310 595 2343 deformitates
610 2307 781 2345 resurgent
796 2305 828 2335 in
843 2303 983 2342 corpori-

216 2369 276 2399 bus
296 2367 536 2399 damnatorum,
564 2364 593 2392 et
609 2360 690 2401 quod
712 2360 773 2396 sic,
792 2358 917 2388 videtur
932 2364 988 2395 per

217 2419 437 2460 Augustinum
460 2420 471 2436 ³
494 2417 526 2446 111
555 2412 748 2446 ΕηεΙιὶνίάιό
771 2413 809 2451 (α)
834 2421 870 2441 :a
895 2408 987 2439 Nulla

217 2474 308 2505 debet
323 2480 389 2503 0550
404 2469 537 2510 quaestio
553 2468 589 2498 de
606 2465 851 2506 pulchritudine,
870 2462 926 2493 ubi
942 2464 989 2491 est

217 2526 371 2559 certitudo
398 2524 436 2554 de
466 2521 678 2553 damnatione.
704 2529 718 2546 »
741 2517 774 2548 Si
800 2526 878 2556 crgo
912 2514 988 2545 certi

251 2627 256 2639 ¹
273 2625 312 2655 Cf.
329 2624 354 2648 S.
370 2622 471 2650 Thom.,
489 2620 514 2642 10
527 2617 614 2648 suppl.
628 2623 654 2646 0.
671 2616 713 2644 Ill,
730 2621 874 2645 q.1.xxxv1‚
893 2616 940 2637 art.
958 2614 988 2642 1;

219 2659 345 2688 1110110111,
365 2658 394 2681 IV
415 2657 492 2685 Sena,
508 2654 564 2678 dist.
581 2658 650 2679 xmv,
666 2658 690 2682 q.
710 2657 750 2680 vi,
766 2651 856 2674 '1¹Iinin.
874 2650 988 2678 Argent„

220 2697 249 2720 tv
275 2696 352 2723 Sent.‚
377 2693 434 2716 dist.
456 2695 526 2720 κων,
550 2696 574 2719 q.
602 2694 623 2718 1,
646 2690 694 2711 1111.
717 2690 745 2716 23
772 2685 858 2715 Steph.
882 2683 986 2712 unslet„

761 210 1065 247 SENTENTIARUM
1088 211 1162 242 LIB.
1184 211 1233 242 lv.

1028 288 1153 315 sumus,
1183 278 1267 318 quod
1292 278 1415 318 reprobi
1445 278 1692 317 damnabuntur,
1721 283 1796 313 certi

1028 342 1140 363 51111105
1154 333 1247 363 ctiam
1270 333 1354 372 quod
1376 333 1611 372 pulchritudine
1630 344 1693 365 non
1709 335 1798 367 deco-

1029 386 1196 415 rabuntur.

1071 439 1147 469 Item
1163 448 1180 469 a
1196 439 1380 479 corporibus
1395 439 1619 471 damnatorum
1635 450 1697 471 non
1713 442 1799 473 tolle-

1028 495 1080 523 tur
1096 493 1235 530 tarditas,
1251 502 1309 523 nec
1322 493 1526 532 passibilitas:
1543 503 1622 533 ergo
1635 503 1691 525 nec
1701 494 1800 526 defor-

1030 547 1134 584 mitas,
1152 546 1306 576 consimili
1322 547 1456 577 ratione.
1474 546 1579 577 PrIma
1594 549 1695 586 patet,
1716 548 1800 588 quod

1029 599 1189 639 passibilia
1204 601 1299 629 erunt
1313 598 1535 630 damnatorum
1545 609 1675 640 corpora
1686 603 1715 631 et
1726 610 1799 641 gra-

1029 653 1099 683 via:
1118 661 1209 691 0130,
1225 655 1283 682 etc.

1071 705 1160 741 Item⁷
1177 705 1260 745 quod
1276 705 1490 736 deformitates
1506 706 1655 737 tollentur
1670 707 1710 737 ab
1725 707 1801 738 elec-

1030 759 1080 796 tis,
1102 759 1161 789 1100
1182 759 1295 795 gratim
1316 761 1361 788 est
1379 769 1385 787 t
1405 759 1457 788 sed
1478 759 1566 789 nulla
1592 760 1695 798 gratia
1710 760 1801 791 debet

1031 812 1098 841 fieri
1114 812 1287 841 damnatis:
1303 820 1382 850 ergo
1397 811 1435 841 ab
1451 812 1495 842 eis
1509 812 1722 843 deformitates
1736 821 1801 843 non

1031 865 1146 894 debent
1160 865 1288 894 auferri.

1074 918 1150 948 Item
1165 918 1378 948 deformitates
1392 918 1571 949 animarum
1583 920 1621 949 ab
1634 919 1803 949 animabus

1032 980 1095 1001 non
1112 971 1269 1002 tolluntur
1286 981 1293 1001 :
1318 980 1396 1010 ergo
1416 981 1473 1001 nec
1494 981 1511 1001 a
1531 972 1733 1011 corporibus,
1748 981 1803 1002 ra-

1032 1025 1116 1055 tione
1131 1024 1304 1061 consimili,
1322 1024 1386 1054 imo
1402 1034 1420 1054 a
1436 1034 1548 1062 eausa,
1566 1025 1641 1064 quia
1655 1025 1804 1055 deformi-

1032 1081 1079 1108 tas
1094 1077 1195 1116 culpae
1214 1080 1261 1107 est
1279 1087 1374 1108 causa
1388 1078 1594 1108 deformitatis
1609 1086 1721 1117 poenae.

1075 1131 1151 1161 item
1167 1140 1282 1170 corpus
1303 1131 1457 1161 damnatis
1477 1131 1645 1161 animabus
1663 1130 1805 1161 redditur

1034 1193 1097 1214 non
1112 1186 1240 1223 propter
1256 1184 1478 1222 perfectionem
1490 1209 1497 1222 ,
1520 1184 1572 1214 sed
1594 1186 1721 1223 propter
1735 1192 1803 1214 ma-

1031 1238 1135 1276 j0rem
1150 1237 1348 1276 punitionem
1367 1248 1373 1267 :
1398 1237 1451 1267 sed
1468 1236 1650 1267 deformitas
1667 1235 1806 1275 corporis

1034 1290 1188 1320 redundat
1204 1290 1236 1320 in
1252 1299 1379 1329 poenam
1394 1291 1512 1321 animae
1530 1301 1536 1319 z
1559 1299 1632 1320 eum
1647 1298 1727 1328 ergo
1741 1297 1806 1319 non

1034 1343 1145 1373 debeat
1162 1343 1195 1372 in
1211 1343 1256 1373 eis
1270 1352 1364 1382 poena
1380 1343 1496 1381 minui,
1519 1343 1572 1374 sed
1586 1342 1716 1382 augeri,
1741 1350 1806 1372 non

1035 1397 1125 1427 debet
1155 1406 1270 1436 eorpus
1300 1406 1411 1427 eorum
1436 1397 1689 1428 deformitatibus
1712 1395 1803 1433 exui,

1036 1451 1088 1481 sed
1100 1450 1236 1481 reindui.

1075 1503 1188 1533 Contra
1201 1514 1207 1533 t
1225 1506 1250 1533 I.
1270 1503 1487 1534 Deformitates
1501 1503 1532 1532 in
1544 1502 1658 1533 effectu
1672 1501 1807 1531 veniunt

1036 1565 1075 1585 ex
1096 1565 1201 1586 errore
1223 1556 1348 1586 virtutis
1366 1556 1566 1595 producentis
1584 1564 1590 1585 :
1609 1554 1661 1585 sed
1677 1563 1807 1594 corpora

1037 1610 1273 1647 resurgentium
1303 1609 1368 1639 sola
1392 1610 1493 1639 virtus
1524 1609 1631 1639 divina
1656 1607 1775 1638 reficiet
1798 1617 1805 1637 :

1037 1671 1114 1701 ergo
1137 1662 1161 1691 51
1182 1662 1234 1691 illa
1255 1671 1317 1692 non
1345 1665 1445 1702 potest
1470 1670 1592 1698 errare,
1615 1660 1808 1700 impossibile

1037 1717 1084 1745 est
1103 1716 1186 1754 quod
1205 1715 1342 1745 habeant
1363 1716 1605 1746 deformitatem.

1078 1769 1106 1797 ⁶2.
1126 1767 1203 1797 Item
1219 1768 1331 1798 artifex
1346 1769 1401 1808 qui
1417 1770 1563 1799 effectum
1578 1778 1651 1799 eum
1663 1768 1808 1800 deformi-

1039 1821 1155 1851 tatibus
1170 1821 1324 1860 producit,
1341 1831 1405 1852 non
1420 1822 1535 1852 dicitur
1544 1822 1744 1859 reformator,
1758 1821 1811 1852 sed

1039 1873 1232 1903 deforniator
1249 1885 1255 1904 :
1272 1883 1350 1913 ergo
1373 1875 1398 1904 si
1423 1874 1503 1905 neus
1525 1884 1658 1914 corpora
1678 1875 1811 1905 damna-

1039 1928 1145 1957 torum
1167 1935 1239 1956 cum
1262 1927 1513 1958 deformitatibus
1536 1928 1608 1958 facit
1631 1936 1811 1967 resurgere,

1041 1989 1103 2009 non
1120 1979 1212 2009 debet
1228 1979 1285 2009 dici
1303 1980 1501 2018 reformator,
1523 1981 1577 2012 sed
1596 1981 1788 2011 deformator
1804 1991 1811 2011 :

1041 2033 1095 2063 sed
1110 2033 1171 2063 hoc
1185 2035 1231 2063 est
1247 2034 1347 2064 facere
1367 2035 1426 2073 ipsi
1442 2035 1552 2065 artifici
1574 2034 1811 2073 contumeliam,

1042 2095 1114 2125 quse
1129 2086 1226 2124 longe
1241 2087 1332 2117 debet
1347 2097 1365 2117 a
1381 2088 1442 2118 Deo
1458 2089 1595 2127 relegari
1609 2099 1615 2119 ι
1632 2097 1711 2127 ergo
1725 2088 1813 2118 nullo

1043 2140 1137 2169 modo
1152 2149 1225 2169 cum
1241 2140 1493 2171 deformitatibus
1508 2141 1664 2181 producit.

1084 2195 1112 2222 3.
1130 2192 1208 2222 Item
1230 2193 1339 2232 optimi
1362 2196 1409 2224 est
1431 2195 1549 2233 optima
1569 2194 1764 2234 producere:
1789 2192 1816 2222 si

1044 2254 1122 2284 ergo
1137 2245 1277 2284 optimus
1292 2248 1338 2276 est
1353 2247 1477 2283 artifex,
1495 2256 1573 2285 ergo
1587 2247 1706 2286 optima
1720 2245 1817 2276 artifi-

1044 2300 1124 2329 ciata
1139 2299 1285 2338 producit
1305 2310 1311 2329 1
1329 2299 1382 2329 sed
1396 2300 1461 2339 ipse
1476 2302 1523 2330 est
1538 2300 1651 2330 artifex
1667 2299 1700 2329 10
1713 2307 1817 2329 10501-

1045 2352 1192 2388 rectione,
1210 2355 1239 2382 et
1253 2361 1387 2391 corpora
1402 2352 1555 2382 deformia
1568 2361 1631 2383 non
1642 2353 1717 2382 sunt
1736 2352 1816 2383 bene

1044 2406 1134 2443 facta,
1151 2415 1207 2435 nce
1225 2406 1369 2436 ordinata
1383 2417 1389 2436 ε
1405 2415 1493 2444 ergo,
1510 2408 1567 2436 etc.

1085 2461 1113 2489 4.
1133 2459 1209 2489 Item
1225 2461 1271 2489 est
1293 2459 1369 2489 ordo
1391 2459 1528 2499 partium
1550 2459 1583 2488 10
1597 2460 1680 2496 toto,
1697 2460 1727 2489 et
1740 2457 1817 2488 ordo

1045 2513 1090 2542 rei
1114 2512 1152 2542 ad
1182 2512 1278 2542 finem
1295 2523 1302 2549 3
1331 2515 1361 2543 et
1391 2512 1513 2552 primus
1540 2512 1666 2551 respicit
1693 2511 1818 2551 sapien-

1048 2596 1078 2620 IV
1096 2596 1174 2623 sent„
1186 2595 1242 2619 dist.
1258 2601 1331 2626 κων,
1341 2603 1366 2626 q.
1383 2601 1422 2626 vu
1441 2596 1506 2619 Pctr.
1522 2596 1552 2620 de
1565 2596 1677 2625 Tarum„
1691 2594 1722 2619 IV
1739 2594 1819 2620 Seni..

1047 2631 1105 2655 dist.
1119 2636 1226 2661 ,um-1.
1244 2636 1343 2655 101,-
1356 2632 1364 2644 ²
1375 2632 1429 2661 Aug
1442 2649 1449 2659 ,
1466 2631 1606 2661 Encl111·1'cl.,
1621 2637 1643 2654 c.
1658 2636 1721 2660 xcn,
1732 2636 1758 2653 0.
1779 2631 1817 2653 23.

1079 2680 1113 2709 (α)
1131 2679 1191 2702 Caet.
1206 2679 1269 2702 edre.
1283 2680 1349 2703 deest
1363 2686 1416 2710 per.
1433 2693 1462 2697 —
1474 2680 1505 2710 (b)
1522 2679 1694 2704 Enchiridion.

1825 1501 1854 1522 ,td
1873 1506 1915 1526 opp
1922 1515 1926 1519 .
