1991 3006
655 181 748 212 DIST.
766 179 873 211 XXVI.
901 179 984 210 λΡιΤ.
1008 181 1044 211 ll.
1069 181 1216 217 QUAEST.
1240 183 1276 213 11.

173 250 381 289 singularem.
414 248 669 288 Concupiscentia
692 249 786 278 etiam
812 247 940 278 inclinat

173 303 211 334 ad
233 302 487 340 delectationem,
507 311 572 332 non
592 302 630 331 ad
652 302 840 338 utilitatem,
865 300 940 339 quia

172 356 355 387 luxuriosus
378 365 442 386 non
465 357 579 394 quaerit
608 355 667 384 nisi
698 354 940 384 satisfactionem

172 410 372 449 appetitivae‚
397 418 452 438 sen
476 409 633 447 appetitus
657 407 822 437 sensitivi:
847 407 940 437 datur

172 471 249 502 ergo
272 462 375 501 gratia
399 461 431 491 in
456 461 676 497 matrimonio.
704 462 738 490 ut
760 469 824 489 11011
851 468 939 489 reco-

173 517 304 554 gnoscat
325 523 458 544 uxorem
475 513 535 543 nisi
550 516 677 552 propter
692 513 813 552 prolem
824 536 834 549 ,
853 514 883 542 et
897 512 939 542 ita

145 561 150 565 ”
171 567 348 598 excluditur
371 567 533 597 delectatio
556 567 736 606 appetitivae
760 575 815 605 per
841 575 939 605 copu-

169 621 234 651 lam
258 620 380 649 utilem.
405 619 482 650 Item
507 619 759 658 concupiscentia
780 620 938 650 fastidIum

169 675 300 712 generat
312 675 381 712 post
393 672 608 711 impletionem
623 683 629 702 2
644 672 729 702 unde
742 672 937 709 luxuriosus,

169 729 335 766 postquam
350 726 500 763 cognovit
514 735 630 763 unam,
653 725 739 755 illam
755 726 891 765 respuit⁷
909 729 940 756 et

169 779 256 810 vadit
275 779 314 809 ad
334 778 449 808 alium:
475 779 507 808 in
527 779 729 809 matrimonio
752 788 828 808 vero
847 779 939 809 datur

169 833 288 872 gratia,
306 834 343 862 ut
357 840 481 870 semper
495 832 569 862 velit
584 841 651 861 esse
666 841 739 861 cum
755 841 834 869 una,
851 833 881 861 et
898 832 939 862 ita

169 885 346 916 excluditur
362 885 523 915 variarum
546 885 798 923 concupiscentia
814 894 869 923 per
884 893 938 914 co-

169 939 277 978 pulam
302 938 554 978 inseparabssem.
580 937 628 968 Ex
652 937 764 976 copula
782 937 938 976 singulari

168 993 269 1035 oritur
291 992 411 1021 bouum
431 991 520 1025 fidei,
543 992 578 1020 ut
598 990 635 1019 ad
651 990 746 1019 aliam
768 1000 830 1019 non
851 999 937 1020 acce-

167 1045 230 1081 dat3
242 1054 281 1075 ex
296 1044 407 1082 copula
419 1044 502 1081 utili,
516 1044 635 1073 bonum
650 1043 756 1081 prolis3
773 1052 813 1072 ex
827 1043 938 1083 copula

167 1097 377 1136 inseparabili,
395 1097 512 1126 bonum
530 1096 726 1125 sacramenti.

207 1153 235 1180 1.
252 1150 298 1180 Ad
314 1150 390 1180 illud
407 1158 486 1188 ergo
501 1149 584 1188 quod
599 1149 756 1187 objicitur,
778 1148 937 1187 quomodo

166 1203 259 1233 efficit
276 1203 360 1243 quod
376 1203 513 1241 figurat,
534 1202 702 1232 dicendum
718 1202 801 1241 quod
819 1202 937 1240 figurat

166 1256 269 1296 primo
293 1256 546 1295 conjunctionem
570 1254 775 1284 animorum:
801 1256 831 1283 et
856 1254 937 1284 hanc

166 1310 260 1340 efficit
283 1318 347 1339 non
369 1308 472 1348 primo
495 1307 652 1343 uniendo,
676 1307 729 1337 sed
754 1307 857 1346 magis
879 1317 935 1337 au-

166 1363 287 1403 gendo,
304 1362 383 1392 sicut
401 1361 553 1392 confessio
568 1360 788 1390 contritionem
806 1371 812 1390 :
833 1363 861 1390 et
878 1361 936 1391 hoc

166 1417 281 1446 iterum
306 1414 540 1454 quodammodo
564 1413 659 1443 elficit
680 1414 936 1452 conjunctionem

165 1478 239 1500 cum
255 1469 336 1499 Deo:
359 1468 433 1507 quia
453 1467 479 1496 si
498 1467 679 1496 membrum
701 1467 844 1496 membro
868 1476 934 1496 ma-

166 1522 216 1561 gis
230 1521 350 1558 unitur,
370 1530 424 1560 per
439 1528 634 1558 consequeus
656 1522 686 1549 et
707 1520 810 1557 magis
823 1520 935 1549 unitur

165 1575 285 1606 Christo
300 1583 307 1604 :
323 1574 403 1604 sieut
417 1574 449 1603 in
466 1573 678 1609 Eucharistia,
699 1573 776 1602 dum
792 1574 935 1603 membra

165 1628 270 1667 magis
282 1627 438 1657 uniuntur
450 1625 582 1663 Christo,
598 1635 653 1664 per
665 1634 860 1664 consequens
873 1636 936 1656 ma—

165 1682 216 1721 gis
229 1681 384 1711 uniuntur
405 1679 443 1709 ad
464 1678 618 1715 invicem⁷
641 1678 725 1707 unde
745 1677 867 1708 Christo
882 1679 933 1708 in-

164 1736 382 1775 corporantur.
401 1732 438 1762 Et
453 1733 497 1761 sic
512 1734 596 1771 patet
610 1732 794 1761 differentia.

204 1790 232 1817 2.
250 1787 297 1818 Ad
312 1786 389 1817 illud
403 1785 487 1825 quod
502 1785 659 1824 objicitur,
677 1785 760 1824 quod
779 1788 853 1815 tunc
870 1794 935 1815 om-

162 1850 219 1872 nes
247 1841 395 1871 deberent
427 1839 567 1877 accipere
599 1847 731 1875 uxores,
765 1838 934 1868 dicendum

163 1894 245 1934 quod
268 1893 301 1922 in
322 1891 525 1922 matrimonio
540 1890 632 1919 datur
649 1890 751 1929 gratia
769 1890 807 1920 ad
831 1899 934 1920 rome-

163 1947 250 1977 dium
263 1969 271 1983 ,
286 1945 339 1974 sed
353 1945 385 1973 in
398 1945 470 1973 voto
482 1943 659 1982 disponitur
674 1943 780 1972 anima
795 1952 850 1981 per
863 1951 934 1981 gra-

163 1999 238 2029 tiam
252 1998 289 2028 ad
301 1996 466 2036 perfectius
476 1996 664 2026 remedium.
680 1995 767 2025 Unde
780 1995 853 2034 quia
867 2004 934 2034 per-

162 2052 272 2083 fectius
297 2051 405 2080 minus
429 2050 565 2089 perfecto
588 2051 635 2079 est
660 2049 930 2088 praeponendum,

162 2105 231 2135 ideo
249 2113 312 2134 non
328 2110 439 2133 omnes
454 2102 566 2133 debent
586 2102 723 2138 nubere3
746 2102 798 2132 sed
819 2102 932 2131 melius

162 2157 289 2193 faciunt,
301 2157 356 2196 qui
368 2158 485 2186 vovent
496 2155 732 2186 continentiam.
751 2154 811 2185 Sed
824 2156 898 2194 quia
908 2156 929 2192 ¹,

162 2220 225 2241 non
241 2219 350 2241 omnes
365 2210 493 2248 capiunt
507 2209 640 2238 verbum
650 2231 659 2244 ,
675 2208 745 2237 ideo
760 2210 932 2247 utrumque

163 2266 210 2294 est
229 2272 409 2303 congruum
424 2264 454 2292 et
477 2262 611 2297 honum,
627 2260 678 2290 vel
690 2260 728 2299 (a)
754 2260 931 2291 remedium

163 2317 229 2347 voti
244 2319 274 2347 et
292 2315 457 2355 religionis
469 2338 477 2351 ‚
500 2314 550 2345 vel
571 2314 748 2344 remedium
772 2314 931 2343 matrimo-

163 2369 255 2399 nialis
268 2368 509 2408 conjunctionis.

203 2424 232 2452 3.
253 2421 300 2451 Ad
312 2421 397 2451 aliud
418 2422 501 2460 patet
521 2419 681 2458 responsio
693 2427 702 2457 ;
723 2419 875 2458 quoniam
898 2420 931 2449 in

164 2478 356 2505 sacramento
366 2483 430 2504 non
441 2474 477 2503 fit
487 2472 696 2512 desponsatio,
707 2472 761 2503 sed
772 2473 930 2511 figuratur

163 2528 231 2567 ipsa
245 2527 442 2567 desponsatio
453 2551 460 2565 ‚
484 2535 556 2566 quae
573 2528 619 2555 est
648 2525 699 2555 Dei
719 2525 758 2555 ad
774 2525 927 2555 animam.

164 2579 223 2610 Sed
239 2579 438 2619 desponsatio
457 2588 529 2618 quae
549 2579 584 2608 fit
602 2580 632 2607 et
658 2578 779 2616 figurat
803 2578 860 2615 (b),
885 2580 930 2607 est

195 2641 311 2671 ¹Matth.,
329 2648 382 2671 xix,
398 2644 434 2666 11.

1708 190 1764 218 217

996 248 1196 289 desponsatio
1210 250 1269 280 viri
1295 253 1324 282 et
1339 253 1479 283 mulieris
1490 277 1498 291 ‚
1515 254 1569 284 ubi
1585 263 1642 293 per
1656 263 1764 285 conse-

995 311 1096 340 quens
1120 303 1213 333 datur
1234 305 1336 342 gratia
1356 306 1463 346 aliqua
1490 306 1529 337 ad
1556 307 1763 338 efficaciorem

997 355 1266 395 dssponsationem
1282 360 1312 387 et
1333 359 1483 389 unionem
1501 360 1600 399 ipsius
1623 360 1740 391 animae
1757 372 1762 390 ε

995 408 1055 438 hoc
1071 411 1177 438 tamen
1193 412 1239 439 est
1254 419 1293 439 ex
1308 413 1523 450 consequenti.

1034 463 1063 490 4.
1080 461 1126 491 Ad
1143 461 1218 491 illud
1231 463 1316 501 quod
1332 463 1445 494 ultimo
1461 465 1609 503 oincitur
1625 466 1663 496 de
1674 467 1766 498 simo-

995 514 1062 551 nia,
1087 515 1255 545 dicendum
1281 516 1365 555 quod
1392 518 1630 549 matrimonium
1656 521 1766 560 accipit

995 567 1149 597 rationem
1173 568 1403 607 spiritualitatis
1424 571 1454 599 et
1479 571 1590 608 gratiae
1605 596 1612 610 ,
1639 574 1766 612 quando

994 628 1166 650 consensus
1178 621 1329 660 jungitur
1344 622 1553 653 benedictioni
1569 648 1576 662 ,
1594 625 1647 655 ubi
1664 626 1766 666 expli-

994 674 1084 702 catur
1100 673 1309 711 significatio,
1326 677 1356 704 et
1371 676 1532 706 obtinetur
1548 686 1603 716 per
1619 679 1767 710 henedic-

994 726 1113 756 tionem
1130 727 1354 764 sanctificatio;
1372 730 1402 758 et
1417 729 1487 759 ideo
1504 730 1536 759 in
1552 724 1766 764 benedictione

994 779 1175 809 sacerdotali
1192 781 1333 811 consistit
1355 782 1434 811 ratio
1459 783 1631 821 spiritualis
1654 787 1764 824 praeci-

995 841 1068 871 pue.
1094 832 1173 863 Num
1197 834 1437 864 matrimonium
1464 835 1559 866 habet
1587 837 1706 876 aliquid
1730 839 1768 870 de

994 888 1157 915 contractu
1180 886 1361 917 voluntario
1377 911 1384 924 ‚
1410 890 1440 917 et
1462 898 1624 920 annexum
1645 893 1768 931 tempo-

993 938 1058 968 rale
1069 962 1077 975 ,
1093 941 1128 968 ut
1142 940 1313 978 temporale
1327 951 1333 970 t
1349 942 1380 969 et
1394 940 1461 970 ideo
1478 941 1503 970 si
1525 941 1638 981 aliquis
1654 944 1768 974 vende-

993 994 1040 1020 ret
1064 991 1335 1030 benedictionem,
1363 995 1445 1023 esset
1473 993 1682 1032 simoniacus;
1713 997 1766 1036 qui

993 1046 1099 1073 autem
1114 1046 1269 1075 consentit
1285 1046 1421 1076 finaliter
1438 1049 1566 1085 propter
1581 1049 1763 1087 pecuniam,

993 1098 1140 1136 quamvis
1156 1101 1271 1137 peccet⁷
1289 1109 1353 1129 non
1369 1101 1475 1130 tamen
1488 1101 1650 1139 judicatur
1666 1103 1764 1133 simo·

993 1150 1120 1187 niucus,
1154 1152 1291 1182 maxime
1315 1147 1389 1191 quia
1414 1153 1480 1192 ipse
1505 1163 1567 1184 non
1593 1157 1637 1184 est
1661 1165 1766 1186 sacra-

994 1205 1090 1233 menti
1107 1204 1314 1243 dispensator.
1332 1206 1370 1236 Et
1384 1209 1554 1245 praeterea,
1575 1208 1674 1238 multa
1690 1211 1767 1239 tem-

993 1256 1111 1294 poralia
1126 1260 1199 1287 sunt
1218 1258 1385 1296 adjuncta,
1410 1262 1445 1289 ut
1466 1262 1578 1290 mutua
1600 1261 1762 1300 eduffltio⁷

994 1312 1023 1339 ct
1038 1310 1177 1340 filiorum
1195 1312 1346 1342 enutritio
1357 1336 1366 1349 ,
1391 1315 1421 1342 et
1436 1313 1496 1343 alia
1512 1314 1619 1353 plura,
1643 1317 1673 1345 et
1695 1315 1765 1346 ideo

991 1361 1063 1392 licet
1079 1363 1165 1393 dotes
1182 1364 1322 1403 accipere
1337 1374 1344 1394 z
1360 1368 1389 1395 et
1399 1366 1470 1396 ideo
1486 1367 1512 1396 si
1525 1367 1595 1406 quis
1609 1377 1682 1397 cum
1697 1377 1764 1407 pac—

992 1415 1076 1445 tione
1102 1425 1229 1455 magnae
1251 1417 1331 1447 dotis
1356 1419 1544 1457 consentiat,
1573 1420 1762 1451 simoniacus·

992 1477 1056 1498 uon
1079 1471 1142 1506 est,
1169 1470 1244 1509 quia
1270 1471 1299 1500 id
1322 1475 1554 1502 sacramentum
1578 1474 1634 1503 etsi
1657 1474 1763 1513 aliquo

992 1521 1085 1551 modo
1105 1531 1177 1552 cum
1195 1523 1264 1553 aliis
1280 1525 1447 1554 conveniat
1461 1525 1493 1555 in
1514 1526 1693 1564 praestando
1713 1537 1762 1558 re-

993 1575 1133 1605 medium
1150 1600 1157 1612 ,
1174 1576 1269 1606 hahet
1281 1579 1387 1607 tamen
1400 1579 1524 1608 carnale
1534 1579 1675 1609 officium
1690 1589 1767 1610 con-

989 1629 1152 1667 junctum,
1165 1629 1287 1660 ratione
1302 1631 1433 1670 cujusin
1448 1633 1591 1671 pactione
1604 1642 1668 1663 non
1684 1633 1766 1664 cadit

991 1681 1088 1710 etiam
1111 1681 1143 1710 in
1165 1682 1279 1712 vitium
1300 1683 1528 1721 simoniacum,
1561 1685 1683 1715 etiamsi
1709 1686 1766 1716 ali-

990 1734 1065 1773 quid
1082 1734 1187 1771 detur;
1212 1735 1294 1765 cadit
1309 1738 1415 1766 tamen
1439 1737 1470 1766 in
1488 1739 1669 1776 peccatum,
1691 1739 1766 1778 quia

992 1789 1102 1817 contra
1133 1788 1269 1826 gratiam
1308 1789 1527 1828 desponsatur.
1557 1790 1632 1821 Haec
1659 1794 1765 1822 autem

991 1842 1093 1880 potuit
1109 1851 1175 1872 esse
1189 1843 1268 1872 ratio
1283 1867 1290 1880 7
1307 1852 1381 1882 quae
1397 1844 1501 1874 movit
1515 1844 1584 1874 illos
1604 1845 1658 1884 qui
1673 1845 1765 1876 dixe-

993 1896 1069 1924 runt
1083 1894 1115 1924 in
1132 1895 1191 1925 hoc
1204 1896 1341 1933 gratiam
1355 1905 1419 1926 non
1435 1897 1514 1927 dari.
1534 1897 1594 1928 Sed
1612 1899 1667 1938 qui
1681 1902 1766 1930 recte

990 1947 1059 1977 vult
1084 1948 1240 1986 respicere
1272 1951 1301 1978 et
1321 1949 1479 1988 judicare,
1511 1959 1636 1981 necesse
1670 1951 1765 1983 habet

990 1999 1163 2038 pretiosum
1181 2009 1199 2030 a
1223 2001 1277 2031 vili
1301 2010 1461 2040 separare,
1486 2003 1607 2034 ratione
1624 2014 1763 2044 quorum

989 2052 1113 2083 divers-1
1126 2053 1202 2083 huic
1218 2054 1253 2091 (c)
1277 2058 1474 2086 sacramento
1501 2057 1649 2087 convenit
1671 2058 1763 2088 attri—

989 2105 1102 2135 buere:
1121 2108 1151 2135 et
1166 2107 1245 2137 sacri
1259 2116 1394 2138 canones
1410 2109 1470 2138 hoc
1483 2109 1633 2147 innuunt,
1651 2110 1684 2140 in
1695 2111 1764 2150 qui-

989 2158 1047 2188 bus
1062 2159 1101 2188 ab
1116 2160 1247 2198 antiquo
1269 2163 1423 2190 statutum
1445 2162 1524 2200 fuit,
1550 2164 1586 2192 ut
1613 2163 1662 2193 vir
1689 2173 1762 2194 cum

988 2221 1087 2242 uxore
1101 2212 1133 2242 in
1151 2213 1253 2252 primo
1275 2213 1325 2243 die
1348 2214 1574 2245 benedictionis
1595 2217 1761 2247 carnaliter

988 2274 1051 2294 non
1067 2265 1164 2295 coiret
1180 2266 1220 2296 ob
1236 2267 1449 2297 reverentiam
1467 2268 1552 2298 illius
1567 2269 1760 2301 benedictio—

988 2317 1036 2347 nis
1050 2317 1212 2355 Ecclesiae,
1235 2328 1307 2358 quse
1330 2320 1390 2350 etsi
1407 2320 1551 2351 videatur
1569 2331 1695 2353 annexa
1709 2332 1758 2353 sa-

988 2373 1148 2401 cramento
1159 2395 1168 2409 ,
1186 2372 1297 2411 utique
1315 2375 1421 2403 tamen
1439 2374 1474 2404 fit
1488 2375 1523 2404 in
1539 2378 1696 2413 quantum
1712 2376 1758 2406 si-

987 2433 1087 2462 gnum
1103 2435 1108 2453 :
1123 2424 1156 2454 in
1172 2428 1329 2463 quantum
1339 2428 1446 2457 tamen
1461 2427 1555 2458 hahet
1571 2429 1752 2467 efficaciam,

986 2479 1017 2507 et
1042 2480 1088 2508 est
1109 2478 1376 2518 ecclesiasticum,
1397 2482 1516 2520 spectat
1538 2482 1576 2511 ad
1596 2483 1666 2521 ejus
1693 2491 1759 2512 esse

986 2531 1253 2570 complementum
1271 2541 1279 2562 ε
1296 2534 1327 2562 et
1342 2533 1385 2562 sic
1400 2535 1484 2572 patet
1500 2536 1612 2564 totum.

1019 2611 1049 2641 (a)
1066 2611 1126 2635 Caet.
1142 2611 1204 2635 edit.
1219 2618 1369 2643 congruum,
1387 2613 1426 2636 vet
1441 2613 1547 2642 bouum,
1564 2615 1596 2636 ct.
1610 2626 1639 2629 —
1650 2612 1682 2642 (b)
1698 2613 1758 2636 Item

987 2645 1116 2676 figuratur.
1128 2659 1157 2664 ——
1175 2646 1203 2676 (c)
1220 2647 1280 2671 Item
1296 2647 1392 2672 habuit.

1782 1215 1835 1235 Num
1856 1222 1886 1236 sa<

1781 1289 1789 1301 S

1781 1352 1785 1363 1

1794 1257 1829 1270 ror
1839 1252 1869 1271 tos

1793 1282 1805 1301 it
1818 1288 1886 1301 sacra-

1800 1313 1863 1332 menti

1788 1344 1886 1364 uati-imo-

1780 1379 1809 1398 nii
1825 1378 1886 1399 mini-

1789 1412 1838 1433 ster,
1850 1416 1875 1429 au

1789 1441 1819 1465 psi
1838 1447 1885 1462 con—

1789 1472 1874 1491 trahen-

1780 1504 1817 1521 tes.
