1991 3006
42 652 75 671 Ad
93 658 143 678 opp.

44 2250 106 2277 Opin.
130 2253 148 2271 1.

52 2623 140 2651 impr-b

548 203 644 235 DIST.
669 200 773 232 XXIV.
800 199 913 231 PART.
938 199 976 229 ll.
1001 198 1091 229 ART.
1118 198 1139 228 1.
1164 197 1315 235 QUAEST.
1339 198 1363 228 I.

159 282 279 311 ramur,
303 273 429 305 videtur
447 272 532 313 quod
549 272 583 302 in
601 270 750 301 omnibus
769 268 930 298 character

160 326 372 365 imprimatur.

201 379 279 410 Item
301 380 465 419 impressio
488 376 697 413 characteris,
731 375 797 405 sive
820 374 927 412 signa-

160 432 241 470 culi,
274 435 321 463 est
346 432 385 462 ad
410 431 642 462 distinctionem
669 427 843 458 secundum
869 426 928 455 ali-

160 495 254 525 quem
270 487 386 515 statum
402 496 408 515 :
426 484 478 515 sed
494 493 558 514 non
571 484 603 513 in
616 483 702 513 omni
718 480 827 511 ordine
842 479 929 518 poni-

160 541 212 569 tur
231 538 301 578 quis
318 538 351 568 in
370 540 454 568 statu
474 535 674 567 ministrandi
697 532 904 564 determinato
921 543 927 562 ε

159 600 236 630 ergo
250 591 284 621 in
298 591 386 621 omni
401 590 510 621 ordine
526 588 720 628 imprimitur
734 586 906 616 character.

200 644 313 675 Contra
327 655 334 674 :
359 647 386 674 1.
403 643 570 674 Character
586 644 632 671 est
646 638 849 679 signaculum
865 639 930 677 spi-

160 696 273 727 rituale
287 705 295 726 :
311 705 388 735 ergo
400 696 504 726 inillis
517 695 591 725 solis
602 693 809 733 imprimitur,
820 692 852 721 in
861 692 930 731 qui—

160 749 220 779 bus
228 750 322 780 datur
330 752 466 790 potestas
478 758 562 779 nova
574 751 604 778 et
614 746 800 787 spiritualis:
816 745 869 775 sed
880 754 931 784 po-

160 804 254 833 testas
269 803 414 833 omnium
431 801 579 832 ordinum
595 800 783 831 inferiorum
797 801 843 829 est
859 807 930 828 cor—

160 856 277 897 poralis
288 881 295 893 ,
318 859 354 887 01
375 856 496 896 aperire
511 855 626 885 ostium
639 878 646 891 ,
672 854 738 883 sive
753 852 908 883 custodire
920 875 929 889 ,

161 909 341 950 prophetias
356 909 458 939 dicere
468 932 475 945 ,
492 907 678 938 caudelabra
692 907 813 937 deferre
827 917 833 935 z
851 914 931 944 ergo

162 963 194 993 in
208 963 257 993 1115
272 962 360 992 nullo
375 962 468 992 modo
483 961 678 1001 imprimitur
692 960 864 990 character.

201 1018 230 1045 2.
252 1015 330 1045 Item
349 1015 510 1044 character
535 1016 582 1044 est
611 1012 816 1052 signaculum
846 1011 930 1051 quod

161 1069 296 1109 respicit,
313 1069 379 1099 sive
393 1068 478 1108 quod
489 1068 584 1098 habet
594 1067 735 1106 imprimi
746 1067 777 1096 in
789 1067 931 1105 imagine

160 1122 199 1153 ad
209 1122 473 1161 configurandam
484 1122 585 1161 ipsam
600 1120 661 1151 Deo
672 1131 678 1150 :
690 1120 742 1150 sed
752 1123 838 1150 actus
847 1129 929 1159 quo-

161 1176 310 1206 rumdam
324 1175 472 1206 ordinum
488 1174 591 1205 solum
605 1176 679 1204 sunt
695 1173 777 1204 clrca
788 1173 930 1203 ministe-

161 1229 210 1259 ria
225 1228 374 1259 inferiora
389 1239 395 1258 ;
412 1237 491 1267 ergo
507 1228 532 1257 si
549 1227 624 1258 talia
646 1236 712 1257 non
733 1229 874 1266 spectant
893 1226 932 1256 ad

162 1282 337 1321 imaginem
354 1281 605 1320 consignandam
620 1280 694 1317 Deo,
711 1283 806 1319 patet,
823 1282 881 1310 etc.

204 1337 232 1366 3.
250 1334 329 1365 Item
343 1334 507 1364 character
527 1336 574 1364 est
594 1333 727 1372 signum
742 1332 906 1363 indelebile
924 1342 931 1363 :

163 1397 241 1427 ergo
256 1387 282 1417 si
305 1387 433 1418 collocat
457 1387 621 1417 hominem
648 1387 680 1416 in
705 1386 811 1426 aliquo
836 1388 930 1424 statu,

163 1440 354 1480 impossibile
371 1442 418 1470 est
431 1440 470 1470 ab
493 1439 545 1469 1110
567 1441 651 1469 statu
675 1439 820 1469 recedere
832 1463 840 1476 ,
855 1440 932 1479 quin

165 1494 221 1524 fiat
235 1493 426 1524 contumelia
440 1495 636 1523 sacramento
656 1503 662 1522 ι
678 1492 731 1522 sed
742 1493 797 1532 qui
812 1495 885 1523 sunt
900 1494 933 1523 iu

162 1547 339 1577 minoribus
350 1546 514 1578 ordinibus
525 1546 698 1582 constituti,
710 1548 841 1585 possunt
851 1545 934 1576 licite

162 1600 265 1630 redire
285 1599 324 1630 ad
345 1599 461 1630 laicum
477 1600 517 1638 (a)
538 1610 544 1629 :
561 1608 638 1637 ergo
655 1599 687 1629 10
706 1599 751 1629 015
772 1599 934 1629 character

162 1662 227 1684 non
239 1653 445 1693 imprimitur.

202 1708 231 1736 4.
258 1706 336 1737 Item
359 1706 519 1736 character
538 1709 583 1736 est
605 1705 807 1745 signaculum
824 1714 933 1745 perpe-

162 1763 264 1797 tuum,
281 1761 364 1801 quod
376 1763 482 1791 manet
501 1760 533 1790 in
550 1760 655 1790 anima
671 1761 832 1799 separata:
857 1768 934 1798 ergo

161 1823 226 1845 non
236 1814 327 1844 debet
337 1813 479 1853 imprimi
487 1813 548 1843 nisi
559 1813 597 1843 ad
609 1815 715 1842 actum
725 1815 931 1852 perpetuum:

162 1867 214 1897 sed
230 1869 318 1898 actus
334 1867 548 1897 ministerialis
568 1866 702 1896 istorum
718 1866 867 1896 ordinum
882 1866 932 1896 in-

161 1920 314 1950 feriorum
329 1929 393 1950 uon
408 1922 454 1950 est
471 1921 642 1958 perpetuus
659 1930 665 1949 ;
683 1928 763 1957 ergo
775 1943 783 1956 ‚
801 1922 858 1949 etc.

429 2034 655 2066 CONCLUSIO.

161 2117 192 2143 In
210 2116 329 2142 omnibus
350 2115 489 2142 ordinibus
509 2116 646 2143 character
665 2117 842 2151 imprimitur,
864 2118 935 2151 quod

280 2162 317 2186 est
331 2161 436 2194 signum
448 2162 605 2194 perpetuum
620 2160 815 2187 distinctivum.

202 2238 292 2279 Resp.
311 2239 350 2269 ad
367 2248 440 2278 arg.
460 2239 633 2270 Dicendum
654 2241 736 2279 quod
759 2240 857 2280 aliqui
878 2250 933 2271 vo-

162 2291 291 2322 luerunt
305 2292 418 2330 dicere,
429 2293 513 2332 quod
524 2293 685 2323 character
698 2294 728 2324 in
745 2294 810 2324 solo
825 2295 935 2325 ordine

163 2344 345 2375 sacerdotali
360 2345 571 2385 imprimatur,
592 2347 646 2377 sed
661 2347 693 2376 in
708 2347 873 2378 ordinibus
891 2348 935 2378 in-

162 2396 329 2427 ferioribus
343 2398 446 2428 solum
457 2399 634 2438 disponitur
648 2400 720 2439 quis
729 2400 767 2430 ad
779 2400 851 2430 talis
863 2401 936 2430 cha-

164 2450 292 2480 racteris
310 2452 543 2490 susceptionem
566 2463 571 2482 :
595 2461 669 2482 nam
693 2456 819 2493 propter
844 2463 934 2483 suain

164 2502 361 2534 nobilitatem
377 2504 415 2535 de
429 2513 574 2543 congruo
589 2506 692 2545 exigit
708 2506 834 2537 ordines
854 2507 935 2537 infe-

165 2555 266 2586 riores
280 2556 396 2588 hahere
410 2558 557 2597 praevios.
576 2558 636 2590 Sed
653 2568 725 2589 cum
741 2560 868 2591 ordines
883 2562 935 2591 in-

165 2608 293 2639 feriores
308 2609 417 2641 saltem
431 2611 509 2641 sacri
533 2612 596 2642 sint
616 2612 654 2642 de
676 2614 865 2652 perfectione
885 2624 934 2644 sa-

200 2673 270 2697 1Αιι.
286 2679 339 2704 seq.

1697 197 1754 226 169

986 265 1150 302 cramenti,
1167 267 1196 296 et
1215 265 1247 294 in
1262 265 1312 294 his
1332 265 1387 294 fiat
1403 264 1583 303 segregatio
1602 265 1755 302 perpetua

985 320 1170 350 clericorum
1186 328 1204 349 a
1217 318 1319 355 laicis,
1335 328 1398 348 non
1420 318 1545 348 videtur
1566 317 1600 347 in
1619 316 1684 347 solo
1704 326 1751 346 sa—

985 373 1121 404 cerdotio
1135 373 1296 403 character
1305 371 1455 410 imprimi.
1470 371 1505 400 Et
1518 371 1588 400 ideo
1601 370 1752 399 dixerunt

985 426 1049 463 alii,
1067 426 1151 465 quod
1165 425 1327 455 character
1346 424 1541 463 imprimitur
1560 424 1592 453 iu
1606 423 1754 453 omnibus

986 479 1149 509 ordinibus
1163 478 1274 515 sacris,
1292 477 1344 507 sed
1364 485 1427 506 000
1447 477 1479 505 111
1503 475 1689 506 minoribus
1718 474 1755 505 Et

986 533 1083 572 huJus
1097 532 1226 569 signum
1243 532 1300 566 est,
1317 529 1392 569 quia
1406 529 1456 558 isti
1469 538 1533 558 non
1548 530 1679 567 possunt
1696 526 1752 557 lai-

986 585 1030 615 cis
1044 584 1252 621 commisceri,
1264 583 1319 613 alii
1330 591 1405 613 vero
1416 582 1469 611 sir.
1484 581 1544 611 Sed
1555 590 1628 610 cnm
1646 580 1756 610 nullus

986 639 1063 669 ordo
1079 637 1184 668 iterari
1195 636 1302 676 possit,
1321 638 1350 666 et
1361 635 1492 675 quilibet
1507 634 1621 664 habeat
1636 634 1755 673 aliquid

986 693 1023 723 de
1039 692 1160 722 ratione
1174 690 1371 727 sacramenti,
1388 689 1514 719 videtur
1529 688 1613 727 qnod
1628 688 1661 717 in
1676 697 1756 727 quo-

986 746 1062 776 libet
1075 745 1113 775 sit
1128 744 1247 784 aliquid
1261 743 1345 783 110011
1360 743 1475 772 habeat
1490 742 1646 771 rationem
1663 741 1708 770 rei
1725 744 1756 771 et

987 799 1088 838 signi,
1106 801 1136 829 et
1157 798 1312 829 rationem
1336 795 1492 835 signaculi
1513 794 1655 834 perpetui
1673 805 1679 824 :
1696 794 1755 824 1100

987 856 1093 884 autem
1109 853 1322 883 characterem
1337 850 1480 880 (11010105.
1505 847 1574 878 Non
1592 848 1691 887 igitur
1705 847 1754 878 vi-

986 907 1078 937 detur
1095 906 1179 946 quod
1200 906 1230 935 in
1246 905 1307 934 illis
1322 903 1395 934 solis
1409 902 1612 942 imprimatur
1627 901 1757 931 charac-

989 963 1045 991 ter.
1067 959 1104 989 Et
1118 959 1187 989 ideo
1201 961 1246 988 est
1268 957 1375 997 opinio
1399 956 1606 996 probabilior,
1625 955 1709 994 quod
1725 955 1756 985 iu

987 1013 1136 1043 omnibus
1163 1012 1326 1042 ordinibus
1355 1010 1516 1040 character
1542 1009 1756 1049 imprimatur,

988 1067 1067 1097 sicut
1084 1066 1220 1097 rationes
1239 1074 1397 1104 expressa?
1416 1064 1452 1102 (b)
1474 1062 1655 1093 ostendunt.
1680 1062 1758 1092 Cum

988 1120 1072 1150 enim
1088 1120 1249 1149 character
1264 1118 1303 1147 sit
1318 1117 1523 1156 signaculum
1541 1114 1758 1146 distinctivum

987 1178 1018 1206 et
1029 1177 1229 1215 perpetuum,
1245 1175 1275 1203 et
1293 1172 1415 1203 Christo
1430 1169 1712 1208 configurativuin,
1729 1171 1760 1199 et

987 1229 1047 1259 hoc
1061 1231 1107 1258 est.
1122 1228 1154 1257 in
1169 1226 1319 1257 omnibus
1339 1224 1503 1255 ordinibus
1521 1222 1658 1262 reperire
1671 1246 1678 1259 ,
1697 1231 1760 1252 non

988 1285 1034 1312 est
1059 1280 1270 1312 dubitandum
1299 1279 1512 1308 characterem
1546 1277 1578 1307 in
1609 1276 1760 1307 omnibus

988 1334 1142 1375 imprimi.

1030 1392 1058 1419 1.
1077 1389 1124 1419 Ad
1138 1387 1217 1418 illud
1228 1387 1312 1426 quod
1323 1385 1480 1425 objicitur,
1494 1384 1579 1424 quod
1594 1386 1640 1414 est
1655 1384 1761 1423 signa-

989 1442 1099 1473 culum
1115 1440 1293 1481 spirituale,
1311 1439 1478 1469 dicendum
1493 1438 1577 1478 quod
1600 1438 1632 1467 in
1654 1437 1758 1467 omni—

989 1496 1048 1526 bus
1061 1494 1225 1525 ordinibus
1247 1494 1341 1524 datur
1362 1494 1497 1532 potestas
1522 1491 1572 1521 vel
1591 1491 1761 1530 spiritualis

989 1548 1026 1578 de
1038 1557 1081 1585 se,
1098 1547 1147 1578 vel
1161 1547 1199 1577 ad
1217 1545 1413 1586 spiritualem
1429 1545 1590 1581 ordinans,
1611 1543 1695 1574 Unde
1708 1553 1763 1583 po-

989 1604 1085 1632 testas
1099 1601 1219 1631 ostiarii
1237 1602 1283 1630 est
1301 1599 1340 1629 ad
1364 1598 1594 1629 admittendum
1617 1597 1762 1627 homines

989 1655 1027 1685 ad
1056 1655 1201 1685 divinum
1233 1653 1443 1689 sacrificium;
1468 1654 1605 1692 potestas
1639 1651 1762 1681 lectoris

990 1718 1055 1738 1100
1070 1707 1172 1738 solum
1185 1707 1223 1737 ad
1236 1705 1436 1737 excitandum
1461 1705 1605 1736 auditum
1625 1705 1760 1735 exterio-

990 1771 1070 1799 rem,
1084 1769 1199 1791 verum
1214 1760 1308 1790 etiam
1320 1759 1522 1796 interiorem,
1536 1758 1617 1789 etsie
1627 1759 1665 1789 de
1681 1758 1760 1795 aliis,

990 1816 1069 1845 sicut
1084 1814 1198 1845 melius
1213 1813 1330 1853 patebit
1344 1814 1364 1850 ¹,
1381 1812 1508 1851 quando
1523 1814 1638 1851 agetur
1652 1812 1690 1842 de
1703 1812 1762 1842 dis-

991 1868 1139 1898 tinctione
1156 1867 1316 1897 ordinum.

1031 1924 1060 1952 2.
1079 1921 1125 1951 Ad
1146 1921 1223 1951 illud
1243 1921 1326 1960 quod
1349 1920 1496 1958 objicitur
1516 1921 1554 1951 de
1574 1921 1760 1959 configura-

991 1975 1086 2011 tione,
1104 1975 1272 2005 dicendum
1290 1975 1374 2013 quod
1390 1974 1552 2004 character
1573 1974 1709 2011 01111015,
1727 1976 1763 2004 01

990 2031 1037 2059 051
1052 2028 1266 2059 conservantis
1282 2028 1435 2063 animam,
1448 2028 1627 2066 configurat
1636 2027 1698 2058 Deo
1713 2036 1761 2058 se-

991 2081 1132 2112 cundum
1148 2081 1323 2120 imaginem
1342 2083 1377 2111 nt
1400 2081 1603 2111 assimilatam
1631 2080 1712 2119 Deo;
1733 2084 1764 2112 et

991 2135 1099 2165 1100111
1123 2135 1155 2165 in
1178 2135 1288 2166 ordine
1311 2144 1471 2174 supremo.
1495 2134 1549 2165 Vel
1573 2134 1762 2171 dicendum,

991 2188 1075 2227 quod
1090 2188 1195 2227 magis
1210 2188 1336 2227 proprie
1351 2188 1530 2227 configurat
1544 2187 1605 2218 tale
1621 2188 1764 2227 signacu-

990 2242 1057 2271 lum
1074 2242 1210 2279 Christo3
1224 2242 1299 2281 quia
1321 2250 1393 2271 cum
1415 2241 1557 2271 Christus
1575 2241 1690 2280 triplex
1704 2241 1761 2271 ha-

992 2295 1095 2325 buerit
1114 2295 1275 2332 osticium,
1292 2294 1407 2324 scilicet
1422 2294 1558 2324 ministri
1572 2294 1605 2324 iu
1626 2294 1762 2333 agendo,

991 2348 1111 2387 pugilis
1121 2349 1152 2377 in
1159 2348 1316 2387 patiendo,
1328 2348 1534 2387 redemptoris
1544 2348 1576 2377 in
1588 2348 1762 2385 moriendo,

991 2401 1060 2431 ideo
1091 2401 1204 2441 triplex
1236 2402 1293 2431 fuit
1321 2403 1554 2431 sacramentum
1589 2401 1764 2431 secundum

991 2456 1076 2495 quod
1100 2456 1196 2486 homo
1223 2458 1445 2495 configuratur
1464 2455 1514 2485 his
1528 2455 1629 2485 tribus
1652 2455 1762 2485 modis.

992 2509 1080 2540 Unde
1104 2511 1228 2539 tantum
1257 2509 1371 2548 triplex
1393 2511 1438 2539 est
1460 2511 1713 2545 sacramentum,
1731 2507 1764 2537 in

991 2572 1054 2602 quo
1070 2563 1110 2593 sit
1128 2562 1316 2593 characteris
1338 2562 1502 2602 impressio
1520 2573 1526 2592 :
1549 2571 1621 2592 nam
1648 2560 1762 2600 baptis-

1024 2643 1055 2671 (ri',
1079 2643 1165 2673 Suppl.
1194 2645 1299 2672 statum,
1322 2644 1358 2667 rel
1379 2643 1428 2673 leq.
1447 2643 1576 2666 laicatum.
1594 2655 1624 2658 —
1643 2641 1676 2672 (b)
1700 2640 1758 2664 Caes,

992 2678 1049 2702 edit.
1067 2684 1185 2710 >xpresse

1770 381 1846 407 Opinio
1856 382 1875 401 2.

1774 969 1877 993 opimos.
