1991 3006
102 1855 190 1876 Divisio.

761 169 1066 201 sEN'1'1‹1N'1'tAnUM
1094 170 1162 200 MR.
1189 169 1237 200 lV.

211 238 339 270 mentis.
373 236 557 269 Denndatio
581 236 711 280 capitis,
735 241 781 269 est
806 237 960 270 revelatio
983 237 1101 270 mentis
1124 249 1131 269 ε

210 295 343 338 ignarus
358 306 424 327 esse
440 294 545 326 debet.
564 293 755 327 Tondentur
770 294 868 327 etiam
889 293 1001 338 capilli
1027 306 1130 338 usque
1153 294 1193 326 ad
1219 294 1450 327 revelationem
1474 305 1654 337 sensuum,
1676 296 1797 329 scilicet.

210 352 381 385 oculorum
397 355 428 384 et
442 351 572 384 aurium
588 378 595 392 ‚
614 357 648 384 ut
664 352 743 384 vitia
758 352 792 384 in
807 351 902 384 corde
922 356 953 383 et
972 362 1067 395 opere
1093 351 1289 395 pullulantia
1313 352 1490 385 doceantur
1513 352 1718 396 praecidenda
1730 378 1739 394 ,
1756 364 1797 386 ne

210 410 250 442 ad
265 409 465 442 audiendum
481 413 512 441 et
526 409 778 451 intelligendum
794 409 931 442 verbum
949 409 1006 441 Dei
1028 409 1246 452 praepediatnr
1270 420 1380 450 mens,
1405 420 1462 453 pro
1483 421 1549 454 quo
1575 414 1701 442 servato
1725 410 1798 443 red-

211 467 309 500 detur
325 467 358 499 in
375 467 507 499 excelsis
521 478 651 499 corona.
667 466 841 499 ¹Tonsura3
857 470 965 498 autem
982 466 1201 498 ecclesiasticae
1217 478 1294 498 usus
1307 478 1325 499 a
1341 466 1493 499 nazaraeis
1505 471 1638 499 exortus
1653 467 1794 507 videtur,

211 525 269 569 qni
289 524 380 569 prius
406 524 496 557 crine
519 528 666 563 servato,
693 523 810 556 deinde
832 524 873 556 ob
896 523 969 556 vitae
985 523 1218 556 continentiam
1238 523 1248 538 ²
1262 528 1358 566 caput
1378 523 1547 565 radebant,
1563 529 1594 556 et
1615 524 1750 568 capillos
1764 524 1799 557 in

210 582 286 625 igne
309 581 456 614 sacrificii
490 582 665 626 ponebant.
701 581 785 614 Hinc
812 592 890 613 usus
912 581 1068 620 inolevit,
1097 585 1132 613 nt
1155 581 1213 625 qui
1239 580 1360 613 divinis
1383 582 1524 615 cultibus
1549 582 1797 626 mancipantur,

211 639 304 683 quasi
319 639 477 681 nazaraei,
494 639 527 672 id
543 643 589 672 est
610 639 710 671 sancti
722 665 729 679 ‚
753 639 841 671 crine
864 638 968 681 posito
985 638 1198 671 inveniantur
1210 664 1218 679 ‚
1236 638 1319 670 sicut
1340 638 1380 671 ad
1405 638 1606 672 Ezechielem
1629 639 1748 672 dicitur
1761 641 1771 658 ³
1789 651 1796 671 :

212 174 267 202 14⁸

1157 236 1294 269 clericus
1316 237 1404 269 enim
1428 241 1625 270 secretorum
1650 239 1708 271 Dei
1728 250 1796 272 non

214 697 280 729 Fili
292 696 436 730 hominis
446 724 454 737 ,
471 708 562 729 sume
576 696 728 740 qlaclium
746 702 899 735 acutum,
919 702 949 728 et
964 695 1027 729 duc
1041 707 1136 740 super
1151 702 1249 740 caput
1266 702 1359 729 tunm
1373 722 1381 738 ‚
1398 703 1429 730 et
1443 697 1591 730 barbam.
1609 697 1647 729 In
1662 697 1799 730 Actibus

211 755 308 787 ctiam
324 755 553 800 Apostolorum
569 754 578 770 '⁴
593 754 776 787 Priscillam
795 758 825 785 et
841 753 999 797 Aquilam
1016 754 1076 786 hoc
1092 754 1201 786 fecisse
1217 754 1363 796 legimus.
1385 754 1509 787 Paulus
1523 766 1655 799 quoque
1666 780 1674 796 ,
1695 758 1726 787 et
1743 754 1799 787 alii

211 813 346 857 quidam
366 813 406 856 (a)
424 812 573 856 discipuli
589 811 709 844 Christi
726 811 786 843 hoc
802 811 960 844 fecerunt.
978 811 1074 844 Recte
1090 823 1166 853 ergo
1182 812 1216 843 in
1231 811 1433 855 quibuslibet
1448 812 1604 854 gradihus
1617 812 1798 854 constituti,

209 870 318 902 clerici
344 874 503 902 vocantur
525 881 532 901 z
559 880 702 913 quornm
726 869 879 909 nomina,
907 873 938 901 et
962 869 1103 901 rationes
1129 870 1302 901 nominum
1327 869 1470 902 isidorus
1494 880 1678 913 exponens,
1703 870 1798 902 ait⁵:

214 941 230 959 «
246 928 356 960 Cleros
371 931 401 960 et
415 927 547 959 clericos
563 926 639 958 hinc
654 926 833 970 appellatos
849 938 915 958 esse
930 926 1107 968 credimus,
1123 926 1202 970 quia
1215 926 1368 959 Matthias
1382 926 1503 959 clectus
1517 930 1564 959 est
1578 931 1682 968 sorte;
1699 938 1798 971 quem

209 985 353 1029 primum
379 996 435 1029 per
453 984 624 1029 Apostolos
644 984 785 1027 legimus
808 984 1008 1017 ordinatum.
1026 984 1140 1017 Clerns
1156 983 1243 1015 enim
1266 994 1383 1025 graece,
1401 984 1501 1016 latine
1524 995 1613 1026 sors,
1636 984 1687 1017 vel
1710 984 1802 1017 here-

209 1043 293 1076 ditas
307 1043 437 1076 dicitnr.
454 1043 529 1075 Ideo
547 1053 624 1084 ergo
646 1041 723 1074 dicti
740 1046 816 1074 sunt
831 1042 960 1082 clerici,
978 1041 1056 1085 qnia
1079 1045 1156 1074 sunt
1180 1041 1218 1073 de
1246 1045 1331 1074 sorte
1355 1041 1505 1084 Domini,
1522 1042 1574 1074 vel
1597 1042 1675 1086 quia
1695 1042 1801 1075 Deum

208 1105 333 1144 patrem
357 1100 497 1141 habent3
521 1099 717 1142 generaliter
740 1110 816 1132 vero
847 1099 954 1131 clerici
977 1099 1158 1144 nuncupati
1182 1103 1258 1131 sunt
1283 1110 1414 1139 omnes,
1441 1099 1499 1143 qui
1524 1099 1557 1131 in
1582 1099 1723 1132 Ecclesia
1743 1099 1801 1133 Dei

208 1158 355 1191 serviunt
373 1170 379 1189 ε
397 1169 540 1202 quorum
555 1156 688 1200 graduS,
706 1160 736 1189 et
751 1157 885 1189 nomina
900 1160 977 1189 sunt
991 1156 1072 1197 haec,
1089 1155 1260 1197 Ostiarius,
1277 1156 1407 1197 Lector,
1425 1170 1440 1187 »
1459 1160 1518 1189 etc.

395 1313 598 1345 EXPOSlTlO
618 1312 782 1343 TEXTUS.

260 1403 333 1426 Nunc
354 1402 384 1425 ad
407 1395 636 1425 considerationem
658 1406 736 1423 sacrae
759 1397 924 1422 ordinationis

515 1436 673 1460 accedamus.

248 1521 322 1552 Haec
331 1522 378 1551 est
392 1520 482 1549 sexta
496 1527 580 1558 pars,
596 1517 629 1546 in
643 1525 707 1556 qua
723 1515 760 1546 de
774 1516 863 1545 sexto
877 1523 978 1545 sacra-

209 1576 315 1605 mento
338 1572 457 1612 agitur.
484 1570 591 1601 Posset
613 1571 720 1599 tamen
746 1568 843 1599 dividi
871 1569 978 1598 contra

208 1629 307 1658 totam
322 1625 550 1666 praecedentem
564 1623 613 1654 :in
628 1621 879 1662 praecedentibus
891 1621 976 1651 euim

208 1681 276 1719 egit
290 1680 327 1710 de
349 1677 553 1709 sacramentis
573 1685 645 1716 quae
675 1675 849 1713 respiciunt
878 1674 979 1704 deter-

209 1734 362 1763 minatam
389 1739 556 1771 personam
578 1740 583 1759 :
607 1728 656 1758 hic
681 1728 749 1765 agit
773 1728 810 1757 de
835 1726 886 1756 his
906 1736 978 1766 quae

209 1787 383 1826 respiciunt
407 1782 643 1815 multitudinem
669 1780 922 1817 ecclesiasticam3
951 1781 981 1809 et

211 1840 314 1880 primo
340 1838 378 1868 de
406 1837 516 1867 ordine
533 1859 541 1872 ‚
576 1834 714 1865 secundo
743 1834 781 1863 de
814 1833 980 1863 matrimo—

212 1895 277 1924 nio.
302 1891 580 1929 Qualitercumque
596 1887 755 1919 dividatur
770 1889 800 1917 et
817 1886 981 1917 ordinetur

212 1946 361 1987 praedicta
386 1952 471 1984 pars,
502 1942 576 1979 ista,
590 1941 624 1971 in
650 1949 714 1979 qua
742 1939 811 1978 agit
830 1938 868 1969 de
895 1938 979 1968 ordi-

213 1999 262 2029 nis
276 1998 483 2033 sacramento,
500 1994 580 2024 duas
594 1992 708 2022 habet:
725 1991 757 2021 in
778 1991 881 2030 prima
895 1991 981 2020 enim

213 2051 404 2082 determinat
418 2048 456 2079 de
471 2047 539 2086 ipso
553 2047 766 2076 sacramento:
783 2044 816 2074 in
831 2043 980 2081 secunda,

213 2105 251 2134 de
266 2101 497 2142 dispensatione
510 2099 610 2138 hujus
624 2097 812 2128 sacramenti
825 2120 832 2135 ,
850 2097 932 2126 infra
945 2096 956 2112 ⁶
971 2107 978 2127 :

215 2157 293 2189 Solet
309 2157 407 2188 etium
428 2153 549 2193 (laceri,
565 2153 594 2183 si
618 2151 759 2183 haeretice·
781 2150 819 2182 ab
842 2150 982 2182 Ecclesia

209 2210 350 2249 praecz‘sz',
360 2210 419 2239 etc.
437 2206 542 2237 Prima
557 2213 629 2244 pars
641 2204 719 2235 duas
734 2203 827 2234 habet
842 2212 850 2233 :
866 2203 899 2232 in
914 2203 979 2242 pri-

212 2271 265 2293 ma
281 2263 367 2301 parte
381 2259 569 2290 determinat
583 2257 620 2288 de
636 2257 686 2287 his
710 2265 783 2296 quae
808 2255 980 2296 disponunt

211 2315 251 2346 ad
265 2314 423 2349 ordinem,
438 2311 554 2341 scilicet
572 2310 655 2339 bona
678 2310 743 2340 vita
757 2333 763 2345 ,
781 2311 811 2339 et
826 2311 977 2346 tonsura;

211 2369 244 2398 in
261 2365 400 2398 secunda
414 2365 451 2395 de
465 2364 541 2403 ipsis
556 2362 723 2393 ordinibus
735 2385 743 2398 ‚
760 2362 803 2391 ibi
818 2371 825 2391 :
843 2360 980 2393 Osll'ctrl'z'

212 2420 320 2457 iidem,
336 2422 365 2450 et
372 2418 530 2457 janitores
545 2419 631 2453 sunt,
648 2418 706 2446 etc.
724 2415 830 2445 Prima
845 2424 918 2455 pars
932 2415 979 2445 di·

211 2474 330 2506 viditur
345 2473 375 2503 in
391 2472 470 2502 duas
483 2481 490 2502 :
508 2471 539 2500 iu
554 2470 656 2509 prima
671 2468 817 2505 ostendit,
831 2477 903 2499 cum
919 2468 981 2498 sint

211 2529 332 2567 septem
346 2525 487 2562 ordines,
505 2525 632 2562 propter
653 2521 844 2560 signandam
865 2521 981 2551 scilicet

244 2609 251 2624 ¹
269 2608 355 2635 Rufio,
373 2605 414 2628 ubi
430 2610 510 2634 supr„
528 2610 549 2626 6.
569 2608 597 2625 11.
612 2615 638 2618 —
662 2602 669 2615 ²
689 2602 774 2631 Num„
791 2607 826 2625 vi.
847 2603 869 2628 5,
894 2604 929 2624 ts.
949 2614 979 2618 —

210 2643 220 2660 ¹
231 2636 328 2671 Ezechj,
345 2648 368 2671 V,
385 2643 405 2664 i.
418 2653 448 2657 —
463 2640 473 2655 ⁶
487 2639 552 2665 Act..
568 2643 640 2665 xvim,
657 2638 693 2660 18.
706 2649 736 2654 ·-——
750 2636 759 2653 ⁵
773 2636 840 2666 lsid.‚
856 2636 977 2666 Etymol„

1034 1298 1171 1337 gratiam
1184 1298 1397 1338 septiformem
1407 1323 1415 1336 ‚
1431 1299 1515 1339 quod
1531 1308 1625 1330 nemo
1639 1299 1736 1339 digne
1753 1309 1804 1330 ac-

1033 1352 1107 1391 cipit
1123 1352 1261 1390 ordines,
1277 1352 1332 1392 qui
1348 1361 1412 1383 non
1427 1355 1474 1383 est
1489 1353 1522 1383 in
1544 1353 1649 1392 gratia
1667 1363 1673 1383 :
1691 1355 1721 1383 et
1736 1353 1806 1384 haee

1032 1407 1077 1435 est
1093 1405 1254 1444 dispositio
1270 1405 1412 1435 interior.
1432 1405 1466 1435 In
1491 1406 1628 1436 secunda
1651 1415 1726 1437 vero
1749 1406 1804 1437 de-

1033 1458 1181 1488 terminat
1194 1458 1231 1488 de
1246 1458 1450 1498 dispositione
1466 1459 1626 1497 exteriori,
1640 1468 1713 1499 quae
1728 1460 1804 1498 qui-

1033 1511 1104 1541 dem
1120 1513 1165 1541 est
1184 1513 1335 1550 tonsura,
1353 1512 1396 1541 ibi
1412 1521 1420 1542 :
1437 1512 1475 1543 In
1495 1511 1551 1544 hoc
1575 1513 1675 1552 igitur
1695 1520 1806 1544 sacra-

1033 1567 1136 1596 mento
1148 1565 1355 1603 septiformis,
1374 1567 1430 1595 etc.

1365 1658 1431 1679 DUB.
1457 1659 1475 1679 l.

1230 1716 1302 1739 Nunc
1318 1716 1348 1739 ad
1366 1715 1605 1739 considerationem.

1076 1777 1111 1807 ln
1126 1778 1214 1817 parte
1228 1778 1287 1807 ista
1303 1780 1377 1808 sunt
1393 1777 1605 1808 dubitationes
1623 1777 1705 1807 circa
1720 1777 1806 1808 litte-

1036 1839 1117 1860 ram.
1132 1830 1170 1861 Et
1183 1831 1286 1870 primo
1298 1830 1453 1870 quaeritur
1470 1830 1508 1861 de
1523 1830 1633 1861 ordine
1646 1829 1744 1869 huJus
1758 1839 1806 1860 sa-

1037 1885 1187 1914 cramenti
1199 1884 1237 1914 ad
1252 1884 1313 1915 alia
1328 1884 1538 1924 praecedentia
1554 1893 1561 1912 :
1579 1883 1706 1914 videtur
1720 1882 1806 1913 enim

1037 1936 1119 1967 male
1134 1937 1297 1975 ordinare,
1320 1937 1396 1977 quia
1419 1937 1479 1967 hoc
1504 1937 1738 1966 sacramentum
1762 1936 1808 1965 est

1037 1989 1219 2020 ordinatum
1236 1989 1274 2019 ad
1290 1989 1536 2028 dispensandum
1551 1988 1658 2019 omnia
1679 1988 1741 2019 alia
1755 1997 1805 2018 sa-

1038 2044 1198 2073 cramenta
1222 2052 1229 2072 :
1256 2051 1336 2081 ergo
1359 2042 1441 2072 inter
1464 2041 1572 2071 omnia
1596 2041 1656 2071 alia
1680 2040 1807 2071 videtur

1037 2104 1104 2125 esse
1119 2095 1270 2134 primum.

1078 2147 1169 2187 Resp.
1182 2147 1355 2177 Dicendum
1369 2146 1453 2186 quod
1468 2145 1633 2186 dupliciter
1652 2148 1698 2176 est
1720 2145 1807 2185 loqui

1037 2201 1074 2232 de
1085 2201 1194 2232 ordine
1210 2208 1217 2230 :
1234 2202 1289 2231 aut
1304 2200 1337 2230 in
1351 2199 1583 2239 comparatione
1598 2198 1636 2229 ad
1656 2198 1805 2236 alterum,

1036 2257 1179 2293 respectu
1194 2254 1285 2292 cujus
1301 2255 1364 2290 est3
1386 2254 1441 2283 aut
1462 2261 1480 2282 a
1501 2253 1589 2291 parte
1608 2251 1757 2290 subjecti,
1772 2251 1805 2282 in

1036 2318 1100 2347 quo
1118 2309 1175 2337 est.
1191 2306 1223 2336 Si
1248 2306 1280 2336 in
1303 2305 1546 2344 comparatione,
1564 2304 1607 2334 sic
1629 2312 1741 2334 verum
1757 2306 1805 2334 est

1036 2360 1120 2400 quod
1143 2361 1375 2389 sacramentum
1398 2357 1517 2388 ordinis
1540 2357 1573 2386 in
1604 2357 1804 2396 dispensante

1035 2413 1127 2444 debet
1142 2412 1318 2452 praecedere
1329 2434 1338 2448 ,
1355 2412 1385 2441 et
1407 2409 1554 2449 praecedit
1569 2408 1678 2439 omnia
1699 2418 1804 2439 sacra-

1035 2468 1153 2503 menta,
1166 2467 1260 2505 prout
1272 2464 1500 2503 suscipiuntur.
1509 2462 1578 2493 Alio
1589 2461 1694 2499 modo,
1709 2464 1803 2501 prout

1035 2518 1251 2550 consideratur
1265 2518 1410 2556 respectu
1425 2514 1558 2554 subjecti
1574 2514 1638 2552 sui,
1654 2514 1709 2552 sic,
1726 2514 1803 2553 quia

1033 2599 1076 2623 lib.
1097 2598 1151 2628 Vll,
1170 2604 1191 2621 c.
1215 2603 1261 2626 xii,
1289 2598 1313 2619 et
1333 2595 1453 2625 allegatur
1467 2594 1524 2617 dist.
1543 2600 1597 2623 xxi,
1618 2600 1640 2618 c.
1661 2593 1756 2617 Cleroe.
1770 2604 1801 2609 —

1035 2635 1043 2648 ⁰
1057 2634 1120 2658 Dist.
1132 2638 1191 2657 xxv.
1201 2645 1231 2650 —
1246 2632 1280 2662 (a)
1296 2631 1336 2655 Al.
1349 2630 1460 2662 quidem.
