1991 3006
59 1262 162 1283 Fundam.

576 221 674 253 DIST.
697 221 798 252 XLIX.
823 218 941 250 PART.
968 219 989 249 l.
1014 218 1101 249 ART.
1128 218 1149 248 I.
1174 216 1321 254 QUAEST.
1346 217 1382 248 V.

182 291 304 323 ratione
314 291 410 322 unius
421 289 581 328 imaginis,
597 298 653 329 per
662 297 759 328 quam
769 295 898 327 capaces
910 286 949 324 (a)

183 347 257 376 sunt
271 345 368 375 unius
382 343 609 374 deiformitatis.

223 401 252 428 3.
272 398 321 428 Ad
336 397 413 427 illud
429 396 513 436 quod
532 396 692 436 objicitur,
711 393 794 434 quod
810 393 891 424 Deus
907 395 953 423 est

182 451 312 481 intimus
324 450 450 487 animae,
468 458 546 488 ergo
558 448 697 488 procedit
710 448 749 477 ab
763 447 892 483 intimo;
910 445 952 475 di-

181 505 316 534 cendum
332 504 414 543 quod
434 503 600 533 influentia
618 503 678 532 ista
692 502 731 531 ab
750 501 861 530 intimo
878 508 950 539 pro-

181 558 279 594 cedit;
304 557 356 587 sed
376 565 440 587 non
458 556 594 595 procedit
611 555 786 585 secundum
802 553 885 593 quod
899 554 951 583 in—

180 610 296 640 timum
311 618 502 640 conservans
522 609 554 638 in
575 618 641 638 esse
662 609 801 645 naturae,
824 607 878 637 sed
900 615 951 636 se-

180 664 322 695 cundum
337 662 419 702 quod
433 662 592 701 objectum
605 669 828 691 consummans
840 660 873 689 in
885 669 951 689 esse

181 716 292 755 gloriae
310 726 316 745 ε
333 718 364 745 et
378 715 447 745 ideo
462 714 635 744 secundum
650 714 731 744 hanc
746 713 831 743 viam
847 713 951 751 magis

180 772 226 800 est
245 769 376 800 intimus
395 772 425 799 et
444 770 645 799 immediatus
665 767 828 808 potentiae,
854 776 950 806 quam

179 823 322 853 essentiae
336 833 342 852 :
358 822 441 853 unde
454 832 518 852 non
533 822 687 861 sequitur,
704 821 788 861 quod
803 820 828 851 si
843 820 950 850 divina

179 876 311 906 essentia
333 878 380 906 est
400 876 524 913 intima,
549 876 632 915 quod
652 874 800 914 quaelibet
814 875 883 913 eJ'us
899 874 947 903 in-

178 930 311 960 fluentia
325 929 368 960 sic
383 929 423 959 sit
437 929 560 959 intima.

443 1044 621 1081 QUAESTIO
642 1043 679 1075 V.

178 1120 223 1145 An
242 1121 317 1146 actus
338 1119 473 1152 beatificus
495 1119 562 1144 insit
582 1118 684 1144 homini
702 1116 842 1143 secu-mlum
864 1123 950 1142 omnes

475 1163 608 1197 potentias
629 1162 647 1188 ¹.

218 1242 260 1272 De
278 1244 348 1272 actu
365 1242 493 1280 gloriae,
513 1242 579 1271 sive
595 1240 775 1280 operatione
790 1240 841 1270 cui
856 1240 946 1276 insit;

179 1297 209 1325 et
232 1295 406 1325 ostenditur
431 1294 514 1334 quod
537 1296 624 1324 actus
650 1294 719 1332 ejus
742 1293 782 1323 sit
804 1293 948 1323 omnium

178 1347 406 1387 potentiarum,
427 1347 503 1386 quia
518 1347 620 1386 gloria
634 1348 681 1376 est
695 1346 842 1385 perfectio
858 1345 949 1384 plena

178 1404 208 1431 et
221 1401 333 1431 ultima
350 1412 356 1431 :
374 1401 525 1440 quoniam
546 1400 653 1440 plena,
675 1400 744 1430 ideo
764 1399 885 1438 perficit
900 1401 946 1429 to-

178 1458 241 1485 tam
257 1455 398 1484 animam
412 1467 417 1485 :
431 1463 510 1493 ergo
525 1462 652 1484 omnem
668 1454 738 1492 eJ'us
753 1452 948 1492 spiritualem

176 1508 364 1547 potentiarum
382 1507 457 1547 quia
477 1507 598 1544 ultima,
614 1506 698 1537 ultra
713 1515 808 1545 quam
825 1515 888 1535 non
903 1508 949 1535 est

175 1561 252 1598 alia,
277 1569 351 1590 cum
375 1560 519 1590 ultimata
541 1560 688 1599 perfectio
717 1559 756 1589 sit
783 1560 950 1598 conjuncta

176 1613 274 1650 actui,
289 1613 364 1652 quia
378 1616 466 1643 aetus
479 1613 602 1652 perficit
618 1612 773 1649 habitum,
790 1620 867 1650 ergo
884 1620 950 1641 om-

176 1675 231 1696 nes
248 1666 395 1705 potentiae
410 1668 574 1705 ponuntur
588 1666 622 1695 in
637 1667 723 1695 actu.

217 1719 294 1749 Item
308 1719 411 1758 gloria
420 1721 524 1749 totum
538 1718 658 1758 perficit
674 1718 758 1757 quod
771 1718 875 1756 gratia
889 1718 949 1748 dis-

176 1772 310 1812 ponebat
324 1782 331 1802 :
345 1772 395 1802 sed
414 1771 517 1811 gratia
531 1771 669 1810 disponit
683 1772 713 1800 et
727 1771 848 1810 perficit
862 1773 950 1800 actus

175 1826 308 1863 animae,
330 1834 393 1855 non
407 1826 531 1854 tantum
546 1824 601 1863 qui
616 1826 689 1853 sunt
705 1824 737 1853 in
756 1823 874 1861 Deum,
896 1824 949 1854 sed

175 1879 271 1909 etiam
286 1878 341 1917 qui
355 1880 430 1908 sunt
445 1878 477 1907 in
492 1878 613 1908 bonum
632 1878 790 1913 creatum,
814 1886 869 1916 per
884 1877 950 1906 vir-

176 1934 260 1962 tutes
285 1931 457 1962 cardinales
481 1943 487 1961 :
514 1939 593 1969 ergo
618 1930 747 1968 gloriosi
771 1931 859 1959 actus
886 1938 950 1959 non

176 1987 300 2015 tantum
317 1987 410 2015 erunt
425 1985 457 2014 in
473 1984 582 2021 Deum,
602 1983 656 2014 sed
671 1983 765 2013 etiarn
783 1983 816 2012 in
831 1985 951 2013 creatu-

177 2047 256 2068 ram.

217 2091 294 2122 Item
311 2091 370 2121 hoc
390 2090 576 2127 ostenditur,
598 2090 672 2129 quia
694 2089 826 2120 virtutes
846 2089 947 2119 cardi-

177 2144 263 2175 nales
279 2144 453 2175 manebunt
468 2143 501 2173 in
521 2143 621 2182 patri‘a
635 2143 668 2173 in
686 2144 769 2173 statu
789 2143 923 2182 perfecto
942 2154 947 2173 :

177 2207 256 2237 ergo
271 2198 303 2228 in
318 2199 391 2227 actu
405 2208 411 2226 :
424 2196 477 2227 sed
491 2198 578 2226 actus
591 2205 702 2226 eorum
714 2196 802 2225 estin
815 2196 863 2225 his
877 2205 949 2235 quae

177 2253 253 2282 sunt
268 2251 307 2281 ad
326 2252 440 2287 tinem,
462 2252 492 2280 et
514 2258 608 2289 penes
632 2258 684 2279 eas
706 2249 845 2279 consistit
861 2252 949 2279 actus

179 2305 308 2344 gloriae,
332 2304 409 2343 quia
431 2303 511 2333 sicut
534 2311 644 2333 earum
667 2304 754 2332 actus
775 2311 859 2332 nunc
877 2304 950 2332 sunt

178 2358 327 2397 gratuiti,
343 2358 387 2388 ita
403 2359 477 2387 tunc
492 2358 586 2387 erunt
607 2356 737 2394 gloriosi
757 2366 763 2385 ε
781 2365 870 2394 ergo,
889 2357 946 2386 etc.

218 2411 295 2441 Item
315 2411 470 2450 quaeritur
492 2412 599 2440 utrum
622 2410 662 2439 sit
682 2409 725 2439 ibi
746 2411 833 2439 actus
853 2410 950 2448 perli-

179 2464 263 2495 ciens
286 2464 486 2500 memoriam;
509 2465 539 2493 et
559 2462 642 2502 quod
663 2462 720 2500 sic,
748 2462 873 2492 videtur
895 2471 950 2501 per

179 2517 334 2548 rationem
347 2528 354 2547 :
365 2517 441 2556 quia
451 2516 476 2546 si
488 2516 592 2554 gloria
605 2515 753 2546 reformat
764 2515 948 2554 imaginem,

214 2617 220 2632 ¹
234 2616 274 2646 Cs'.
287 2615 374 2645 Steph.
389 2615 492 2644 Brulct'„
507 2615 536 2638 lv
553 2613 700 2642 So71!„‹list.
715 2619 786 2642 mx,
800 2621 823 2644 q.
840 2620 869 2643 νς
885 2615 948 2639 Petr,

181 2652 211 2675 de
223 2652 335 2680 Turnat„
351 2650 381 2673 lV
399 2651 478 2678 Seni„
493 2649 549 2673 dist.
566 2654 635 2679 xcix,
649 2656 673 2679 q,
691 2655 715 2671 v.
727 2661 757 2665 ——
770 2649 778 2662 2
793 2650 797 2672 Ι
812 2650 860 2673 Cm·
873 2667 879 2677 ,
893 2656 949 2679 xiii,

182 2689 260 2711 13.—-
273 2685 283 2701 ³
296 2686 370 2716 Aug„
387 2685 417 2708 (le
438 2685 507 2708 Doct.
530 2684 633 2712 Christ..
651 2683 693 2707 lib.
714 2684 731 2713 1,
752 2691 774 2707 c.
796 2690 904 2709 xxxviii.
920 2698 950 2704 -

1722 222 1780 251 575

1008 287 1039 315 et
1052 285 1157 324 imago
1169 284 1340 315 attenditur
1352 286 1509 324 quantum
1523 285 1563 315 ad
1578 286 1779 323 memoriam,

1008 341 1038 369 et
1053 338 1307 376 intelligentiam,
1324 340 1354 368 et
1369 338 1583 376 voluntatem3
1600 348 1677 378 ergo
1692 348 1782 379 opor-

1008 392 1052 421 tet
1065 390 1149 430 quod
1165 390 1318 420 memoria
1333 390 1371 420 sit
1386 391 1418 420 in
1433 393 1516 422 actu.

1050 443 1126 473 Item
1146 443 1205 473 hoc
1225 444 1329 482 ipsum
1348 443 1422 474 dicit
1443 443 1621 475 Bernardus
1638 456 1645 475 ε
1663 456 1678 473 «
1698 445 1782 475 Deus

1008 497 1133 526 futurus
1145 498 1191 526 est
1204 496 1376 526 intellectui
1391 497 1551 535 plenitudo
1565 497 1657 535 lucis,
1670 497 1781 528 volun-

1007 550 1062 579 tati
1087 549 1255 579 multitudo
1276 550 1377 588 pacis,
1400 551 1562 581 memoriae
1584 551 1779 581 continuatio

1007 602 1200 633 aeternitatis.
1218 613 1231 630 n

1047 656 1124 686 Item
1143 656 1318 686 ostenditur
1337 656 1419 695 quod
1442 656 1482 686 sit
1501 657 1542 686 ibi
1558 659 1646 687 actus
1664 657 1699 696 (b)
1717 657 1780 687 ira-

1007 709 1138 747 scibilis,
1163 709 1238 749 quia
1261 709 1346 748 quod
1368 711 1415 739 est
1437 710 1628 748 perfectibile
1649 710 1776 748 virtute,

1007 765 1053 793 est
1075 762 1261 802 perfectibile
1280 762 1380 801 gloria
1398 773 1403 792 :
1423 762 1475 792 sed
1499 762 1660 793 irascibilis
1682 764 1779 802 perfi-

1006 816 1088 846 citur
1102 826 1155 855 spe
1174 827 1179 845 :
1197 825 1286 855 ergo7
1305 818 1362 846 etc.

1047 868 1123 899 Item
1132 878 1227 909 super
1234 869 1311 899 illud
1320 872 1329 888 Ξ
1338 880 1343 899 z
1352 869 1383 900 Ν
1383 877 1443 900 rme
1451 873 1553 900 aulem
1560 872 1697 906 manentj
1707 871 1778 906 ete„

1006 922 1190 953 Ambrosius
1211 923 1300 960 dicit,
1325 922 1408 962 quod
1429 923 1495 961 spei
1515 922 1660 953 succedat
1680 922 1778 952 heati-

1006 975 1095 1011 tudo,
1112 978 1142 1006 et
1160 975 1362 1014 Augustinus
1378 975 1522 1005 similiter
1536 975 1596 1005 hoc
1617 975 1691 1005 dicit
1705 975 1725 1012 ³,
1741 974 1779 1005 de

1005 1028 1157 1060 Doctrina
1173 1028 1363 1060 Christiana
1378 1038 1388 1059 .·
1403 1038 1491 1068 ergo,
1508 1031 1565 1058 etc.

1044 1081 1104 1111 Sed
1119 1084 1228 1111 contra
1246 1093 1251 1112 ;
1272 1081 1361 1118 Quod
1376 1091 1441 1112 non
1455 1082 1493 1112 sit
1506 1084 1594 1112 actus
1608 1081 1720 1120 gloriae
1734 1090 1778 1111 se-

1003 1135 1144 1164 cundum
1168 1144 1278 1165 omnes
1308 1135 1462 1174 potentias
1476 1159 1482 1172 ,
1514 1134 1650 1164 videtur.
1678 1134 1780 1173 Super

1005 1187 1081 1217 illud
1098 1187 1245 1218 Psalmit:
1263 1188 1432 1219 Ostendam
1445 1188 1496 1220 illa·
1510 1188 1650 1220 salutare
1664 1197 1778 1225 meum,

1004 1240 1110 1271 Glossa
1125 1241 1210 1279 dicit,
1222 1241 1306 1280 quod
1320 1241 1398 1271 visio
1411 1244 1456 1271 est
1471 1244 1534 1271 tota
1548 1251 1667 1272 merces
1681 1252 1687 1272 ε
1701 1250 1779 1279 ergo

1004 1296 1069 1324 tota
1083 1294 1165 1324 ratio
1180 1295 1381 1325 beatItudinis
1397 1295 1539 1324 consistit
1550 1296 1581 1324 in
1599 1297 1672 1325 actu
1685 1294 1779 1324 intel-

1004 1347 1157 1386 ligentiae.
1175 1348 1205 1377 Si
1229 1348 1328 1385 dicas⁷
1352 1349 1436 1388 quod
1456 1349 1516 1378 hoc
1530 1348 1648 1378 <lictum
1665 1349 1710 1377 est
1725 1356 1780 1386 per

1003 1400 1174 1439 quamdam
1198 1401 1474 1431 concomitantiam
1488 1426 1494 1438 Ἴ
1522 1401 1631 1431 eadem
1658 1400 1780 1430 ratione

1004 1453 1094 1483 debet
1107 1454 1166 1484 dici
1182 1454 1266 1493 quod
1284 1454 1360 1484 fides
1376 1457 1420 1484 est
1436 1457 1538 1484 totum
1556 1454 1717 1483 meritum.

1044 1510 1072 1537 2.
1099 1507 1175 1537 Item
1199 1507 1371 1547 quaeritur,
1397 1516 1494 1546 quare
1518 1506 1623 1545 magis
1645 1506 1717 1537 dicit
1742 1506 1779 1536 de

1004 1560 1137 1598 unione,
1154 1570 1249 1600 quam
1266 1561 1304 1590 de
1320 1560 1508 1591 dilectione?

1044 1617 1073 1644 3.
1088 1613 1162 1643 Item
1173 1614 1383 1652 Augustulum
1396 1613 1434 1644 de
1446 1613 1587 1644 Moribus
1600 1611 1746 1644 Ecclesiae
1757 1612 1778 1643 ⁸:

1008 1665 1151 1696 «Beatus
1173 1669 1219 1696 est
1240 1667 1296 1706 qui
1318 1669 1403 1696 amat
1421 1667 1578 1706 optimum
1597 1677 1603 1695 ι
1620 1677 1633 1693 n
1653 1668 1685 1695 et
1705 1674 1778 1695 cum

1003 1721 1106 1757 amat⁷
1129 1720 1287 1759 optimum
1311 1720 1395 1758 quod
1415 1722 1500 1749 amat
1523 1729 1529 1748 :
1554 1728 1632 1757 ergo
1654 1718 1780 1749 videtur

1003 1772 1086 1811 quod
1102 1774 1227 1802 tantum
1243 1773 1282 1802 sit
1298 1772 1330 1802 in
1345 1774 1416 1802 actu
1433 1772 1573 1802 motiVae.

1043 1827 1072 1855 4.
1090 1825 1164 1855 Item
1177 1825 1386 1864 Augustinus,
1397 1824 1434 1855 (Ie
1446 1824 1581 1855 civitate
1595 1824 1652 1855 Dei
1662 1824 1672 1840 ‘³
1683 1833 1693 1854 .·
1707 1835 1720 1852 α
1732 1823 1781 1854 Vi-

1003 1878 1164 1915 debimus,
1185 1877 1379 1915 amabimus,
1402 1877 1619 1912 laudabimus,
1640 1877 1691 1906 isti
1708 1879 1781 1906 sunt

1003 1934 1092 1961 actus
1109 1931 1221 1970 gloriae
1239 1942 1245 1961 ς
1261 1942 1275 1958 »
1295 1931 1379 1970 quod
1401 1931 1425 1960 si
1444 1930 1634 1961 sufficienter
1649 1939 1700 1960 eos
1720 1939 1779 1960 nu-

1004 1986 1107 2014 merat
1130 1984 1347 2023 Augustinus,
1373 1987 1404 2014 et
1424 1984 1474 2014 hic
1497 1986 1543 2014 est
1566 1983 1674 2014 nullus
1694 1985 1781 2013 actus

1004 2038 1177 2075 memoriae‚
1195 2047 1252 2068 nec
1267 2038 1414 2077 potentiae
1425 2037 1597 2074 irascibilis,
1614 2038 1708 2076 patet,
1720 2039 1777 2067 etc.

1043 2094 1071 2122 5.
1098 2092 1173 2121 Item
1198 2091 1284 2121 dotes
1306 2091 1548 2129 distinguuntur
1572 2099 1668 2130 penes
1693 2092 1780 2120 actus

1006 2145 1118 2183 gloriae
1137 2154 1144 2174 :
1161 2144 1214 2174 scd
1238 2144 1309 2174 duae
1333 2144 1537 2183 assignantur
1559 2152 1653 2183 penes
1674 2145 1780 2174 actum

1005 2198 1167 2228 rationalis
1181 2200 1211 2228 et
1228 2197 1494 2236 concupiscibilis,
1516 2197 1631 2227 scilicet
1653 2196 1732 2227 visio
1750 2199 1780 2226 et

1007 2251 1130 2281 dilectio
1143 2262 1149 2280 ;
1165 2260 1244 2289 ergo
1260 2250 1286 2279 si
1300 2250 1544 2288 distinguuntur
1559 2250 1672 2289 aliquae
1684 2258 1780 2289 penes

1004 2307 1093 2335 actus
1108 2304 1270 2334 memoriae
1283 2306 1312 2334 et
1323 2303 1497 2341 irascibilis,
1516 2305 1591 2333 tune
1600 2305 1693 2333 erunt
1703 2311 1779 2341 qua-

1004 2360 1076 2388 tuor
1092 2358 1178 2388 dotes
1191 2367 1198 2387 :
1213 2357 1297 2397 quod
1313 2359 1360 2387 cst
1376 2358 1487 2387 contra
1502 2356 1647 2387 omnium
1660 2355 1778 2395 opinio-

1004 2421 1096 2448 nem;
1116 2420 1179 2441 non
1195 2411 1279 2441 enim
1296 2412 1460 2450 ponuntur
1476 2410 1534 2439 nisi
1550 2412 1622 2440 tres.

1045 2469 1075 2494 o.
1094 2464 1246 2494 Similiter
1264 2463 1448 2503 opponitur,
1469 2462 1554 2502 quod
1574 2462 1598 2491 si
1620 2462 1777 2501 ponantur

1004 2520 1091 2547 actus
1100 2517 1210 2555 gloriae
1225 2516 1403 2546 secundum
1417 2524 1526 2546 omnes
1538 2515 1678 2551 virtutes,
1693 2512 1776 2552 quod

1004 2603 1013 2618 Β
1026 2604 1092 2626 lunt.
1108 2608 1147 2631 xc,
1166 2604 1242 2625 102—
1257 2602 1266 2618 Β
1281 2600 1498 2631 Arig.,1leitlor1‘!1.
1516 2599 1594 2628 Eccl„
1607 2598 1649 2621 lib.
1665 2598 1683 2628 l,
1698 2602 1776 2627 c.111‚

1004 2646 1030 2662 n,
1043 2639 1065 2661 4.
1083 2651 1112 2655 —-
1123 2637 1233 2667 ⁶1d.,‹le
1245 2638 1320 2661 Civis.
1338 2637 1399 2665 Dei,
1417 2636 1458 2659 lili.
1476 2636 1552 2664 XXII,
1565 2642 1587 2657 c.
1604 2639 1665 2663 xxx,
1677 2640 1702 2656 11.
1718 2635 1737 2659 1,
1753 2633 1775 2655 5.

1037 2687 1071 2716 (a)
1087 2686 1147 2711 Coet.
1165 2685 1225 2710 edit.
1241 2685 1416 2716 capacitatem.
1427 2697 1457 2701 —
1475 2682 1505 2713 (b)
1519 2682 1606 2712 Suppl.
1624 2681 1751 2712 potentiae.

1797 1093 1830 1114 Ad
1849 1098 1899 1119 opp.
