1991 3006
45 2112 148 2131 beditas-

45 2146 81 2167 ιιυ,
92 2149 125 2168 qui
136 2143 149 2161 d

44 2174 66 2193 sit
83 2180 147 2199 prop-

45 2208 77 2224 tcr
87 2204 134 2223 adul
144 2215 148 2218 -

56 2236 141 2255 terium.

152 140 209 168 334

151 206 286 244 utroque
303 205 444 234 extremo
456 226 464 239 ,
481 210 560 239 ergo
576 201 636 231 ista
650 202 696 231 est
712 209 804 234 uxor,
827 202 855 229 et
872 199 923 229 itte

152 258 211 288 vir.

194 311 270 341 Item
282 334 290 347 ,
309 309 393 349 quod
414 310 540 338 mortua
560 316 660 337 uxore
680 307 777 346 possit
797 308 921 335 contra«

153 365 227 394 here
241 372 313 393 cum
328 362 406 398 alia,
423 361 548 390 videtur
564 371 570 390 :
587 360 662 399 quia
684 368 779 389 omne
803 358 923 388 crimen

154 418 253 456 potest
267 415 361 445 deleri
378 423 433 453 per
449 413 665 453 paenitentiam
680 423 686 442 :
709 421 787 450 ergo
806 411 832 441 si
853 420 921 441 om-

153 471 228 500 nino
243 469 343 499 deleto
357 467 501 505 crimine,
514 476 576 497 non
590 467 679 497 debet
691 466 806 497 durare
819 474 921 504 poma,

154 523 278 552 videtur
293 521 377 561 quod
394 520 464 550 tatis
480 520 576 560 possit
592 519 788 549 contrahere.

195 575 271 605 Item
283 598 292 612 ,
309 576 375 604 esto
392 573 475 613 quod
496 573 659 603 contrahat
672 597 680 609 ‚
698 570 853 610 numquid
867 569 922 600 Ec-

154 628 247 658 clesia
270 627 450 667 separabit?
470 626 594 657 Constat
617 625 700 665 quod
725 634 789 654 non
813 648 818 653 .
846 631 925 660 ergo

155 683 289 712 incestus
305 691 368 711 non
386 681 514 720 impedit
530 679 780 710 matrimonium.

427 780 621 813 (IONCLUSlt
631 782 648 809 b.

156 861 319 886 Incestuosus
344 864 496 891 rowzoscens
522 862 637 882 sororem
660 855 754 880 umoris
775 854 856 878 etiam
879 859 927 885 por

190 904 328 938 sponsalia
341 903 373 929 dc
385 903 487 935 futtuo,
500 908 551 927 non
561 902 647 934 potest
658 897 813 925 contrahere
828 897 926 922 matri*-

191 949 321 977 moniunm
335 947 398 980 qaia
409 946 544 971 eontracta
555 944 679 977 affinitas
693 950 740 976 per
755 942 926 975 manitionem

190 993 286 1018 sororis
313 991 426 1025 impedit
460 990 655 1015 matrimonium
670 997 677 1019 ;
709 987 806 1013 mulier
840 988 926 1012 tamon

192 1037 286 1063 nubere
296 1038 397 1070 polest,
414 1035 467 1061 nisi
482 1034 567 1066 fuerit
582 1033 687 1059 conscia
700 1032 815 1058 sceleris.

197 1111 288 1150 Resp.
306 1111 343 1140 ad
360 1119 431 1148 arg.
450 1108 621 1139 Dicendum
636 1107 719 1146 quod
736 1105 849 1145 aliquis
872 1114 927 1144 1¹0-

157 1168 215 1195 test
229 1164 425 1194 committere
443 1163 597 1192 incestum
610 1159 828 1199 cognoscendo
845 1167 928 1188 soro-

158 1228 224 1248 rem
241 1217 352 1247 uxoris
374 1225 441 1246 suae
463 1215 628 1255 dupliciter
647 1226 653 1244 t
680 1216 735 1243 aut
759 1215 928 1251 antequam

158 1271 321 1301 csmtrahat
350 1269 591 1299 matrimonium
619 1276 691 1297 cuin
721 1275 845 1302 sorore,
874 1267 929 1294 aut

158 1327 226 1364 post
246 1324 502 1354 contractionem.
529 1321 560 1351 Si
586 1324 654 1361 post
682 1319 929 1350 contractionem

160 1377 366 1411 matrimonii,
393 1375 631 1406 matrimonium
654 1374 731 1404 iliud
748 1382 811 1402 non
832 1372 927 1403 solvi-

158 1434 210 1461 tur
224 1442 230 1461 2
247 1431 364 1461 amittit
378 1432 482 1460 tam-*u
496 1431 549 1467 jus
563 1427 685 1468 petendi
698 1426 851 1463 debitum,
867 1434 929 1455 uon

160 1488 265 1515 tamen
280 1484 444 1521 reddendi,
461 1483 537 1522 quia
555 1491 618 1512 nou
643 1480 745 1520 potuit
766 1481 929 1519 peccatum

159 1539 228 1577 ejus
244 1537 453 1576 praejudicare
470 1535 582 1571 uxori,
604 1534 666 1564 nisi
688 1533 781 1563 fucrit
806 1531 930 1562 conscia

159 1590 294 1620 sceleris.
313 1590 511 1619 Interdicitur
527 1588 622 1617 etiam
637 1586 690 1616 tali
714 1586 753 1615 ab
774 1584 928 1620 Ecclesia,

160 1647 194 1674 ut
206 1653 269 1674 non
283 1643 447 1673 contrahat
463 1651 535 1672 cum
546 1641 618 1678 alia,
631 1640 724 1670 etiam
740 1638 837 1678 priori
849 1646 932 1667 mor-

161 1701 228 1734 tua3
245 1697 443 1736 dispensatur
458 1698 563 1725 tamen
578 1703 651 1724 cum
672 1702 726 1730 eo,
750 1692 890 1722 maxime
905 1691 930 1720 si

708 132 1015 164 SENTENTIARUM
1036 132 1111 164 LtB.
1136 132 1183 163 [V.

980 200 1110 230 timetur
1123 199 1161 229 de
1177 199 1392 236 fornicatione,
1410 199 1485 239 quia
1498 202 1543 230 est
1562 200 1702 239 juvenis.
1717 199 1749 230 Si

980 262 1056 283 vero
1073 252 1238 283 contrahat
1261 252 1328 282 sine
1345 252 1592 292 dispensatione,
1612 261 1676 283 non
1695 253 1748 283 de-

980 305 1031 335 bet
1046 305 1183 345 separari
1198 305 1339 342 omuino,
1355 305 1407 335 sed
1422 305 1462 335 ad
1477 307 1603 344 tempus
1624 305 1663 335 ad
1684 314 1751 344 poe-

981 359 1146 388 nitentiam
1163 358 1350 394 t'aciendam;
1370 361 1474 396 peccat
1493 360 1598 388 tamen
1624 361 1751 388 contra-

981 412 1085 441 hendo
1100 411 1166 441 sine
1182 411 1323 441 Ecclesia}
1338 410 1473 440 licentia.
1498 410 1531 441 Si
1547 414 1654 441 autem
1673 420 1751 450 cog-

981 466 1070 494 novit
1093 472 1233 494 sororem
1254 466 1326 493 ante
1349 463 1543 494 matrimonii
1568 464 1752 494 contractio-

981 526 1066 550 nem,
1084 517 1178 546 etium
1192 519 1261 556 post
1274 516 1430 556 sponsalia
1442 516 1480 546 de
1495 516 1613 554 tuturo,
1628 517 1752 548 nullum

981 572 1027 600 est
1044 569 1282 600 matrimonium
1304 572 1498 600 contractum
1514 570 1635 600 ratione
1649 569 1753 599 affini-

982 623 1107 653 nitatis:
1126 623 1209 653 unde
1224 623 1389 663 separandi
1411 625 1487 653 sunt
1504 622 1625 662 judicio
1650 622 1752 653 Eccle-

982 677 1060 707 siae:
1077 679 1107 706 et
1131 676 1246 706 mulier
1267 678 1368 715 potest
1390 676 1508 706 nubere
1522 700 1530 714 ,
1552 676 1601 706 vir
1624 678 1730 706 autem
1744 699 1752 712 ,

982 732 1139 768 quantum
1163 731 1210 759 est
1234 729 1271 759 dc
1294 729 1401 767 rigore
1419 729 1520 768 juris,
1546 729 1667 759 nubere
1691 738 1753 760 non

984 785 1082 821 potest
1097 794 1102 812 :
1121 785 1150 812 et
1165 782 1198 812 in
1213 782 1273 812 hoc
1289 791 1363 812 casu
1378 782 1603 821 intelliguntur
1619 782 1755 813 auctori-

982 838 1059 866 tates
1074 846 1092 866 a
1108 835 1258 874 Magistro
1273 835 1420 865 inductae.

1023 891 1051 919 2.
1074 888 1119 918 Ad
1137 888 1211 918 illud
1228 888 1311 927 quod
1331 888 1480 926 objicitur
1494 887 1532 917 de
1549 887 1692 924 crimine,
1709 888 1754 918 di-

983 942 1117 971 cendum
1134 942 1210 981 quia
1228 941 1376 981 quamvis
1398 941 1438 970 sit
1457 940 1554 970 homo
1575 941 1754 980 puniendus

984 1004 1041 1034 pro
1057 994 1199 1032 crimine,
1216 997 1372 1034 quantum
1387 996 1434 1024 est
1447 993 1486 1024 de
1500 994 1617 1032 rigore,
1633 993 1755 1034 dispen-

984 1051 1071 1078 satur
1086 1050 1189 1077 tamen
1205 1047 1259 1077 uhi
1280 1047 1410 1077 timetur
1429 1046 1624 1086 periculum,
1647 1049 1678 1078 et
1699 1047 1755 1078 de-

984 1102 1123 1131 trahitur
1138 1101 1308 1130 severitati.

1025 1156 1053 1184 3.
1069 1154 1115 1184 Ad
1128 1153 1204 1183 illud
1218 1153 1301 1192 quod
1315 1153 1463 1192 objicitur
1479 1152 1517 1183 de
1535 1152 1698 1191 affinitate,
1711 1153 1755 1183 di-

985 1209 1117 1239 cendum
1134 1208 1219 1248 quod
1236 1208 1370 1238 affinitas
1384 1207 1611 1247 superveniens
1621 1216 1686 1238 non
1698 1208 1754 1238 dis-

985 1263 1079 1293 solvit
1094 1261 1333 1292 matrimonium
1354 1262 1423 1300 Jam
1448 1263 1664 1298 contractum,
1680 1261 1756 1300 quia

986 1316 1069 1356 quod
1086 1316 1217 1345 firmum
1234 1317 1298 1352 est,
1316 1323 1379 1344 non
1404 1316 1504 1353 potest
1526 1313 1682 1344 infirmari
1697 1313 1754 1343 ali-

985 1378 1048 1408 quo
1067 1368 1202 1405 casuali,
1224 1368 1275 1398 vel
1298 1367 1481 1397 accidentali
1501 1366 1754 1406 superveniente.

1025 1425 1054 1452 4.
1079 1422 1126 1452 Ad
1142 1422 1217 1452 iliud
1233 1421 1316 1461 quod
1337 1421 1484 1460 objicitur
1505 1421 1543 1450 de
1562 1420 1683 1457 debito,
1709 1420 1758 1450 di-

987 1476 1121 1506 cendum
1137 1476 1221 1514 quod
1236 1475 1301 1514 ipse
1314 1475 1346 1504 in
1363 1474 1495 1514 petendo
1510 1474 1674 1512 cognoscit
1687 1473 1755 1503 affi-

987 1538 1077 1566 nem,
1095 1529 1148 1559 sed
1174 1529 1206 1558 in
1230 1527 1388 1558 reddendo
1412 1527 1575 1566 cognoscit
1602 1535 1735 1556 uxorem
1749 1549 1756 1563 ‚

986 1583 1061 1621 quia
1084 1582 1136 1611 illa
1162 1581 1237 1620 peut
1263 1582 1377 1611 affectu
1401 1581 1526 1617 uxorio,
1554 1582 1585 1610 et
1610 1579 1685 1619 petit
1705 1579 1760 1618 jus

987 1635 1071 1674 quod
1090 1635 1183 1664 hahet
1198 1635 1230 1664 in
1250 1643 1302 1671 eo3
1328 1637 1358 1663 et
1379 1634 1448 1663 ideo
1472 1635 1598 1663 tenetur
1621 1632 1666 1662 illi
1689 1631 1760 1662 red-

987 1689 1071 1719 dere.

696 1833 1023 1881 DISTINCTIO
1059 1832 1228 1878 XXXV

249 1954 332 1979 QUAM
357 1952 549 1974 POTESTATEM
574 1951 696 1973 HABEAT
721 1950 817 1971 ALTER
842 1949 881 1970 AD
906 1948 1046 1970 ALTERUM
1070 1947 1130 1968 CUM
1155 1944 1409 1974 ADULTERANTL'R,
1434 1943 1494 1965 VEL
1517 1942 1577 1964 CUM
1600 1941 1679 1963 ANTE

616 2003 829 2025 MATmMONIUM
853 2002 887 2023 SE
912 2000 1105 2024 POLLUERUNT
1130 1997 1310 2021 ADULTERIO.

213 2094 281 2126 Hoc
296 2095 392 2126 etiam
410 2091 590 2125 notandum
606 2094 673 2132 est,
689 2089 776 2134 quod
794 2089 953 2121 Dominus
973 2099 1048 2120 eum
1063 2085 1216 2119 concedat
1241 2095 1379 2117 uxorem
1394 2083 1519 2115 dimitti
1540 2092 1637 2114 causa
1657 2081 1760 2114 forni-

168 2152 302 2185 cationis
317 2151 388 2183 viro
404 2152 429 2191 ¹,
447 2150 558 2182 eadem
582 2149 711 2181 licentia
736 2158 801 2180 uon
830 2146 956 2179 tollitur
979 2144 1119 2178 feminis.
1149 2142 1242 2176 Unde
1269 2142 1493 2185 Hieronymus
1508 2148 1518 2163 ³
1537 2153 1544 2172 ε
1567 2153 1583 2170 ι(
1601 2138 1761 2182 Praecepit

171 2210 329 2243 Dominus
346 2220 480 2241 uxorem
496 2218 561 2240 non
580 2206 724 2246 dimitti,
744 2208 876 2249 excepta
890 2214 986 2236 causa
1001 2201 1242 2241 fornicationi&
1256 2204 1286 2232 et
1301 2199 1326 2231 si
1341 2198 1478 2231 dimissa
1492 2196 1590 2230 fuerit
1603 2222 1611 2237 ,
1629 2206 1759 2228 manere

171 2268 356 2311 innuptam.
382 2265 550 2309 Quidquid
578 2263 657 2296 viris
683 2263 890 2307 praecipitur,
914 2262 973 2293 hoc
1000 2262 1234 2303 consequenter
1259 2256 1421 2289 redundat
1445 2255 1485 2288 ad
1510 2254 1659 2287 feminas.
1686 2252 1759 2285 Non

171 2325 259 2357 enim
272 2324 419 2356 adultera
434 2334 517 2355 uxor
533 2321 727 2354 dimittenda
742 2324 806 2361 est,
820 2324 850 2352 et
867 2319 916 2352 vir
929 2317 1076 2351 moechus
1091 2315 1262 2348 tenendus.
1283 2328 1297 2345 »
1317 2314 1397 2346 Item
1416 2326 1422 2345 :
1440 2326 1456 2344 «
1471 2312 1570 2356 Apud
1583 2323 1655 2352 nOS‚
1671 2310 1760 2355 quod

171 2382 327 2415 nonlicet
343 2381 491 2422 seminis,
510 2391 601 2424 aeque
626 2390 691 2411 non
716 2379 790 2411 licet
811 2377 909 2416 viris;
935 2380 966 2409 et
981 2375 1092 2408 eadem
1108 2373 1248 2406 servitus
1273 2372 1342 2416 pari
1357 2370 1543 2403 conditione
1559 2374 1719 2402 censetur.
1738 2381 1753 2399 »

172 2441 219 2473 Ex
236 2440 285 2472 his
300 2438 498 2478 ostenditur,
515 2437 604 2481 quod
622 2436 739 2468 mulier
755 2439 858 2479 potest
881 2444 978 2478 super
1001 2431 1213 2465 fornicatione
1235 2430 1343 2462 virum
1358 2428 1532 2461 convenire
1543 2453 1551 2469 ‚
1570 2431 1605 2459 ut
1620 2426 1671 2459 vir
1686 2437 1759 2458 mu—

172 2499 297 2530 lierem.
318 2496 410 2528 Unde
424 2494 633 2527 Innocentius
649 2494 736 2537 Papa
752 2496 762 2512 ⁸
783 2506 789 2525 :
810 2507 825 2523 α
840 2491 1024 2525 Christiana
1048 2489 1163 2531 religio
1179 2488 1366 2521 adulterum
1384 2487 1416 2518 in
1433 2490 1573 2529 utroque
1589 2495 1668 2517 sexu
1685 2483 1756 2528 pari

205 2585 210 2597 ¹
225 2582 325 2609 Mami..
341 2587 395 2610 xix,
409 2582 432 2604 9.
445 2593 470 2596 —
486 2579 493 2593 ²
510 2579 625 2608 Hieron„
640 2578 670 2601 de
685 2579 762 2601 morte
777 2576 898 2605 Fabioloe,
912 2579 937 2600 et
951 2575 1057 2600 habetur
1073 2581 1141 2598 caus.
1158 2578 1241 2602 xxxu,
1255 2580 1280 2602 q.
1297 2577 1321 2600 v,
1345 2578 1367 2595 c.
1384 2570 1510 2601 Praecepit.
1525 2582 1555 2587 -—
1572 2569 1580 2583 ¹
1593 2570 1724 2593 innocent.
1741 2569 1761 2600 Ι,

184 2617 256 2648 epist.
270 2623 310 2647 ιιι,
327 2619 351 2640 et
366 2616 474 2640 habetur
492 2621 561 2638 caus.
577 2619 662 2643 xxxn,
676 2620 701 2643 q.
720 2619 743 2643 ν,
762 2619 784 2636 c.
802 2612 958 2636 Christiana.
