1991 3006
29 786 132 806 Fundam.

28 1683 59 1704 Ad
80 1688 131 1708 ομρ.

630 217 727 250 DIST.
750 217 852 249 XLVI.
879 218 967 248 ART.
993 219 1015 249 Ι.
1039 219 1191 256 QUAEST.
1217 221 1253 251 ΙΙ.

150 287 230 317 taria
239 311 247 325 ,
260 286 428 318 dicendum
440 285 523 326 quod
537 295 648 316 verum
660 289 706 316 est
719 298 726 323 ;
741 286 825 316 unde
837 285 917 315 Deus

150 343 333 371 remunerat
360 340 466 370 virum
489 341 613 378 justum
636 349 693 379 pro
717 339 770 369 illa
793 348 886 378 poeua
908 350 913 368 :

149 393 202 423 sed
217 393 275 423 ista
289 402 382 432 poena
397 392 576 422 voluntaria
590 401 654 422 non
668 394 768 431 potest
785 391 913 427 assumi,

150 454 206 475 nec
220 445 383 484 acceptari,
401 453 459 484 pro
474 454 510 475 eo
526 445 579 483 qui
595 453 659 475 non
676 445 767 474 habet
783 444 916 474 charita-

149 500 213 528 tem
228 506 238 527 .·
256 499 286 527 et
300 497 369 527 ideo
384 499 468 536 patet
484 506 628 536 sequens,

415 601 593 639 QUAESTIO
614 603 651 632 ll.

149 683 190 709 An
202 682 388 709 damnatorum
401 690 479 717 poena
494 684 633 716 mitigetur
644 686 703 717 post
720 685 885 710 taxationem
897 689 914 709 ¹.

187 762 299 793 Utrum
324 763 378 793 fiat
402 763 560 801 mitigatio
585 765 712 802 propter
738 764 913 793 misericor-

147 815 206 845 diae
218 815 364 854 pietatem
376 816 413 846 de
425 816 526 855 poenis
536 816 775 853 damnatorum3
789 819 819 847 et
829 817 913 856 quod

146 877 227 904 non,
244 868 378 900 videtur.
394 869 468 908 quia
491 869 604 899 dicitur
626 869 657 898 in
683 869 867 909 Apocalypsi
881 873 891 888 Ξ
907 880 912 899 ;

148 922 307 958 Quantum
324 929 356 952 se
370 922 565 961 qlorificczvic
577 946 586 960 ,
602 926 630 954 et
644 924 676 953 in
688 923 814 954 deliciis
831 924 913 961 tuit,

150 977 276 1005 tantum
288 974 361 1005 (late
377 974 428 1006 illi
444 978 642 1006 tormentum.

187 1026 263 1056 lieni
277 1029 287 1045 ³
305 1038 310 1056 :
328 1028 478 1066 Suscepit
494 1028 532 1059 cle
548 1036 645 1059 manu
662 1029 792 1060 Domini
806 1029 914 1068 dupli-

147 1080 198 1110 cia
215 1089 225 1108 .·
241 1079 355 1109 dicitur
370 1080 407 1109 de
422 1081 528 1110 anima
542 1082 724 1120 peccatrice.

187 1132 264 1162 Item
277 1155 284 1168 ,
302 1141 397 1172 super
411 1132 488 1163 illud
505 1133 621 1163 Psalmi
636 1137 645 1152 ⁸
664 1145 669 1163 ;
689 1134 741 1165 Ex
758 1135 865 1166 usuris
888 1137 916 1165 ei

145 1186 337 1224 iniquitate,
363 1185 471 1216 Glossa
489 1197 495 1216 ;
518 1198 532 1213 «
547 1186 657 1217 Usurae
679 1187 826 1218 dicuntur
843 1197 914 1227 pec·

145 1240 229 1275 cata,
246 1239 320 1277 quia
335 1238 406 1277 plus
421 1238 496 1268 mali
511 1238 673 1269 invenitur
688 1240 720 1269 in
739 1240 914 1279 suppliciis,

144 1299 241 1329 quam
256 1291 460 1321 commissum
475 1294 520 1321 est
534 1291 566 1321 in
581 1292 683 1331 culpis
699 1303 705 1321 :
724 1304 737 1320 n
757 1293 859 1331 igitur
874 1294 915 1323 ibi

144 1352 208 1373 non
224 1345 269 1373 est
285 1343 392 1382 aliqua
408 1344 579 1382 mitigatio.

185 1397 263 1427 Item
289 1397 407 1427 ratione
431 1397 567 1435 videtur,
591 1399 667 1437 quia
689 1398 853 1429 delectatio
871 1402 917 1429 est

145 1452 365 1480 momentanea
388 1452 418 1480 et
433 1451 555 1481 modica
574 1462 580 1481 ;
608 1452 661 1481 sed
676 1452 809 1491 punitur
823 1462 917 1492 poena

145 1504 262 1532 aeterna
275 1505 304 1532 et
319 1503 522 1533 acerbissima
537 1513 543 1534 :
563 1504 615 1533 sed
633 1505 692 1534 hoc
706 1505 738 1535 in
755 1505 915 1536 infinitum

146 1555 267 1586 excedit
290 1556 372 1585 istud
399 1567 404 1586 ;
431 1565 509 1595 ergo
531 1557 663 1596 punitur
685 1567 780 1597 supra
808 1559 915 1588 condi—

147 1618 250 1648 gnum
267 1620 273 1639 ι
291 1618 368 1648 ergo
384 1619 447 1640 non
463 1612 509 1640 est
522 1610 565 1639 ibi
582 1611 748 1649 mitigatio.

187 1662 299 1693 Contra
317 1674 322 1692 :
352 1666 380 1693 1.
410 1663 442 1692 in
462 1662 608 1694 Psalmo5
627 1675 633 1693 ι
651 1664 817 1703 Numquid
838 1665 915 1696 obli-

147 1716 285 1747 viscetur
306 1716 449 1747 misereri
473 1718 568 1754 Deus,
599 1720 656 1749 aut
681 1718 854 1749 continebit
879 1720 915 1749 in

148 1770 201 1800 ira
213 1777 272 1799 sua
288 1768 526 1800 misericordias
550 1770 648 1800 suus?
664 1771 754 1809 quasi
775 1771 890 1801 diceret
909 1783 914 1801 :

148 1821 217 1852 Non
234 1833 239 1851 :
258 1831 337 1861 ergo
352 1825 427 1852 tunc
443 1822 561 1861 aliquid
577 1822 708 1853 relaxat.

186 1877 215 1906 2.
233 1875 310 1906 item
322 1900 329 1912 ,
346 1877 499 1915 peccator,
515 1885 587 1905 cun]
610 1878 714 1915 peccat
729 1877 914 1913 mortaliter,

147 1928 277 1959 offendit
292 1929 409 1965 Deum,
429 1939 445 1959 a
462 1938 525 1968 quo
540 1932 585 1959 est
602 1938 696 1960 omne
710 1930 829 1960 bonum
847 1941 853 1960 2
871 1939 918 1960 er-

149 1990 191 2019 go
206 1984 346 2012 meretur
360 1983 502 2013 amittere
516 1991 610 2013 omne
626 1982 746 2012 bonum
766 1993 772 2012 ;
792 1992 872 2021 ergo
888 1985 918 2013 et

148 2044 215 2065 esse
232 2045 238 2065 :
255 2044 333 2074 ergo
349 2045 421 2066 cum
444 2036 526 2066 Dens
547 2035 707 2066 neminem
732 2036 861 2066 reducat
879 2036 918 2066 ad

148 2096 212 2118 non
225 2097 292 2118 esse
303 2111 310 2121 ,
328 2097 438 2119 omnes
450 2088 541 2128 punit
556 2088 632 2119 citra
647 2088 853 2128 condignum.

188 2143 216 2171 3.
235 2140 311 2171 ltem
324 2144 466 2181 peccator
478 2142 609 2172 offendit
626 2142 724 2172 Deum
736 2166 745 2180 ,
762 2151 781 2172 a
793 2151 857 2181 quo
872 2145 918 2172 est

148 2194 251 2224 omnis
266 2194 343 2224 ordo
357 2206 362 2224 ι
379 2203 459 2233 ergo
473 2204 506 2225 se
521 2194 683 2225 deordinat
696 2206 702 2225 2
719 2204 797 2233 ergo
812 2196 836 2225 si
850 2205 918 2234 pec-

149 2249 252 2277 cantes
268 2249 432 2277 merentur
447 2247 479 2277 in
495 2248 655 2286 suppliciis
669 2248 807 2278 ordinari
821 2271 830 2285 ‚
854 2251 917 2279 sta-

149 2299 206 2329 tim
231 2308 309 2338 ergo
331 2302 493 2329 merentur
516 2300 621 2337 puniri
640 2311 645 2330 :
668 2309 746 2339 ergo
762 2310 835 2331 cum
854 2310 915 2331 non

149 2352 323 2391 puniantur
350 2352 455 2382 statim
476 2376 482 2389 ‚
511 2354 596 2391 patet
621 2353 705 2392 quod
734 2353 811 2383 citra
841 2363 914 2384 con-

149 2404 297 2443 dignum.

189 2459 218 2487 4.
236 2457 313 2488 Item
335 2461 478 2497 peccator
501 2459 631 2489 ostendit
654 2458 769 2496 Deum,
791 2459 845 2498 qui
872 2463 917 2490 est

149 2509 270 2540 honum
284 2510 444 2541 infinitum
461 2511 548 2540 omni
560 2511 713 2541 infinitate
727 2523 732 2542 z
751 2521 829 2551 ergo
844 2513 915 2543 infi-

182 2610 187 2622 ¹
203 2608 241 2638 Cf.
259 2610 285 2632 S.
300 2609 401 2639 Thom„
418 2610 442 2634 in
457 2610 544 2641 Suppl.
559 2618 585 2641 p.
604 2611 650 2640 ΙΙΙ,
670 2618 694 2641 q.
716 2617 790 2641 Lxxi,
807 2614 853 2635 art.
872 2613 916 2643 105

150 2644 297 2672 Richardus.
313 2645 343 2668 lV
358 2645 436 2673 Sent.‚
452 2646 509 2670 dist.
526 2651 595 2675 Xtm,
614 2647 660 2669 art.
682 2648 710 2676 2,
730 2653 755 2677 q.
775 2653 813 2677 1v;
830 2647 915 2677 Steph.

152 2679 254 2710 Bruler„
271 2680 300 2703 iv
317 2680 395 2709 Seni„
409 2680 465 2704 dist.
482 2687 552 2710 vai,
567 2688 591 2711 q.
611 2687 642 2711 11,
658 2683 746 2705 Petrus
760 2682 790 2705 de
805 2683 920 2712 Taraut„

268 2732 340 2754 TOM.
365 2733 407 2755 vl.

1682 229 1740 258 529

973 286 1039 315 nita
1053 294 1155 325 poenae
1173 288 1340 318 acerbitate
1355 289 1445 320 debet
1461 290 1566 329 puniri
1585 301 1591 321 :
1607 292 1661 322 sed
1675 301 1738 324 non

973 339 1104 377 punitur
1121 350 1127 368 :
1144 348 1223 377 ergo
1238 340 1316 370 citra
1329 342 1525 382 condignum
1541 345 1683 383 punitur.

1250 454 1472 488 CONCLUSIO.

977 538 1164 564 Damnatorum
1178 546 1257 572 poena
1269 542 1328 573 post
1354 543 1517 568 cantationem
1538 544 1641 570 nullam
1663 544 1740 571 habet

1008 583 1221 616 mitz'yationem;
1252 585 1312 609 ante
1339 592 1408 616 vero,
1436 587 1527 620 utique
1547 588 1740 621 mitigationem

1008 626 1112 660 recipit.

1013 709 1102 749 Resp.
1127 710 1165 740 ad
1185 719 1254 748 arg.
1280 710 1451 742 Dicendum
1476 714 1560 752 quod
1585 715 1741 755 mitigatio

972 773 1074 803 poenae
1089 764 1313 795 damnatorum
1334 765 1500 806 dupliciter
1521 771 1623 807 potest
1646 770 1739 800 intel-

972 816 1027 855 ligi
1046 827 1051 846 2
1069 818 1123 846 aut
1140 819 1294 856 quantum
1318 818 1357 848 ad
1373 820 1566 850 taxationem
1587 823 1617 851 et
1640 822 1741 852 inflic—

971 869 1089 899 tionem
1101 878 1216 908 poenae,
1232 872 1262 899 et
1272 870 1315 900 sic
1327 870 1446 910 absque
1461 872 1556 903 dubio
1568 876 1613 904 est
1627 875 1670 904 ibi
1686 877 1743 906 mi-

972 922 1101 960 tigatio,
1119 922 1194 961 qnia
1209 923 1450 962 divinajustitia
1464 934 1526 954 non
1546 927 1669 957 tantum
1693 930 1742 959 vel

974 976 1073 1004 totum
1088 975 1210 1012 exigit,
1229 984 1286 1014 pro
1303 984 1340 1006 eo
1355 977 1437 1015 quod
1452 1000 1459 1013 ,
1476 978 1545 1016 ejus
1562 979 1675 1017 pietate
1693 982 1740 1011 in-

972 1027 1165 1057 terveniente
1181 1051 1188 1063 ‚
1213 1028 1352 1067 aliquan]
1382 1032 1502 1068 partem
1529 1040 1631 1070 poenae
1656 1034 1742 1064 inssi-

971 1081 1075 1119 gendo
1091 1081 1248 1118 remittat,
1276 1082 1339 1112 alio
1365 1083 1459 1113 modo
1482 1087 1582 1122 potest
1605 1086 1740 1127 intelligi

972 1134 1129 1172 mitigatio
1141 1136 1208 1173 post
1223 1144 1325 1174 poenae
1340 1136 1534 1167 taxationem
1551 1140 1581 1168 et
1595 1139 1740 1172 inflictio-

972 1196 1063 1225 nem,
1090 1190 1120 1217 et
1142 1187 1202 1218 hoc
1222 1189 1315 1219 modo
1332 1189 1420 1219 nulla
1443 1190 1524 1221 cadit
1547 1193 1705 1232 mitigatio
1725 1206 1743 1226 a

972 1240 1078 1270 divina
1093 1241 1315 1279 misericordia,
1328 1242 1403 1281 quia
1419 1252 1458 1272 ex
1473 1245 1554 1274 tunc
1570 1245 1684 1277 claudit
1697 1249 1741 1279 eis

973 1293 1122 1323 Dominus
1150 1293 1270 1324 viscera
1298 1294 1432 1333 pietatis.
1462 1296 1612 1328 Rationes
1638 1300 1741 1338 igitur

972 1346 1169 1377 ostendentes
1182 1371 1190 1384 ,
1212 1348 1297 1386 quod
1310 1350 1355 1378 est
1371 1348 1414 1378 ibi
1431 1350 1592 1389 mitigatio
1604 1376 1612 1389 ,
1630 1362 1740 1384 omnes
1766 1364 1784 1376 ¹0

973 1399 1145 1438 procedunt
1172 1401 1343 1431 secundum
1371 1402 1462 1432 istam
1485 1403 1570 1434 viam
1588 1428 1595 1441 ‚
1626 1406 1740 1437 scilicet
1776 1395 1802 1408 ΗΠ

972 1455 1126 1491 quantum
1150 1453 1187 1483 ad
1219 1454 1432 1485 inflictionem.
1458 1455 1541 1487 Unde
1571 1460 1738 1490 ostendunt

973 1505 1015 1535 ibi
1037 1506 1270 1544 mitigationem
1291 1510 1446 1546 quantum
1462 1509 1499 1539 ad
1524 1510 1607 1540 eain
1624 1512 1742 1551 quibus

974 1559 1069 1589 homo
1082 1560 1223 1598 punitur7
1237 1563 1392 1599 quantum
1405 1562 1444 1592 ad
1456 1564 1592 1602 tempus,
1603 1569 1633 1594 et
1645 1574 1742 1604 quan-

973 1615 1041 1642 tum
1057 1613 1094 1642 ad
1112 1622 1312 1651 mensuram,
1329 1614 1403 1653 quia
1419 1624 1481 1645 non
1502 1618 1625 1646 tantum
1650 1618 1742 1649 infert

974 1665 1054 1695 Deus
1065 1689 1074 1703 ,
1090 1669 1244 1704 quantum
1260 1666 1357 1697 homo
1373 1668 1489 1698 meruit
1502 1668 1511 1684 ⁶
1530 1678 1536 1698 :
1559 1669 1741 1703 Misericor-

973 1717 1036 1748 ἀίω
1062 1719 1192 1750 Dmm'nz'
1217 1722 1264 1750 est
1282 1743 1290 1757 ‚
1321 1720 1405 1759 quod
1441 1729 1504 1752 non
1529 1730 1639 1754 seimus
1666 1732 1743 1755 con-

973 1772 1110 1809 szmzpti;
1120 1773 1149 1801 et
1158 1772 1272 1802 iterum
1283 1781 1408 1811 poenam
1417 1774 1535 1811 differt;
1547 1777 1577 1804 et
1585 1778 1743 1814 postremo

973 1823 1176 1854 acerbitatem
1199 1825 1316 1855 minuit
1345 1836 1350 1855 :
1375 1828 1405 1855 et
1430 1826 1500 1856 ideo
1523 1827 1583 1857 illae
1608 1829 1744 1860 rationes

974 1876 1179 1906 concedendae
1195 1880 1279 1907 sunt.
1298 1878 1344 1907 Ad
1367 1879 1546 1918 oppositum
1563 1882 1743 1920 responderi

975 1931 1074 1967 potest
1090 1938 1146 1968 per
1163 1930 1288 1959 unicam
1304 1930 1550 1962 distinctionem.

1016 1983 1044 2018 1,
1060 1984 1078 2011 Ξ
1089 2006 1097 2019 ,
1115 1985 1133 2013 3
1149 1985 1179 2012 et
1195 1985 1224 2012 4.
1246 1983 1295 2013 Ad
1309 1983 1386 2014 illud
1402 1993 1481 2023 ergo
1495 1985 1579 2024 quod
1598 1986 1744 2025 objicitur

975 2034 1012 2064 de
1036 2034 1198 2074 Scriptura
1224 2045 1296 2075 quae
1321 2036 1414 2074 dicit7
1440 2038 1523 2077 quod
1549 2041 1686 2077 tantum⁷
1713 2042 1744 2070 et

974 2088 1058 2127 quod
1074 2089 1208 2128 duplum
1222 2113 1230 2126 ,
1249 2092 1279 2120 et
1293 2090 1377 2129 quod
1389 2091 1542 2130 amplius,
1559 2092 1598 2122 ad
1613 2092 1665 2123 illa
1679 2102 1745 2123 om—

974 2141 1026 2171 nia
1041 2143 1296 2182 respondendum
1307 2168 1316 2181 ,
1333 2144 1417 2183 quod
1434 2146 1479 2174 est
1496 2154 1679 2185 comparare
1693 2147 1746 2177 de-

975 2194 1171 2225 lectationem
1188 2196 1226 2226 ad
1247 2205 1374 2235 poenam
1399 2198 1572 2228 secundum
1588 2198 1744 2238 duplicem

974 2249 1243 2287 comparationem
1259 2260 1265 2279 t
1279 2252 1334 2280 aut
1344 2251 1520 2281 secundun]
1532 2252 1743 2284 intensionem

974 2300 1071 2340 huJus
1088 2302 1119 2331 in
1136 2311 1253 2340 genere
1269 2312 1390 2342 poenae,
1413 2306 1443 2334 et
1467 2304 1552 2334 illius
1572 2305 1605 2334 in
1627 2314 1744 2344 genere

974 2353 1203 2392 delectationis,
1220 2358 1250 2385 et
1273 2356 1317 2386 sic
1342 2357 1442 2387 multo
1466 2358 1568 2396 major
1587 2361 1633 2388 est
1654 2368 1745 2398 poena

974 2416 1070 2446 quam
1087 2408 1266 2446 delectatio,
1288 2418 1345 2439 nec
1360 2411 1406 2440 est
1422 2410 1466 2439 ibi
1488 2412 1665 2450 proportio,
1692 2412 1745 2442 sed

974 2469 1141 2497 excessus3
1161 2463 1207 2491 est
1223 2462 1339 2493 iterum
1362 2472 1546 2503 comparare
1560 2465 1620 2495 hoc
1641 2465 1678 2494 ad
1704 2465 1744 2494 il-

974 2513 1025 2544 lud
1041 2514 1217 2545 secundum
1237 2516 1392 2547 rationem
1413 2517 1538 2554 meriti,
1564 2517 1613 2547 vel
1637 2517 1743 2548 deme-

976 2613 1006 2635 tV
1024 2614 1101 2641 Sem„
1122 2613 1179 2636 dist.
1196 2619 1270 2642 va1,
1291 2620 1387 2644 q.v111.
1407 2627 1433 2632 -
1453 2615 1460 2627 ¹
1479 2614 1562 2644 Apoc„
1580 2620 1656 2644 Χνιιι,
1677 2616 1699 2639 7.
1717 2629 1745 2633 —

975 2647 1055 2677 ³Isc1.,
1075 2654 1116 2678 xc,
1132 2649 1154 2672 2.
1166 2662 1196 2666 —
1210 2649 1220 2665 ⁴
1235 2648 1299 2673 Psal.
1318 2655 1388 2678 mxi,
1409 2651 1475 2672 14.--
1489 2650 1499 2665 Β
1513 2649 1580 2672 Psal.
1597 2656 1689 2679 Lxxx'i,
1707 2651 1744 2674 10.

979 2696 1003 2699 —
1021 2684 1029 2697 ‘⁵
1046 2683 1141 2710 leren..
1157 2689 1196 2713 111,
1213 2685 1251 2707 22.

1592 2732 1629 2758 34

1767 1326 1853 1352 Exposi-

1800 1358 1860 1377 ratio-
