1991 3006
74 1030 174 1058 Exempl-

202 210 260 240 498

202 276 366 315 guendum
388 285 394 306 :
420 285 494 307 nam
513 278 671 317 corruptiO
695 286 759 307 uno
782 275 874 306 modo
895 274 969 304 dicit

200 329 403 359 desectionem
423 354 429 367 ,
456 339 510 360 seu
535 330 725 360 decisionum
749 330 791 360 rei
815 330 969 367 quantum

200 382 236 411 ad
251 392 317 412 esse
328 382 533 413 substantiale
545 406 552 419 ,
562 385 593 413 et
607 383 665 413 hoc
681 383 774 413 modo
791 382 872 412 idcm
884 381 970 420 quod

199 436 396 474 consumptio
421 447 426 465 :
454 439 483 466 et
500 436 552 466 tali
568 436 661 466 modo
677 446 741 466 non
756 443 967 473 corrumpun-

200 489 261 525 tur⁷
279 498 351 518 cum
366 498 431 519 non
443 489 630 520 moriantur.
648 489 717 519 Alio
730 489 822 519 modo
838 498 968 527 corrup-

198 541 241 571 tio
258 544 303 572 cst
319 542 400 573 idem
417 543 499 582 quod
521 542 656 582 privatio
672 542 764 572 bona:
790 541 966 580 dispositio-

198 594 247 624 nis
266 606 271 625 :
288 597 319 625 et
340 595 400 626 hoc
421 596 513 627 modo
526 620 533 632 ‚
562 596 714 635 quoniam
741 605 760 625 a
783 594 968 633 corporibus

198 647 420 679 damnatorum
436 650 597 680 auferetur
611 649 700 688 quies
721 651 750 678 et
765 648 848 677 bona
862 647 969 686 dispo-

196 700 287 738 sitio,
310 710 381 740 quae
408 704 541 740 generat
566 702 599 732 in
624 702 731 731 anima
746 700 964 739 voluptatem3

195 753 268 784 hinc
279 757 325 785 est
338 756 422 794 quod
431 756 580 785 continue
592 754 815 793 corrumpitur.
826 753 878 784 Est
888 762 967 792 ergo

195 807 356 846 corruptio
383 808 583 845 afflictionis,
608 817 672 837 nou
696 806 964 846 interemptionis,

195 860 260 890 sive
275 861 524 900 consumptionis
538 884 544 897 ‚
562 863 592 891 et
608 861 676 890 haec
698 861 732 889 fit
748 869 804 899 per
825 859 967 890 adustio-

194 922 266 943 nem
292 914 387 952 ignis.
414 913 446 944 Si
469 916 575 944 autem
598 915 761 953 quaeratur
786 922 848 952 quo
874 912 966 943 modo

194 965 275 996 istud
301 967 397 1005 possit
419 967 486 1006 capi
504 970 534 997 et
554 966 713 1005 intelligi,
736 975 905 1006 possumus
927 966 966 996 ad

194 1018 253 1048 hoc
270 1020 440 1050 manuduci
457 1022 487 1049 et
503 1020 664 1059 exemplo,
682 1022 711 1050 et
728 1020 860 1049 ratione.
878 1019 965 1050 Vide-

194 1081 265 1102 mus
281 1073 427 1112 quaedam
451 1073 482 1103 in
500 1073 575 1112 igne
601 1073 724 1110 vivore,
748 1075 778 1103 et
800 1082 864 1103 non
888 1073 965 1103 defi—

193 1134 284 1162 cere,
306 1126 387 1156 sicut
411 1126 500 1166 ponit
524 1126 723 1165 Augustinus
751 1128 758 1144 ¹
780 1125 965 1165 exemplum

192 1179 229 1208 de
244 1178 444 1209 salamandra
457 1203 463 1216 ,
476 1179 514 1210 de
532 1179 668 1210 Ciuitate
682 1179 749 1210 Dei.
767 1178 798 1208 Si
813 1188 892 1217 crgo
908 1179 965 1208 mi-

193 1232 322 1262 rabilius
337 1234 382 1262 est
404 1232 531 1271 aliquod
552 1232 670 1261 animal
691 1232 724 1260 in
740 1231 814 1270 igne
838 1240 966 1261 conscr-

193 1285 262 1315 vari
278 1285 345 1314 sine
364 1285 532 1315 afflictione
545 1309 552 1322 ,
570 1294 667 1324 quam
683 1284 783 1322 affligi
803 1284 870 1313 sine
886 1293 965 1314 cou-

192 1338 388 1377 sumptione,
406 1341 436 1368 et
458 1337 539 1368 istud
555 1340 601 1367 est
623 1338 797 1367 secundum
817 1339 962 1367 naturam

194 1391 358 1430 possibile3
381 1400 459 1429 ergo
479 1400 535 1421 nec
552 1390 635 1420 istud
651 1390 890 1429 debctjudicari
905 1391 964 1420 im-

193 1444 352 1483 possibile.
369 1444 456 1480 Quod
472 1443 497 1473 si
513 1443 597 1473 dicas
611 1443 672 1474 hoc
688 1452 752 1474 nou
767 1452 834 1473 esse
849 1443 962 1481 simile,

193 1497 269 1535 quia
298 1499 412 1527 natura
445 1497 527 1526 illius
551 1497 698 1526 animalis
727 1497 897 1527 conformis
921 1499 965 1526 est

194 1550 260 1588 igni
275 1574 283 1588 ‚
301 1553 415 1580 natura
431 1560 506 1581 vero
531 1551 663 1581 humani
679 1551 818 1590 corporis
833 1551 965 1580 omnino

194 1604 368 1641 ‹utrm-mim
387 1605 567 1644 responderi
582 1607 683 1643 potest
694 1604 858 1643 dupliciter
876 1614 883 1633 :
901 1612 965 1634 uno

196 1657 306 1694 modo,
323 1657 406 1696 quod
431 1658 579 1696 quamvis
603 1660 716 1687 natura
743 1657 875 1688 humani
896 1666 965 1686 cor-

196 1709 280 1748 poris
306 1710 481 1740 secundum
508 1712 624 1740 statum
651 1712 840 1749 praesentem
864 1709 904 1739 sit
927 1710 966 1739 ab

195 1763 272 1801 igne
295 1762 562 1801 consumptibilis,
587 1762 665 1792 niliil
689 1764 796 1792 tamen
823 1762 967 1801 prohibet

197 1815 274 1854 quin
298 1815 434 1852 Creator,
461 1816 516 1855 qui
534 1818 699 1853 naturam,
727 1824 824 1854 quum
850 1815 965 1853 voluit,

197 1869 345 1899 omuibus
364 1871 394 1899 et
418 1869 555 1907 singulis
576 1869 676 1906 dedit,
701 1868 794 1898 talem
820 1871 967 1898 naturam

197 1921 320 1951 homini
337 1922 411 1952 dare
426 1922 533 1961 possit.
551 1921 612 1952 Nec
629 1922 762 1956 mirum,
784 1930 856 1951 cum
872 1921 968 1951 homo

199 1976 270 2003 ante
286 1973 411 2013 lapsum
426 1974 556 2004 alterius
572 1974 783 2014 dispositionis
799 1976 829 2003 et
845 1977 966 2004 naturae

200 2036 313 2066 corpus
332 2027 495 2064 habuerit,
519 2036 616 2066 quam
633 2029 702 2066 post
725 2027 870 2067 lapsum;
895 2027 969 2065 quia

200 2080 287 2118 prius
315 2080 460 2119 possibile
485 2080 522 2110 ad
548 2080 818 2109 immortalitatem
835 2103 842 2115 ,
876 2079 968 2109 modo

202 2133 410 2162 necessarium
427 2133 465 2162 ad
481 2135 626 2162 mortem.
646 2132 709 2162 Hoc
723 2132 826 2171 ipsum
844 2141 969 2171 persua-

201 2185 265 2215 deri
283 2188 381 2224 potest
396 2185 548 2224 ‹·xeu1plis
570 2185 703 2223 sumptis
718 2194 735 2214 a
753 2186 840 2224 parte
856 2185 941 2223 ignis
960 2196 965 2214 :

203 2238 271 2267 ideo
286 2239 370 2267 enim
386 2238 437 2267 ille
454 2238 539 2276 ignis
562 2238 627 2268 urit
642 2261 648 2273 ‚
665 2240 695 2268 et
711 2247 774 2268 non
790 2238 967 2275 consumit,

201 2289 276 2328 quia
303 2288 454 2328 pabulum
469 2298 536 2327 ,non
560 2289 702 2328 requirit.
731 2288 768 2319 Et
791 2292 836 2319 est
858 2299 970 2319 exem-

203 2342 289 2381 plum
310 2342 512 2371 manifestum
530 2342 561 2371 in
578 2342 826 2372 inflammatione
846 2343 914 2372 auri
931 2343 970 2372 ab

202 2394 300 2432 igne:
320 2394 403 2433 quod
427 2394 554 2433 quidem
581 2394 811 2432 inflammatur,
838 2396 890 2425 sed
908 2404 970 2425 non

202 2447 411 2484 consumitur,
426 2447 576 2486 quiaigni
590 2456 653 2477 non
665 2448 783 2486 praebet
797 2448 949 2487 pabulum
962 2459 968 2477 :

202 2501 246 2531 sic
256 2510 312 2531 nec
328 2501 507 2531 humanum
520 2510 633 2539 corpus
646 2501 713 2539 igni
727 2501 884 2532 infernali.
902 2501 972 2532 Evi-

202 2552 423 2583 dentissimum
452 2553 558 2582 autem
585 2553 768 2591 exemplum
794 2553 881 2592 ponit
904 2553 969 2583 Au-

235 2634 238 2645 ¹
254 2634 327 2663 Aug,
340 2632 369 2655 (Ie
385 2632 459 2656 Cim‘l.
476 2633 533 2661 Dei,
547 2632 588 2656 lib.
607 2632 670 2662 XM,
685 2639 707 2654 c.
725 2638 740 2654 11
756 2634 780 2655 et
796 2639 861 2655 ix.—
878 2634 885 2646 ²
897 2633 971 2662 ibid,

202 2674 223 2690 c.
242 2674 269 2690 11.
283 2681 310 2684 —
322 2668 412 2696 3Ιὶ)ἰό.,
428 2675 450 2691 c.
469 2667 648 2696 1v‚——³lbid.,
666 2675 686 2690 c.
704 2673 731 2690 11.

758 206 1067 240 sEN'l'ENJlARUM
1089 207 1161 239 Lll'·.
1188 207 1237 238 lV.

1027 276 1175 313 gustinus
1189 275 1199 291 ²
1214 275 1251 305 de
1268 275 1344 313 igne
1366 275 1420 314 qui
1435 278 1481 306 est
1500 275 1532 305 in
1558 276 1699 315 partibus
1714 277 1795 308 Sici-

1028 327 1089 365 lite,
1107 329 1187 358 sicut
1204 330 1287 367 patet
1299 328 1534 367 aspicientibus,
1550 329 1633 368 quod
1649 329 1699 360 ille
1710 330 1796 368 ignis

1028 384 1150 411 montes
1178 381 1246 410 illos
1273 381 1312 411 ab
1345 381 1572 420 antiquissimis
1599 383 1796 422 temporibus

1026 437 1160 464 aestuare
1176 435 1265 471 tacit,
1281 437 1311 464 et
1327 437 1432 464 tamon
1447 434 1550 464 adbuc
1565 434 1683 474 integri
1696 444 1797 475 perse-

1026 490 1136 518 verant
1151 499 1156 518 :
1175 491 1203 518 et
1220 487 1270 517 isti
1286 490 1360 517 sunt
1376 487 1452 517 satis
1468 487 1570 517 idonei
1584 490 1693 525 testes,
1711 489 1796 528 quod

1026 550 1090 570 non
1107 550 1201 571 omne
1221 541 1306 580 quod
1323 540 1436 577 uritur,
1458 540 1667 571 consumitur.
1691 540 1725 571 In
1748 541 1796 572 le-

1026 594 1130 632 genda
1146 594 1240 624 etiam
1259 593 1339 623 beati
1356 592 1473 623 Nicolai
1494 593 1642 624 scribitur
1663 594 1748 634 quod
1763 594 1796 624 in

1026 648 1169 686 partibus
1183 648 1391 678 orientalibus
1414 647 1543 687 quidam
1565 647 1649 686 ignis
1669 648 1796 679 inveni-

1025 702 1087 738 tur,
1107 701 1161 740 qui
1176 702 1353 741 oppositam
1369 701 1428 730 sibi
1444 709 1576 731 manum
1591 701 1796 732 vehementer

1025 753 1160 792 affligit,
1179 756 1210 783 et
1226 756 1331 783 tamen
1348 753 1384 783 de
1408 762 1507 783 manu
1523 753 1602 783 nihil
1626 755 1793 784 consumit.

1025 806 1076 836 Sic
1090 816 1168 845 ergo
1185 807 1235 836 his
1249 806 1403 844 exemplis
1415 806 1576 845 colligitur
1591 807 1748 845 possibile,
1765 810 1795 837 et

1025 859 1146 898 aliquid
1162 859 1195 889 in
1219 859 1295 897 igne
1311 859 1438 896 ardere,
1457 862 1487 889 et
1510 861 1614 889 tamen
1634 868 1698 890 non
1713 859 1790 890 defi-

1023 921 1103 942 cere.
1119 912 1165 942 Ex
1179 912 1227 942 liis
1238 912 1331 942 etiam
1348 921 1517 951 possumus
1534 912 1682 952 colligere
1698 913 1794 944 ratio-

1023 974 1096 995 nem
1106 965 1307 1005 hujusmodi,
1321 966 1473 1005 quoniam
1486 965 1545 996 hoc
1558 966 1691 996 venitex
1702 969 1790 1006 parte

1022 1019 1163 1056 agentis,
1180 1021 1209 1048 et
1223 1028 1261 1048 ex
1276 1020 1362 1058 parte
1380 1018 1534 1058 patientis.
1555 1018 1608 1048 Isti
1625 1019 1709 1049 enim
1722 1019 1791 1058 igni

1021 1071 1093 1101 data
1110 1073 1156 1101 est
1177 1071 1276 1101 virtus
1296 1071 1335 1101 ad
1358 1071 1644 1109 inflammandum,
1672 1081 1735 1102 non
1751 1072 1792 1103 ad

1021 1125 1292 1160 consumendum3
1315 1126 1344 1154 et
1368 1125 1492 1163 corpori
1514 1124 1586 1154 data
1610 1127 1656 1154 est
1679 1127 1792 1156 natura

1023 1176 1179 1215 pas-sibilis
1188 1177 1226 1207 ad
1238 1176 1432 1216 patiendum,
1445 1186 1508 1207 non
1519 1177 1558 1207 ad
1568 1177 1791 1208 deficiendum.

1021 1228 1052 1259 Si
1070 1232 1176 1259 autem
1200 1233 1362 1269 quaeratur
1385 1229 1465 1259 ratio
1486 1229 1600 1269 hujus,
1624 1230 1793 1261 dicendum

1021 1283 1105 1322 quod
1122 1284 1168 1312 est
1182 1292 1199 1312 a
1218 1285 1303 1322 parte
1318 1284 1442 1312 naturae
1459 1283 1646 1322 passibilitas
1662 1283 1701 1314 ad
1721 1292 1791 1314 sus-

1021 1336 1215 1375 cipiendum,
1230 1344 1268 1365 ex
1285 1337 1372 1374 parte
1388 1334 1441 1365 Dei
1456 1337 1501 1365 est
1515 1338 1650 1375 potestas
1666 1336 1705 1367 ad
1717 1337 1791 1368 dan-

1021 1389 1097 1419 dum
1108 1413 1115 1425 ‚
1132 1398 1170 1419 ex
1188 1391 1273 1428 parte
1293 1388 1365 1418 (inis
1380 1390 1426 1418 est
1441 1388 1626 1427 congruitas
1638 1388 1676 1419 ad
1692 1389 1736 1420 sic
1748 1389 1790 1420 sa-

1021 1442 1188 1478 ciendum,
1205 1441 1279 1480 quia
1298 1441 1330 1470 in
1352 1440 1513 1471 infinitum
1533 1440 1625 1471 debet
1641 1441 1736 1473 homo
1759 1442 1790 1472 in

1021 1503 1151 1534 corpore
1164 1494 1309 1531 cruciari,
1323 1496 1356 1523 ut
1369 1494 1589 1523 manifestetur
1603 1493 1654 1524 Dei
1665 1495 1791 1533 Justitia

1022 1547 1156 1577 infinita.
1181 1546 1242 1577 Nec
1261 1549 1334 1576 sunt
1354 1546 1415 1576 ista
1437 1546 1499 1576 duo
1510 1546 1790 1586 incompossibilia,

1022 1600 1104 1639 quod
1130 1599 1257 1638 aliquod
1277 1608 1391 1638 corpus
1416 1601 1566 1636 tangatur
1581 1609 1598 1629 a
1623 1599 1744 1636 calido,
1763 1604 1793 1630 et

1022 1662 1085 1682 non
1100 1654 1315 1689 consumatur,
1333 1660 1406 1681 cum
1425 1651 1588 1681 videamus
1608 1652 1794 1683 naturaliter

1022 1705 1151 1744 aliquod
1167 1714 1281 1744 corpus
1298 1704 1388 1743 tangi
1406 1714 1424 1734 a
1438 1704 1572 1743 frigido,
1590 1705 1673 1744 quod
1689 1706 1793 1745 potius

1023 1758 1181 1795 calefacit,
1198 1767 1296 1797 quam
1312 1757 1494 1795 infrigidet,
1516 1757 1595 1788 sicut
1609 1759 1791 1798 exemplum

1024 1811 1225 1841 manifestum
1247 1813 1293 1841 cst
1314 1810 1347 1840 in
1366 1820 1449 1849 aqua
1468 1812 1499 1840 et
1519 1810 1601 1841 calce
1614 1811 1634 1841 ³.
1655 1811 1692 1842 Et
1713 1812 1793 1843 sicut

1024 1864 1076 1894 illa
1100 1873 1233 1903 corpora
1248 1865 1398 1900 uruntur,
1415 1865 1445 1893 et
1460 1872 1524 1893 non
1540 1866 1790 1903 consumuntur;

1024 1918 1066 1948 ita
1091 1918 1185 1948 etiam
1211 1917 1421 1957 compositum
1437 1926 1477 1947 cx
1491 1917 1597 1947 anima
1615 1920 1646 1948 et
1663 1927 1793 1958 corpore

1023 1971 1189 2010 affligitur,
1206 1973 1236 2000 et
1251 1979 1314 2000 non
1333 1970 1475 2000 moritur.
1498 1969 1535 2000 Et
1555 1972 1660 2001 tamen
1681 1972 1719 2002 ad
1734 1971 1793 2002 hoe

1024 2024 1167 2054 similiter
1195 2032 1365 2063 possumus
1385 2023 1555 2053 manuduct
1578 2024 1739 2064 exemplo,
1764 2027 1794 2055 et

1025 2077 1166 2107 ratione:
1190 2076 1351 2115 exemplo,
1376 2075 1450 2114 quia
1474 2076 1581 2106 anima
1605 2076 1793 2107 immortalis

1025 2130 1055 2159 in
1072 2138 1202 2168 corpore
1217 2128 1385 2166 at'ssigitur,
1407 2128 1481 2167 quia
1497 2128 1585 2158 dolor
1599 2131 1645 2159 est
1658 2130 1789 2168 animae,

1027 2183 1150 2222 proprie
1161 2184 1268 2211 tamen
1284 2190 1347 2211 non
1359 2180 1520 2211 occiditur.
1538 2180 1618 2218 Quid
1630 2192 1710 2221 ergo
1724 2192 1793 2223 pro-

1026 2236 1112 2265 hibet
1136 2234 1279 2264 similiter
1303 2233 1437 2272 intelligi
1465 2234 1497 2264 in
1518 2234 1592 2273 ipsis
1613 2235 1792 2267 damnatis?

1026 2288 1113 2325 Quod
1128 2289 1152 2317 si
1168 2287 1252 2317 dicas
1267 2287 1325 2316 hoc
1340 2295 1404 2316 non
1419 2295 1487 2316 esse
1502 2286 1615 2325 simile,
1633 2288 1708 2327 quia
1723 2289 1791 2319 ani-

1026 2351 1078 2372 ma
1093 2350 1157 2371 non
1173 2340 1217 2370 sic
1235 2340 1406 2379 composita
1420 2341 1467 2369 est
1481 2348 1521 2369 ex
1536 2341 1722 2379 contrariis,
1743 2351 1791 2372 se-

1025 2394 1165 2425 cundum
1181 2393 1265 2432 quod
1285 2394 1332 2423 est
1347 2394 1461 2422 natura
1476 2392 1608 2423 humani
1632 2395 1792 2434 corporis;

1026 2447 1214 2486 respondere
1231 2455 1417 2486 possumus,
1445 2446 1528 2485 quod
1550 2447 1632 2477 istud
1652 2457 1714 2478 non
1733 2449 1791 2479 ob-

1026 2500 1128 2537 sistit,
1146 2509 1218 2529 cum
1231 2499 1337 2538 aliqua
1352 2499 1587 2538 corruptibilia,
1605 2503 1712 2540 utpote
1728 2511 1794 2532 ver-

1027 2561 1109 2589 meS,
1127 2552 1159 2581 in
1174 2552 1264 2591 aquis
1288 2551 1483 2581 calidissimis
1498 2553 1629 2591 reperiri
1655 2557 1792 2594 queant,

1027 2614 1162 2644 quarum
1179 2605 1333 2635 fervorem
1350 2613 1444 2634 nemo
1459 2604 1589 2643 impune
1604 2609 1792 2645 pertractat,

1027 2659 1107 2688 sicut
1122 2658 1196 2688 dit-it
1208 2658 1407 2697 Augustinus
1418 2657 1437 2687 ⁸.
1457 2657 1488 2687 Si
1504 2658 1606 2697 igitur
1620 2669 1692 2699 quae
1708 2669 1794 2691 mor-

1811 920 1880 942 Ratio.

1810 2088 1908 2116 Exempl.

1975 2900 1990 3006 ’gt-.-
1972 2495 1988 2880 amn———ss
1984 2471 1987 2481 Α
