1991 3006
720 193 903 224 DlS'rlNCT,
928 193 1030 224 XLIV.
1054 193 1156 223 PARS
1180 193 1202 223 I.

170 265 259 301 bunt,
271 265 316 294 ibi
327 275 333 293 :
348 264 391 294 De
400 262 539 302 reprobis
549 264 652 293 aulem
666 261 769 301 quoeri
781 260 866 297 solet,
879 263 938 290 etc.

171 317 207 348 Et
220 318 264 348 sic
278 317 338 347 tria
356 315 545 347 determinat
559 326 564 344 z
577 315 692 354 primo,
704 314 781 353 quid
793 315 941 352 resurget

170 372 207 402 ad
234 373 386 401 staturam
408 368 548 399 hominis
568 367 806 407 complendam;
832 376 941 396 secun-

170 425 225 462 do,
247 424 323 464 quid
344 424 377 453 in
394 432 458 462 qua
484 424 571 461 parte
590 422 751 459 resurgat;
774 421 804 450 et
828 420 938 457 tertio,

169 477 278 517 quale,
297 478 404 506 utrum
420 484 494 505 cum
514 473 781 510 deformitatibus,
799 482 839 502 an
859 472 937 502 sine.

498 567 565 588 DUB.
590 567 611 588 L

328 628 383 651 Non
399 626 488 650 eadem
504 624 696 656 resurgentibus
706 642 713 654 ,
729 626 777 648 etc.

207 690 337 721 Videtur
349 689 431 719 male
443 688 556 724 dIcere,
569 687 642 726 quia
655 686 771 726 duplex
782 688 828 716 est
842 695 940 725 quan-

167 744 256 781 titas,
280 743 396 773 scilicet
417 740 582 780 temporis,
605 742 635 770 et
654 739 844 769 extensionis
863 750 868 769 z
887 739 939 768 sed

167 797 222 837 qui
236 796 420 827 habuerunt
435 795 592 824 diversam
608 792 814 832 quantitatem
834 792 937 829 molis,

167 848 199 878 in
222 848 347 878 diversa
370 847 535 885 resurgent
560 856 566 874 z
593 853 670 883 ergo
698 843 752 883 qui
780 843 938 873 diversam

167 901 349 931 habuerunt
375 901 519 934 aetatem,
545 898 577 928 in
604 897 727 928 diversa
755 899 936 935 resurgent.

169 955 245 984 Item
272 952 465 993 impossibile
488 954 534 981 est
558 951 641 990 quod
670 952 714 980 est
743 950 938 989 praeteritum

168 1016 233 1037 non
250 1015 317 1036 esse
340 1004 555 1045 praeteritum:
580 1012 658 1041 ergo
681 1003 871 1042 impossibile
895 1006 940 1033 est

167 1059 250 1099 quod
263 1058 389 1098 aliquis,
405 1057 460 1096 qui
474 1056 585 1086 habuit
601 1064 700 1085 annos
715 1057 857 1092 centum,
876 1064 938 1084 non

167 1113 314 1143 habuerit
328 1112 456 1141 centum
470 1121 476 1140 z
495 1119 573 1148 ergo
588 1108 779 1147 impossibile
794 1110 840 1138 est
856 1109 938 1147 quod

167 1166 281 1196 habeat
300 1164 402 1195 solum
422 1163 557 1202 triginta
579 1162 658 1192 duos
681 1170 801 1192 annos:
830 1161 882 1191 sed
906 1161 939 1191 in

167 1220 226 1251 hac
240 1221 331 1250 aetate
344 1218 518 1249 resurrexit
531 1217 689 1247 Christus:
701 1225 780 1254 ergo
796 1215 939 1255 impossi-

168 1274 228 1303 bile
256 1275 302 1302 est
334 1271 461 1302 senibus
490 1271 522 1300 in
550 1270 609 1300 hac
638 1271 729 1299 aetate
756 1277 937 1307 resurgere.

169 1327 243 1358 Item
254 1351 262 1364 ,
275 1327 298 1356 si
315 1325 554 1364 resurgentibus
566 1324 767 1362 computatur
782 1324 868 1357 aetas,
886 1324 940 1351 aut

167 1390 245 1420 ergo
260 1380 300 1410 ab
314 1379 442 1410 instanti
458 1377 646 1414 nativitatis,
662 1377 717 1406 aut
733 1375 939 1405 resurrectio-

167 1435 215 1464 nis
237 1445 242 1464 :
268 1433 290 1463 si
317 1433 355 1463 ab
380 1431 507 1462 instanti
528 1429 719 1465 nativitatis,
747 1431 824 1459 tunc
848 1430 940 1458 erunt

167 1487 237 1527 plus
253 1496 350 1526 quam
365 1488 492 1516 centum
508 1484 580 1514 anni
591 1508 598 1521 ,
613 1483 677 1513 imo
693 1492 789 1522 quam
806 1481 890 1511 mille
906 1481 939 1511 in

166 1540 323 1580 aliquibus
337 1550 344 1576 ;
362 1538 388 1568 si
403 1538 442 1568 ab
459 1536 586 1567 instanti
599 1535 849 1571 resurrectionis,
864 1536 939 1564 tunc

124 1602 129 1606 ’
166 1603 229 1624 11011
252 1592 380 1623 habebit
399 1599 499 1621 unam
517 1589 649 1626 horam,
667 1588 807 1628 quiante
828 1587 940 1617 babuit

166 1646 301 1685 triginta
315 1653 426 1675 annos
443 1645 519 1674 Item
535 1642 686 1673 Dominus
702 1641 781 1671 nulli
797 1641 939 1671 detrahet

167 1700 205 1730 de
220 1699 393 1739 quantitate
409 1697 511 1734 molis,
527 1696 580 1726 sed
593 1695 684 1725 addet
698 1695 748 1725 his
762 1695 818 1734 qui
834 1694 938 1724 minus

167 1752 306 1782 habent:
335 1759 415 1790 ergo
437 1749 503 1789 pari
529 1748 650 1779 ratione
673 1747 711 1777 de
733 1749 840 1784 aetate,
865 1756 938 1776 cum

167 1807 311 1836 senectus
325 1804 364 1834 sit
377 1802 579 1834 venerabilis.

207 1859 255 1890 Ad
273 1859 341 1889 haec
358 1857 466 1888 omnia
487 1855 676 1895 respondeo,
700 1854 783 1894 quod
799 1855 874 1884 aetas
889 1862 940 1883 re-

167 1912 372 1951 surgentium
392 1909 557 1949 dupliciter
582 1910 683 1948 potest
702 1907 835 1945 intelligi
853 1918 859 1936 :
884 1909 940 1937 aut

167 1974 223 2004 per
243 1963 509 2003 comparationem
530 1961 568 1991 ad
589 1961 782 2000 principium
802 1960 939 1990 duratio-

168 2019 216 2048 nis
235 2029 240 2048 :
269 2018 313 2048 sic
335 2017 518 2055 assignatur
541 2015 631 2045 nobis
657 2024 741 2045 nunc
765 2014 938 2044 secundum

168 2071 434 2110 comparationem
453 2069 491 2099 ab
511 2068 598 2098 initio
614 2067 713 2098 nostri
729 2076 795 2097 esse
813 2077 819 2097 z
843 2069 873 2096 et
896 2067 939 2096 sic

168 2135 232 2156 non
245 2125 447 2164 computatur
460 2124 536 2153 aetas
548 2121 581 2152 in
597 2120 851 2160 resurgentibus,
865 2120 940 2159 quia

167 2178 362 2208 transierunt
376 2185 504 2207 omnem
520 2176 657 2211 aetatem,
673 2175 704 2203 et
717 2175 807 2203 extra
821 2174 939 2202 statum

168 2231 261 2261 talem
287 2232 372 2260 sunt.
398 2229 466 2259 Alio
488 2228 582 2258 modo
604 2229 680 2257 aetas
701 2225 872 2256 attenditur
894 2234 939 2254 se-

167 2284 307 2315 cundum
325 2281 559 2322 dispositionem
582 2282 611 2310 et
632 2270 848 2309 valetudinem
868 2287 937 2307 vor-

167 2337 272 2377 poris:
289 2338 318 2367 et
332 2336 375 2365 sic
390 2334 541 2374 accipitur
553 2336 630 2364 aetas
642 2331 795 2372 juvenilis
809 2342 814 2362 :
828 2341 939 2361 omncs

166 2390 249 2420 enim
281 2389 356 2419 tales
380 2390 410 2419 et
432 2387 508 2418 tanti
533 2388 703 2425 resurgent
729 2386 761 2415 in
790 2394 936 2425 corpore,

166 2444 274 2484 quales
288 2443 420 2474 fuissent
434 2443 468 2472 in
481 2444 572 2473 aetate
588 2440 722 2481 juvenili
736 2451 742 2470 z
760 2442 790 2470 et
806 2441 849 2470 ita
864 2442 938 2471 aetas

166 2506 230 2528 non
247 2497 391 2527 nominat
411 2496 610 2527 durationem
621 2519 628 2532 ,
651 2493 703 2524 sed
718 2493 860 2533 corporis
875 2494 938 2523 dis-

166 2550 353 2590 positionem
369 2561 375 2580 :
392 2550 436 2580 sic
451 2549 536 2580 enim
553 2549 634 2579 Deus
648 2549 726 2578 tunc
741 2549 824 2577 creat
839 2547 938 2577 homi-

199 2630 305 2660 ¹Arist.,
320 2630 350 2654 cle
367 2631 483 2654 Gener-at.
499 2630 623 2660 Animal„
639 2629 681 2654 lib.
698 2630 732 2659 ΙΙ,
752 2636 773 2653 c.
795 2634 833 2658 lv,
851 2628 936 2659 Phys„

166 2666 210 2691 lib.
223 2666 242 2696 1,
257 2668 325 2690 cont.
345 2667 382 2690 18.
394 2679 423 2683 -—
439 2667 446 2680 ²
461 2665 561 2696 Matth„
576 2670 639 2696 xxii,
652 2665 696 2695 30;
711 2664 777 2695 Luc,
794 2669 837 2694 xx,
854 2665 892 2687 36.
905 2676 935 2681 —

1708 196 1765 224 473

996 269 1069 291 nem
1083 260 1115 289 in
1129 269 1165 290 eo
1182 260 1290 291 babitu
1302 264 1332 291 et
1345 263 1427 291 statu
1441 261 1473 290 in
1488 262 1580 290 aetate
1595 260 1687 296 virili,
1703 269 1767 290 non

994 313 1115 343 rationo
1130 314 1373 352 computationis
1388 316 1408 343 ts
1421 313 1556 353 mporis,
1573 313 1624 343 sed
1641 312 1766 343 habitu-

996 366 1076 396 dinis
1091 366 1229 406 corporis
1244 377 1249 396 :
1265 369 1295 396 et
1308 376 1361 406 per
1376 367 1445 397 hrec
1460 368 1566 405 patent
1582 366 1712 405 objecta.

1325 461 1447 481 DUB.1L

1121 519 1153 542 Ut
1169 518 1323 549 significaret
1340 519 1525 549 perfectionem
1542 519 1644 542 virium.

1034 579 1167 610 Videtur
1187 580 1270 611 male
1292 580 1410 617 dicere,
1434 581 1586 620 quoniam
1606 581 1631 611 si
1654 582 1771 611 femina

995 642 1057 663 non
1083 635 1129 663 est
1151 634 1210 671 vir,
1236 643 1292 664 nec
1315 637 1473 673 quantum
1496 635 1534 665 ad
1559 644 1689 671 sexum,
1713 644 1771 665 nec

994 688 1150 725 quantum
1163 687 1200 716 ad
1213 687 1330 717 virium
1342 687 1575 726 perfectionem,
1590 687 1665 726 quia
1676 696 1771 717 sexus

994 739 1151 769 semineus
1167 741 1332 770 attestatur
1346 740 1534 776 infirmitati,
1551 749 1630 778 ergo
1646 740 1771 770 videtur

994 793 1077 831 quod
1095 793 1209 823 mulier
1226 802 1291 823 non
1313 796 1459 832 resurgat
1479 793 1536 823 isto
1557 793 1659 823 modo.
1678 793 1768 829 Item,

994 845 1074 875 sicut
1087 846 1160 876 dicit
1174 846 1383 883 Philosophus
1399 847 1418 883 ¹,
1436 846 1554 876 femina
1570 848 1616 876 est
1627 846 1676 876 vir
1686 855 1771 876 occa-

994 899 1134 929 sionntus
1150 911 1156 930 z
1180 909 1258 939 ergo
1275 900 1299 930 si
1317 900 1496 930 oc‹-asiones
1515 908 1578 929 non
1595 902 1771 938 resurgunt

995 951 1026 981 in
1047 954 1175 988 natura,
1202 955 1357 992 quantuni
1380 953 1418 983 ad
1438 952 1552 982 electos
1575 961 1632 982 nec
1654 952 1771 982 femina

995 1007 1152 1043 resurget.
1184 1006 1260 1036 Item
1286 1010 1320 1035 ‘²2
1354 1008 1391 1037 In
1421 1006 1649 1038 resurrectione
1677 1009 1770 1038 erzmc

994 1059 1078 1090 sicut
1103 1059 1210 1098 cwzqelz‘
1236 1060 1317 1096 Dei,
1343 1062 1371 1090 et
1401 1061 1458 1090 hoc
1483 1060 1542 1090 erit
1564 1060 1638 1099 quia
1658 1069 1770 1098 corpus

994 1111 1242 1142 conformabitur
1268 1113 1402 1143 animae:
1429 1113 1482 1143 sed
1506 1113 1539 1142 in
1562 1112 1685 1151 angelis
1708 1121 1770 1142 non

995 1166 1040 1194 est
1062 1164 1220 1195 distinctio
1243 1175 1349 1203 sexuS,
1375 1176 1430 1196 nec
1456 1166 1489 1196 in
1512 1166 1702 1196 animabus:
1724 1174 1770 1196 er-

996 1226 1053 1256 go,
1086 1222 1144 1248 ete.
1176 1218 1254 1249 Item
1278 1229 1372 1250 sexus
1398 1219 1554 1250 distinctio
1575 1221 1620 1249 est
1645 1221 1771 1258 propter

995 1272 1254 1310 generationem:
1281 1273 1334 1303 sed
1355 1273 1398 1303 ibi
1421 1283 1483 1303 uon
1503 1274 1563 1303 erit
1587 1273 1768 1311 generatio:

996 1335 1090 1364 ergo,
1107 1328 1166 1356 etc.

1035 1378 1125 1418 Resp.
1147 1379 1320 1410 Dicendum
1336 1380 1437 1419 quoii⁷
1457 1380 1537 1410 sicut
1558 1380 1631 1410 dicit
1647 1380 1771 1418 Augus-

995 1432 1100 1469 tinus,
1124 1431 1163 1462 de
1188 1432 1325 1464 Ciuitate
1348 1433 1404 1463 Dei
1421 1434 1446 1471 ³,
1470 1433 1568 1472 aliqui
1594 1433 1766 1463 voluerunt

995 1486 1112 1523 dicere,
1132 1486 1215 1525 quod
1238 1496 1333 1518 sexus
1356 1487 1512 1517 semineus
1528 1496 1591 1516 non
1608 1489 1765 1525 resurget,

994 1540 1123 1577 propter
1139 1539 1323 1578 praedictam
1339 1540 1558 1570 auctoritatem
1579 1540 1720 1578 Apostoli
1737 1540 1766 1570 ⁴:

995 1590 1097 1621 Donec
1119 1599 1320 1623 occurramus
1339 1600 1445 1623 omnes
1470 1593 1506 1623 in
1525 1593 1632 1624 virum
1653 1594 1771 1632 perfec-

995 1647 1080 1683 tum;
1093 1646 1158 1682 sed,
1176 1646 1257 1676 sicut
1274 1646 1341 1686 ipse
1354 1646 1438 1684 dicit,
1456 1646 1497 1676 ibi
1513 1647 1628 1677 dicitur
1644 1647 1696 1678 vir
1707 1656 1771 1677 non

995 1708 1013 1728 a
1026 1708 1115 1736 sexu,
1134 1699 1186 1729 sed
1197 1708 1215 1729 a
1230 1699 1360 1737 virtute,
1378 1709 1443 1729 non
1454 1700 1605 1739 corporis,
1619 1700 1671 1730 sed
1686 1709 1772 1730 men-

995 1752 1053 1781 tis:
1070 1761 1126 1791 per
1146 1762 1242 1792 quem
1259 1753 1391 1783 modum
1410 1753 1526 1783 mulier
1545 1754 1625 1783 facta
1639 1753 1689 1784 vir
1703 1755 1767 1783 est:

995 1805 1171 1836 secundum
1184 1815 1279 1845 quem
1293 1806 1424 1836 modum
1438 1806 1554 1837 dicitur
1566 1807 1597 1836 in
1610 1806 1733 1837 Psalmo
1744 1807 1767 1837 ⁵:

996 1858 1113 1890 Beatus
1136 1860 1188 1889 vir
1209 1859 1267 1898 qui
1287 1867 1352 1889 non
1368 1859 1450 1890 abrit
1472 1861 1507 1890 in
1525 1859 1670 1897 consilio,
1692 1862 1767 1897 etc.;

996 1912 1079 1951 quod
1106 1912 1238 1950 intelligi
1261 1912 1355 1942 etiam
1381 1914 1481 1951 potest
1503 1913 1541 1943 de
1563 1913 1713 1943 muliere:
1740 1915 1770 1943 et

995 1965 1065 1995 ideo
1088 1965 1257 1995 auctoritas
1278 1965 1337 1995 istu
1361 1975 1426 1996 non
1450 1969 1543 2005 negat
1565 1967 1767 1996 resurrectio-

996 2028 1069 2049 nem
1084 2019 1266 2055 mulierum,
1284 2019 1363 2049 sicut
1378 2020 1543 2049 manifesta
1560 2020 1638 2050 ratio
1659 2020 1769 2050 contir-

996 2074 1072 2102 mat.
1099 2072 1254 2108 Quoniam
1276 2073 1362 2102 enim
1388 2082 1482 2103 sexus
1506 2073 1660 2103 semineus
1680 2075 1727 2103 est
1751 2083 1769 2103 a

997 2124 1058 2155 Deo
1083 2125 1250 2163 formatus,
1277 2126 1329 2165 qui
1353 2126 1501 2156 formavit
1527 2126 1662 2164 virilem,
1685 2131 1765 2165 quod

996 2180 1090 2216 patet,
1108 2178 1182 2218 quia
1197 2179 1263 2208 sine
1279 2179 1346 2218 ipso
1361 2188 1425 2209 non
1447 2181 1528 2210 esset
1541 2180 1688 2219 perfectio
1703 2189 1768 2219 spe-

995 2231 1071 2267 ciei;
1093 2233 1122 2261 et.
1142 2231 1173 2261 in
1192 2232 1377 2271 corporibus
1397 2232 1511 2262 nostris
1528 2234 1641 2262 natura
1662 2242 1767 2264 serva-

995 2284 1091 2321 bitur,
1108 2286 1137 2314 et
1157 2284 1233 2314 vitia
1247 2285 1472 2315 detrahentur:
1491 2285 1570 2315 sicut
1589 2286 1647 2316 viri
1666 2296 1768 2317 resur-

995 2339 1071 2376 gent
1087 2346 1158 2367 cum
1176 2346 1253 2368 sexu
1274 2338 1353 2367 virili
1371 2347 1433 2367 non
1451 2340 1578 2378 propter
1593 2340 1768 2378 generatio-

995 2400 1080 2428 nem,
1107 2391 1160 2421 sed
1180 2393 1307 2430 propter
1330 2391 1553 2430 perfectionem
1576 2394 1607 2422 et
1622 2392 1767 2423 decorem

995 2446 1148 2483 quamtum
1165 2444 1202 2473 ad
1219 2444 1346 2481 eiectos,
1363 2445 1407 2474 sic
1427 2445 1553 2475 ferninae
1573 2445 1605 2475 in
1625 2455 1704 2476 sexu
1720 2446 1766 2476 fe-

995 2496 1118 2525 mineo:
1148 2496 1223 2535 quin
1244 2498 1320 2526 tunc
1340 2506 1358 2526 a
1378 2496 1530 2527 membris
1552 2497 1612 2527 illis
1635 2498 1767 2528 dedecus

994 2551 1025 2579 et
1047 2549 1228 2579 inhonestas
1244 2558 1301 2588 per
1315 2550 1420 2579 omnia
1436 2550 1614 2586 auferetur3
1637 2553 1666 2580 et
1683 2552 1766 2590 quod

992 2628 1003 2643 ³
1019 2630 1092 2660 Aug„
1109 2629 1139 2653 cle
1154 2629 1229 2653 civit.
1249 2630 1308 2660 Dei,
1325 2630 1366 2655 lib.
1384 2630 1464 2659 XXII,
1480 2637 1503 2653 c.
1520 2635 1581 2653 xvn.
1597 2642 1625 2646 —
1644 2630 1652 2645 ⁴
1667 2630 1765 2662 Ephes„

993 2666 1118 2694 1v‚1:5.—
1129 2666 1138 2681 ⁵
1151 2665 1253 2696 Psal.1‚
1273 2668 1294 2689 1.
