1991 3006
64 2116 96 2137 Ad
118 2123 167 2143 opp.

655 235 753 268 DIST.
776 234 906 267 XXXIX.
931 233 1022 264 ART.
1046 233 1070 263 I.
1094 231 1243 269 QUAEST.
1267 232 1291 262 Ι.

178 313 289 335 versus
302 305 358 334 aut
372 303 456 334 dedit
470 303 664 334 occasionem
687 301 871 339 fornicandi,
889 304 942 330 nt—

177 358 250 396 pote
265 357 339 396 quia
352 355 548 395 repudiavit3
566 358 618 385 aut
635 365 697 385 non
711 367 718 385 ι
732 355 757 385 si
771 354 865 389 dedit,
881 362 944 383 non

178 412 277 449 potest
304 411 432 449 propter
462 409 701 439 fornicationem
725 409 887 448 exeipere3
919 406 943 436 si

178 471 253 492 vero
280 471 346 492 non
373 461 471 499 dedit,
502 464 576 491 tunc
600 463 702 501 potest
721 461 875 500 excipere.
900 459 945 489 Ad

177 514 254 545 illud
268 514 351 553 quod
362 514 520 553 objicitur,
532 515 616 553 quod
627 514 734 544 onmia
743 513 946 543 dimittuntur

177 569 209 599 in
232 569 404 608 baptismo,
435 569 620 606 dicendum,
651 569 735 609 quod
762 577 874 599 verum
902 569 947 597 est

178 624 334 661 quantum
356 622 395 652 ad
418 621 536 659 Dauum
559 622 613 652 sed
634 630 697 652 non
721 623 843 660 oportet
863 619 946 659 quod

177 675 386 713 dimittantur,
404 675 447 705 ita
462 675 547 714 quod
561 674 695 704 libertati
711 673 848 713 proximi
864 673 947 712 inju-

177 727 293 758 rietur:
313 731 344 758 et
358 728 402 758 sic
417 730 502 767 patet
517 728 604 764 illud,
621 727 701 757 sicut
715 736 813 766 supra
827 727 947 757 dictum

177 782 223 811 est
236 781 274 811 de
291 780 485 820 paenitentia.

416 899 656 932 ARTICULUS
682 900 706 931 I.

220 993 267 1024 Ad
288 993 529 1032 intelligentiam
546 993 708 1032 praesentis
728 992 946 1027 distinctionis,

179 1047 334 1087 quaeritur
350 1047 388 1076 de
408 1046 649 1085 impedimento,
669 1046 753 1085 quod
772 1045 867 1075 habet
880 1054 948 1075 esse

179 1099 211 1129 in
235 1099 438 1129 matrimonio
462 1108 502 1129 ex
521 1099 626 1129 cultus
645 1099 841 1138 disparitate;
863 1100 892 1128 et
912 1098 950 1127 de

177 1152 237 1182 hoc
265 1152 328 1182 duo
362 1154 552 1191 quaernntur
586 1152 810 1191 principaliter.
843 1151 929 1182 Prin]
946 1164 949 1175 ι

178 1205 333 1244 quaeritur
347 1205 384 1235 de
397 1205 578 1244 disparitate
596 1205 700 1235 cultus
714 1215 768 1244 per
785 1214 949 1243 compara-

178 1258 297 1288 tionem
321 1258 360 1288 ad
384 1258 580 1289 matrimonii
609 1259 874 1294 contractionem
902 1267 951 1287 se-

178 1311 293 1348 cundo,
306 1320 360 1350 per
369 1312 636 1350 comparationem
649 1311 687 1341 ad
696 1311 948 1341 dissolutionem.

179 1364 265 1394 Circa
284 1364 425 1404 primum
446 1367 638 1404 quaeruntur
660 1366 820 1404 quatuor:
848 1364 952 1403 primo

178 1417 335 1457 quaeritur
361 1420 465 1448 utrum
492 1418 731 1448 matrimonium
758 1417 856 1457 possit
877 1426 952 1447 eon-

178 1469 260 1500 trahi
288 1470 371 1500 inter
397 1471 521 1501 fidelem
550 1473 580 1501 et
604 1470 778 1507 infidelem;
810 1470 948 1500 secundo

177 1524 334 1563 quaeritur
359 1526 468 1554 utrum
494 1526 727 1554 sacramentum
756 1523 952 1553 matrimonii

178 1577 275 1616 possit
296 1577 437 1607 contrahi
466 1577 547 1607 inter
573 1577 697 1607 fidelem
722 1578 752 1606 et
773 1576 950 1613 infidelem3

179 1630 280 1666 tertio,
299 1633 409 1660 utrum
435 1630 674 1660 matrimonium
688 1631 882 1659 contractum
900 1629 950 1658 in-

179 1685 227 1713 ter
235 1683 376 1714 infideles
385 1685 514 1713 excuset
523 1692 541 1713 a
552 1685 678 1722 peccato
690 1694 696 1717 ;
709 1684 832 1722 quarto,
846 1684 953 1712 utrum

180 1738 419 1768 matrimonium
437 1740 634 1768 contractum
650 1738 683 1768 in
700 1737 882 1768 infidelitate
902 1746 954 1777 po-

181 1793 234 1820 nat
250 1790 282 1821 in
297 1800 468 1821 numerum
487 1800 559 1821 cum
577 1790 779 1821 matrimonio
797 1790 948 1820 fidelium.

445 1906 640 1943 QUESTIO
666 1907 688 1937 Ι.

219 1987 260 2013 An
278 1988 479 2014 matrimonium
491 1988 573 2021 possit
589 1987 711 2014 contrahi
726 1990 797 2014 inter
816 1989 920 2021 fidelem

467 2033 491 2057 et
506 2032 638 2065 infidelem
653 2033 669 2058 ¹.

225 2109 314 2140 Circa
327 2119 424 2149 quam
442 2111 485 2140 sic
504 2111 696 2150 proceditur,
722 2114 753 2142 et
768 2112 953 2151 ostenditur,

184 2164 268 2203 quod
284 2165 524 2195 matrimonium
546 2165 643 2204 possit
659 2166 801 2196 contrahi
821 2167 904 2197 inter
917 2168 955 2197 fi-

184 2216 285 2247 delem
302 2219 333 2248 et
348 2218 523 2255 intidelem;
544 2221 573 2248 et
589 2219 692 2257 primo
707 2220 862 2259 exemplo,
880 2230 956 2260 quo-

185 2270 273 2300 niam
289 2270 404 2310 Joseph
422 2271 578 2301 contraxit
597 2281 669 2301 cum
688 2272 819 2302 muliere
836 2272 954 2313 AEgyp-

185 2322 276 2361 tiaca,
293 2333 350 2353 nec
363 2324 618 2363 reprehenditur,
631 2325 710 2355 sicut
725 2325 851 2361 dicitur,
866 2326 953 2363 Gen„

184 2384 250 2413 xm,
276 2378 314 2406 45
337 2376 388 2416 (a).
413 2377 563 2407 Similiter
586 2377 709 2417 Moyses
732 2387 804 2408 cum
833 2378 953 2410 AEttiio-

184 2429 280 2468 pissa,
304 2429 385 2459 sicut
406 2429 562 2468 innuitur,
581 2430 689 2468 Num„
706 2438 768 2468 ΧΠ,
791 2434 804 2461 ¹1
825 2432 874 2470 (bl,
900 2442 954 2463 nee

185 2481 288 2521 ipsum
304 2482 557 2522 reprehenditur.

217 2561 224 2577 ¹
242 2560 281 2590 Cf.
302 2562 328 2585 S.
343 2562 444 2591 Thom.,
459 2563 484 2586 iu
500 2562 586 2592 Snppl.
605 2569 630 2592 p.
648 2563 694 2591 ΙΙΙ,
710 2569 735 2593 q.
750 2569 803 2593 ΠΧ,
821 2566 868 2588 art.
886 2567 913 2595 13
931 2569 955 2589 et

186 2596 216 2619 lV
232 2596 309 2626 Seni„
327 2596 385 2621 dist.
400 2603 494 2627 xxxix,
515 2605 540 2628 q.
560 2604 582 2625 1,
602 2599 648 2621 art.
675 2601 701 2626 ¹3
721 2598 798 2623 Scot..
824 2600 855 2623 lV
876 2600 954 2631 Sena,

184 2631 240 2655 dist.
261 2638 355 2662 xxxix,
381 2639 405 2663 q.
432 2635 456 2663 ¹3
478 2633 605 2663 nichasii,
628 2634 656 2656 lV
680 2633 758 2664 Seni,
779 2634 827 2658 dist
857 2642 953 2667 xxxix,

184 2674 210 2698 q.
229 2672 252 2698 15
272 2667 360 2691 Thom.
389 2669 502 2699 Argent„
527 2669 556 2692 lv
576 2669 659 2698 Sent„
681 2668 737 2692 dist.
760 2675 865 2699 xxxv11‚
884 2678 908 2702 q.
937 2679 954 2701 ι,

184 2703 230 2726 art.
247 2705 277 2732 25
294 2702 442 2727 Planciscus
462 2704 492 2727 de
512 2704 583 2733 Mayr
596 2721 602 2733 ,
625 2704 653 2727 tx·
678 2703 758 2730 Seni„
778 2704 836 2729 dist.
863 2712 952 2734 xxxix,

1713 232 1770 261 395

1040 302 1069 330 2.
1087 300 1165 330 Item
1178 299 1238 328 hoc
1253 298 1378 328 videtur
1389 297 1572 327 auctoritate
1582 299 1608 326 ἐ
1622 296 1662 328 Si
1672 305 1770 335 eqres-

1000 362 1054 384 sus
1069 352 1113 384 cici
1126 360 1275 391 pchnam,
1293 351 1414 382 videris
1430 351 1590 381 mulierem
1604 349 1769 389 pulchram

1003 407 1038 437 in
1055 406 1156 436 mettio
1171 408 1347 436 castrorum
1363 405 1574 442 captivorum,
1591 406 1619 434 et
1633 402 1770 434 adama-

1002 460 1086 491 νηὶ-ῖς
1101 467 1179 495 cam,
1194 457 1331 489 intrabis
1342 456 1386 487 att
1396 465 1473 493 euni,
1489 456 1686 496 dormiesque
1699 464 1769 487 cum

1003 522 1050 548 eci,
1072 516 1101 543 et
1116 512 1176 542 erit
1192 518 1276 540 tutor
1291 512 1366 541 itta:
1382 521 1395 537 »
1417 512 1535 539 ‹·011stat
1551 509 1633 548 quod
1649 509 1686 540 de
1702 509 1772 539 infi-

1004 566 1125 595 delibus
1139 564 1292 603 loquitur.

1043 621 1072 649 3.
1098 618 1175 648 Item
1191 619 1220 646 ³:
1243 616 1475 654 Sanctificetur
1499 615 1614 646 mediet·
1629 615 1771 654 infidelis

1001 680 1058 711 pel·
1072 671 1176 702 virum
1191 669 1326 708 fidelem,
1338 670 1367 698 et
1384 677 1399 697 e
1417 677 1585 697 converso:
1600 677 1678 706 ergo
1691 668 1773 699 inter

1005 725 1110 754 fideles
1127 726 1157 753 et
1177 722 1318 752 infideles
1339 723 1383 751 est
1400 722 1467 760 conj
1475 721 1589 759 ligium
1605 723 1750 752 sanctum
1764 731 1770 751 :

1005 787 1082 817 ergo
1099 779 1128 807 et
1142 776 1274 806 licitum.

1045 834 1073 861 li.
1099 830 1175 860 Item
1197 829 1317 860 ratione
1339 828 1475 865 videtur,
1496 827 1574 867 quia
1596 827 1774 865 diversitas,

1006 885 1072 915 sive
1094 883 1260 922 disparitas
1281 890 1409 912 morum
1430 890 1494 910 non
1516 881 1648 920 impedit
1670 881 1777 910 matri·

1007 937 1149 968 monium
1166 935 1439 966 contrahendum:
1465 943 1542 973 ergo
1566 934 1634 972 pari
1658 933 1778 964 ratione

1006 1000 1064 1020 nec
1080 989 1245 1019 diversitas
1260 989 1347 1025 fidei,
1368 988 1434 1018 sive
1456 987 1561 1018 vultus
1577 987 1692 1025 divini,
1710 996 1779 1017 ma-

1006 1043 1192 1073 trimonium
1210 1041 1351 1080 impedit.

1052 1098 1079 1126 5.
1104 1096 1179 1126 Item
1210 1095 1448 1125 matrimonium
1472 1096 1518 1124 est
1543 1096 1778 1124 sacramentum

1007 1159 1176 1180 commune
1200 1149 1345 1179 fidelibus
1371 1152 1401 1179 et
1425 1148 1626 1178 infidelibus:
1649 1157 1729 1186 ergo
1753 1147 1776 1177 si

1007 1203 1045 1232 att
1065 1212 1174 1233 omnes
1191 1211 1223 1231 se
1245 1201 1395 1238 extendit,
1416 1201 1485 1230 talis
1510 1200 1690 1239 disparitas,
1714 1200 1780 1230 sive

1009 1256 1233 1295 repugnantia,
1250 1255 1357 1294 ipsum
1371 1263 1435 1284 non
1453 1253 1544 1283 tollit.

1048 1314 1077 1339 6.
1097 1309 1172 1339 [tem
1187 1317 1281 1338 omne
1306 1307 1569 1346 impedimentum
1585 1305 1779 1336 matrimonii

1009 1362 1138 1402 impedit
1161 1370 1216 1401 pro
1240 1371 1293 1398 eo,
1321 1360 1405 1400 quod
1429 1359 1552 1389 obsistit
1575 1358 1669 1389 alicui
1696 1359 1779 1390 bono

1011 1415 1221 1446 matrimonii:
1243 1414 1296 1444 sed
1314 1413 1418 1444 cultus
1435 1413 1600 1452 disparitas
1618 1420 1676 1442 nec
1691 1414 1781 1442 nocet

1009 1470 1092 1499 bono
1113 1468 1223 1508 prolis,
1240 1468 1315 1507 quia
1333 1468 1434 1507 potest
1453 1465 1579 1496 educari
1600 1465 1640 1495 ad
1660 1465 1780 1495 cultum

1010 1522 1077 1559 Dei,
1100 1531 1155 1552 nec
1176 1521 1267 1558 fidei,
1291 1529 1350 1550 nec
1371 1519 1579 1550 sacramenti:
1595 1527 1675 1556 ergo
1693 1518 1779 1549 nullo

1009 1575 1103 1605 inodo
1119 1574 1258 1613 impedit.

1049 1628 1162 1658 Contra
1183 1636 1190 1657 :
1230 1626 1384 1657 Probatur
1420 1625 1566 1664 exemplo
1588 1636 1595 1656 ε
1633 1627 1751 1658 dieitur
1770 1627 1780 1643 ⁶

1009 1682 1091 1722 quod
1119 1681 1232 1712 Esdras
1260 1679 1416 1719 separavit
1446 1679 1530 1709 viros
1560 1679 1599 1709 ab
1626 1680 1781 1710 uxoribus

1009 1734 1213 1774 alienigenis:
1236 1742 1316 1771 ergo
1337 1741 1400 1763 non
1425 1734 1491 1762 erat
1508 1732 1590 1761 inter
1604 1740 1657 1762 eos
1671 1732 1781 1762 matri-

1011 1789 1165 1819 monium.

1051 1843 1129 1873 Item
1144 1841 1328 1872 anctoritate
1343 1840 1423 1878 legis
1434 1840 1460 1869 ⁵:
1479 1839 1549 1870 Non
1563 1838 1699 1870 sociabis
1712 1847 1783 1870 cum

1010 1897 1056 1928 ets
1070 1895 1241 1935 conjttqia:
1256 1893 1394 1933 loquitur
1408 1893 1446 1923 de
1464 1891 1645 1923 infidelibus
1660 1894 1690 1922 et
1704 1892 1778 1922 alie-

1011 1949 1149 1988 nigenis.

1051 2004 1128 2034 Item
1140 2003 1337 2040 Ambrosius,
1350 2002 1385 2032 in
1400 2001 1479 2031 libro
1493 2000 1532 2032 de
1549 1999 1750 2032 Patriarchis
1758 2000 1783 2029 θ.-

1015 2069 1029 2085 «
1044 2057 1140 2093 Cave,
1158 2055 1342 2091 Christiane,
1361 2054 1474 2085 Gentili
1488 2053 1540 2084 vel
1557 2053 1666 2084 Judaeo
1682 2052 1782 2083 filiam

1012 2114 1099 2142 tuam
1121 2110 1206 2140 dare.
1225 2119 1239 2136 ›>

1052 2164 1128 2194 Item
1140 2162 1303 2202 potissima
1315 2160 1463 2191 distantia
1478 2162 1523 2189 est
1537 2160 1618 2190 inter
1632 2160 1738 2190 fideles·
1752 2162 1783 2190 et

1011 2216 1167 2253 infideles,
1190 2215 1270 2245 sicut
1286 2213 1398 2244 Christi
1414 2213 1453 2243 ad
1472 2212 1583 2251 Belial,
1601 2215 1632 2243 et
1648 2213 1728 2243 lucis
1744 2213 1783 2243 ad

1013 2269 1175 2300 tenebras:
1194 2268 1219 2297 si
1235 2276 1313 2306 ergo
1330 2267 1360 2295 in
1377 2265 1581 2296 matrimonio
1601 2275 1722 2305 magna
1736 2267 1783 2296 est

1012 2323 1100 2359 unio,
1118 2321 1243 2352 nullum
1259 2321 1357 2359 potest
1371 2328 1438 2349 esse
1453 2319 1533 2349 inter
1548 2327 1600 2349 eos
1616 2319 1780 2349 matrimo-

1011 2385 1113 2407 nium.

1011 2455 1034 2477 ¹1-
1049 2454 1071 2475 13
1087 2446 1173 2475 Steplx.
1187 2445 1290 2473 BruleR,
1303 2445 1332 2468 IV
1345 2445 1423 2471 svnt„
1440 2443 1496 2467 dist.
1513 2449 1602 2471 xxxix,
1616 2450 1639 2472 q,
1656 2448 1698 2471 111;
1715 2443 1781 2465 Pctr.

1011 2483 1041 2506 dt·
1060 2483 1152 2505 'lainnt
1164 2500 1171 2511 ,
1189 2482 1217 2505 tv
1238 2482 1316 2509 Seni,
1332 2480 1389 2503 dist.
1409 2485 1504 2506 xxxix,
1520 2486 1544 2509 q.
1561 2485 1579 2502 1.
1598 2491 1622 2494 —-
1645 2478 1653 2491 ’-’
1671 2478 1781 2506 Denter„

1010 2525 1069 2545 xx,
1089 2520 1122 2540 ΙΙ).
1142 2531 1166 2534 -—
1187 2517 1195 2530 ³
1214 2516 1302 2546 {C01·.‚
1321 2521 1369 2543 Ill,
1389 2515 1425 2538 14.
1443 2527 1473 2531 —
1490 2514 1525 2537 ΙἸ
1550 2513 1635 2543 Εεᾱιῐ,
1655 2520 1685 2540 x,
1702 2514 1782 2536 ¹19.—

1011 2555 1020 2570 5
1036 2554 1146 2579 Denter.v
1164 2558 1211 2582 vii,
1227 2554 1249 2576 3.
1268 2565 1298 2568 —
1318 2551 1326 2565 Β
1347 2550 1476 2580 Ambros.,
1497 2549 1526 2573 (le
1544 2548 1637 2573 Aba-ah.
1660 2548 1782 2576 Patriczr„

1011 2589 1051 2613 ΙΙΙ),
1072 2589 1091 2618 l,
1105 2595 1127 2616 c,
1145 2594 1179 2616 lx.
1197 2595 1223 2612 n.
1239 2589 1276 2611 st.

1043 2634 1073 2663 (a)
1089 2634 1148 2657 coet.
1167 2633 1229 2656 edit.
1249 2632 1340 2656 remitt.
1361 2632 1392 2655 ad
1412 2631 1552 2661 marginem
1573 2628 1716 2653 citationem
1733 2627 1779 2651 Ge-

1011 2676 1100 2692 neseos.
1113 2681 1142 2686 —
1154 2669 1189 2698 (ln
1201 2669 1261 2692 Item
1275 2668 1306 2692 de
1324 2667 1443 2692 citatione
1459 2666 1634 2689 Nummorum.

1797 1645 1900 1665 Fundam,
