1991 3006
212 139 270 168 242

213 204 296 233 turo.
322 201 409 232 Unde
433 202 514 232 sicut
534 209 704 231 consensus
725 199 763 229 de
785 200 892 229 futuro
913 206 978 228 non

216 255 287 285 facit
314 254 575 290 matrimonium,
603 253 657 283 sed
680 251 954 292 desponsationem
969 275 976 287 ,

214 308 279 338 sive
295 307 470 347 sponsalia;
497 306 541 336 sic
563 315 621 336 nec
641 306 713 336 talis
731 313 902 335 consensus
919 303 978 334 sub

216 360 402 391 conditione.
420 358 654 389 Attendenduui
669 361 794 394 tamen,
811 356 895 395 quod
909 365 980 386 con-

215 414 290 443 ditio
305 415 359 443 aut
380 412 550 452 apponitur
565 420 620 451 per
636 411 767 441 modum
790 418 891 449 poenae
903 432 912 446 ‚
928 411 981 438 aut

215 469 250 496 ut
274 465 492 495 determinatio
513 466 690 495 contractus
706 475 712 493 :
728 463 753 493 si
774 472 828 501 per
849 461 981 491 modum

214 527 328 558 poenae,
342 517 463 548 nullius
477 519 523 547 est
537 517 673 555 vigoris,
692 525 749 555 pro
765 524 800 545 eo
816 514 900 554 quod
916 523 982 544 ma-

214 571 362 601 trimonia
387 570 501 601 debent
530 579 597 599 esse
622 569 730 599 libera.
754 567 840 598 Unde
862 567 887 596 si
907 567 982 606 quis

215 625 368 662 proponat
381 634 387 653 z
410 634 424 651 (ι
437 622 588 653 Promitto
605 621 789 652 contrahere
804 623 908 650 tecum
923 619 982 650 sub

214 685 306 716 poena
327 678 452 706 centum
471 684 671 711 marcarum,
690 685 703 701 »
727 673 801 703 vel:
824 684 838 700 «
862 672 894 703 Si
919 681 982 702 non

214 731 411 766 contraxero,
426 728 507 758 dabo
523 728 579 757 tibi
593 730 733 764 centum,
747 737 761 754 n
780 726 901 756 etiamsi
919 734 982 755 non

215 781 396 818 contrahat,
414 790 478 810 non
495 780 604 817 debet,
621 788 678 809 nec
699 781 823 809 tenetur
839 778 878 808 ad
896 778 983 808 illam

216 843 353 874 poenam.
369 834 399 864 Si
411 835 517 864 autem
529 832 698 872 apponitur
712 834 749 861 ut
763 831 984 862 determinatio

216 889 396 918 contractus
418 886 485 916 sive
511 894 702 921 consensus,
724 884 984 923 distinguendum

216 943 261 971 est
277 949 284 970 z
300 942 353 970 aut
368 939 453 970 enim
476 940 522 968 est
537 938 674 968 conditio
693 937 825 968 honesta
837 960 846 974 ,
863 939 918 967 aut
933 936 985 966 iu-

216 993 350 1023 houesta
367 1001 374 1022 z
391 992 416 1022 si
438 994 483 1021 est
506 991 659 1028 honesta,
686 992 787 1020 stante
810 989 985 1020 conditione

217 1047 301 1074 stant
314 1044 471 1084 sponsalia
483 1068 491 1081 ,
510 1053 573 1073 non
589 1046 691 1073 stante
705 1051 770 1073 non
786 1044 889 1078 stant,
906 1044 941 1072 ut
961 1042 986 1071 si

217 1098 289 1137 quis
304 1097 384 1128 dicat
399 1107 406 1126 ε
427 1109 441 1125 «
452 1096 644 1127 Contraham
660 1098 777 1134 tecum,
795 1096 820 1125 si
836 1095 988 1134 placuerit

220 1151 298 1190 patri
313 1159 398 1187 meo,
418 1161 433 1177 »
451 1149 502 1180 vel
521 1161 534 1177 «
549 1149 574 1179 si
591 1151 626 1179 tu
639 1148 778 1179 volueris
792 1147 932 1178 converti
949 1147 987 1177 ad

221 1203 331 1241 fidem3
341 1213 354 1230 »
374 1203 400 1232 si
414 1205 520 1233 autem
535 1204 581 1231 est
596 1201 776 1237 inhonesta,
789 1200 906 1238 duplex
918 1202 966 1229 est
979 1209 986 1229 ε

221 1259 275 1286 aut
291 1258 338 1286 est
352 1258 460 1286 contra
481 1254 689 1285 substantiam
706 1253 919 1289 matrimonii,
935 1255 990 1282 aut

221 1318 285 1339 non
298 1321 304 1339 :
322 1309 346 1338 si
361 1311 469 1338 contra
479 1307 685 1337 substantiam
699 1306 902 1343 matrimonii,
914 1308 991 1335 tuno

223 1360 310 1391 nulla
326 1362 372 1390 est
390 1359 560 1398 obligatio,
587 1363 623 1389 ut
642 1359 668 1388 si
686 1359 768 1389 dicat
794 1370 800 1388 z
831 1370 845 1387 (‹
861 1359 990 1389 Contra-

223 1413 298 1443 ham
313 1415 415 1443 tecum
428 1436 435 1449 ,
455 1413 481 1442 si
505 1412 724 1451 procuraveris
738 1421 861 1442 venena
878 1411 991 1442 sterili·

223 1466 295 1496 tatis
307 1489 314 1503 ,
328 1477 341 1493 ›>
362 1465 412 1495 vel
426 1465 553 1504 aliquod
567 1464 764 1503 hujusmodi.
781 1464 813 1494 Si
825 1466 932 1494 autem
945 1466 991 1493 est

224 1519 400 1555 inhonesta,
416 1520 446 1547 et
460 1526 524 1547 non
537 1519 644 1547 contra
659 1517 869 1546 substantiam
883 1518 990 1546 matri-

224 1572 343 1609 monii,
359 1573 395 1601 ut
410 1570 435 1599 si
454 1570 576 1600 dicatur
593 1578 600 1599 ε
628 1581 643 1597 (ι
658 1568 847 1599 Contraham
869 1572 991 1607 tecum,

225 1625 250 1654 si
263 1624 382 1654 furatus
391 1622 498 1660 fueris,
512 1634 525 1650 »
540 1622 590 1652 vel
607 1633 620 1649 «
633 1622 659 1651 si
670 1622 769 1652 Deum
783 1622 963 1661 offenderis,
976 1634 989 1650 n

226 1678 298 1708 tatis
312 1677 449 1707 conditio
469 1685 526 1715 pro
550 1684 615 1706 non
630 1676 750 1715 adiecta
772 1676 916 1706 habenda
936 1679 992 1707 est.

228 1730 265 1760 Et
272 1730 333 1760 hoc
340 1731 442 1759 totum
451 1729 603 1768 probatur
614 1728 738 1768 perillo,
750 1737 822 1767 quae
834 1729 993 1766 dicuntur,

227 1784 343 1819 Extra,
359 1783 393 1812 in
408 1783 519 1821 quarto
532 1781 623 1816 libro,
640 1780 678 1812 de
690 1781 927 1812 conditionibus
942 1790 996 1821 ap-

225 1837 340 1876 positis
355 1837 391 1867 in
413 1834 665 1874 dispensatione.
688 1834 721 1863 Si
741 1837 848 1865 autem
863 1844 994 1865 consen-

227 1901 281 1922 sus
294 1892 349 1921 tiat
363 1899 419 1930 per
433 1890 531 1920 verba
553 1889 590 1920 de
606 1889 767 1928 praesenti,
788 1890 844 1919 aut
860 1890 997 1920 conditio

228 1945 272 1972 est
295 1941 470 1981 praeterita,
497 1942 553 1970 aut
574 1948 728 1979 praesenS,
750 1942 805 1969 aut
828 1940 947 1970 sutura.
964 1939 996 1970 Si

228 1994 365 2025 conditio
385 1995 432 2023 est
450 1993 610 2032 praeterita
623 2016 631 2029 ‚
658 1994 713 2021 ut:
738 2003 752 2020 «
766 1992 892 2030 Accipio
911 1994 942 2022 te
966 1993 997 2022 in

231 2056 333 2077 meam
347 2071 354 2084 ‚
376 2047 402 2076 si
423 2048 569 2075 mortuus
586 2047 633 2074 est
647 2047 735 2083 pater
750 2046 846 2081 tuus;
863 2055 877 2071 ι)
897 2045 945 2075 vel
961 2045 998 2075 de

232 2099 396 2140 praesenti,
413 2101 447 2129 ut
464 2109 470 2128 :
494 2097 647 2135 «Accipio
672 2099 702 2126 te
723 2097 755 2126 in
778 2106 898 2135 meam,
923 2098 948 2127 si
967 2107 999 2127 es

232 2154 326 2191 virgo
340 2176 348 2189 ,
373 2163 387 2180 »
418 2153 519 2181 stante
543 2149 718 2179 conditione
747 2151 807 2179 stat
835 2150 1001 2181 matrimo-

233 2206 334 2236 nium.
352 2204 384 2234 Si
400 2206 504 2234 autem
521 2202 657 2232 conditio
672 2204 719 2232 est
741 2202 778 2232 de
798 2203 903 2233 futuro
917 2227 924 2241 ,
945 2207 1001 2234 aut

234 2257 332 2287 futuri
356 2255 542 2292 necessarii,
567 2257 621 2284 aut
651 2254 749 2284 futuri
776 2256 999 2294 contingentis.

235 2310 267 2341 Si
294 2311 392 2340 suturi
418 2309 603 2346 necessarii,
631 2312 667 2339 ut
692 2320 698 2339 :
731 2321 745 2338 α
760 2310 888 2349 Accipio
918 2313 947 2341 te
970 2312 1002 2342 in

236 2372 358 2400 meam,
375 2363 401 2392 si
417 2362 463 2392 sol
476 2362 595 2392 orietur
611 2371 693 2398 cras3
705 2374 718 2389 n
738 2365 813 2392 tunc
832 2366 877 2393 est
891 2365 1000 2394 matri-

236 2416 391 2446 monium.
407 2414 438 2445 Si
455 2417 561 2444 autem
576 2414 711 2444 conditio
727 2418 773 2444 est
787 2416 976 2454 contingens
992 2441 1000 2454 ‚

236 2468 305 2499 dico
319 2468 403 2507 quod
422 2476 486 2497 nou
509 2469 555 2497 est
578 2467 836 2504 matrimonium,
861 2477 898 2498 eo
920 2469 1004 2508 quod

270 2550 276 2564 ¹
291 2549 343 2571 lino
357 2547 492 2571 dicendum
505 2554 531 2569 t«
544 2547 650 2575 etiamsi,
660 2556 672 2567 »
688 2549 745 2576 post
757 2547 834 2570 Cone.
849 2548 926 2577 ΤΙ-ἰὰ,
943 2555 1004 2573 sess.

239 2590 310 2614 κων,
326 2591 348 2607 c.
367 2587 388 2614 1,
406 2583 436 2607 de
452 2583 562 2607 Matrini.
578 2595 608 2599 —
625 2585 631 2595 -’
648 2583 689 2611 Cf.
706 2586 731 2606 s.
748 2583 866 2613 Thomas,
878 2584 904 2607 iu
916 2585 1004 2615 suppl.

768 129 1074 163 sEN'rENTtARUM
1096 130 1170 162 LlB.
1193 130 1243 161 lV.

1034 206 1203 228 oonsensus
1220 197 1332 236 pendet
1349 197 1386 227 de
1401 197 1527 233 futuro,
1548 196 1628 226 sicut
1642 198 1673 226 et
1691 195 1799 226 condi-

1035 251 1095 287 tio,
1112 253 1143 281 et
1166 250 1235 280 ideo
1246 249 1455 288 judicandum
1483 250 1529 279 est
1548 251 1642 286 tune,
1667 248 1747 278 sicut
1762 247 1802 278 de

1036 304 1228 340 suturo3nec
1245 305 1293 333 est
1310 302 1561 339 matrimonium,
1574 301 1654 332 uisi'
1669 300 1802 331 carnalis

1037 356 1148 396 copula
1163 357 1384 395 subsequatur,
1399 356 1474 395 quia
1489 358 1564 385 tunc
1581 353 1770 392 intelligitur
1783 361 1803 383 a

1037 409 1215 440 conditione
1231 408 1374 448 apposita
1388 408 1561 439 recessisse.

1078 464 1125 494 Ad
1142 463 1219 493 illud
1233 472 1310 502 ergo
1324 462 1409 502 quod
1422 463 1571 501 objicitur
1582 462 1620 492 ad
1635 460 1803 491 secundam

1822 469 1886 496 Resp.
1893 468 1924 489 ad

1038 519 1176 556 partem,
1198 516 1282 556 quod
1314 525 1378 546 non
1404 519 1463 546 stat
1487 514 1729 546 matrimonium
1750 521 1806 553 per
1820 503 1915 551 sJgdffi',

1039 578 1225 600 consensum
1241 569 1489 599 conditionatum
1500 593 1507 605 ,
1532 567 1702 598 dicendum
1721 565 1807 606 quod

1039 632 1152 652 vorum
1164 624 1220 659 est,
1230 622 1284 652 ubi
1300 624 1345 652 est
1359 621 1496 652 conditio
1511 621 1548 652 de
1563 622 1670 651 futuro
1679 619 1807 650 contin-

1040 675 1139 714 genti,
1155 675 1229 714 quia
1242 677 1317 704 tuuc
1327 683 1498 705 consensus
1508 673 1621 713 pendet
1631 682 1671 703 ex
1683 672 1803 702 futuro.

1082 731 1109 758 1.
1124 728 1170 759 Ad
1184 728 1261 759 illud
1271 737 1347 758 vero
1363 728 1447 767 quod
1462 727 1621 767 objicitur,
1636 725 1720 766 quod
1735 725 1808 755 sim-

1041 780 1162 820 pliciter
1186 783 1247 818 stat
1268 790 1324 820 per
1345 779 1448 810 simile
1472 780 1505 810 in
1528 782 1618 816 voto,
1640 777 1808 810 dicendum

1041 834 1124 873 quod
1140 843 1204 864 non
1225 836 1271 864 est
1294 833 1396 863 simile
1410 858 1417 870 ,
1441 834 1516 873 quia
1531 835 1643 863 votum
1664 833 1712 861 est
1727 839 1810 870 pura

1041 887 1210 926 obligatio;
1225 887 1465 917 matrimonium
1481 889 1589 917 autem
1601 887 1648 916 est
1661 885 1810 924 conjunc-

1042 940 1101 977 tio,
1125 943 1156 971 et
1169 949 1233 971 non
1250 943 1297 971 est
1312 940 1493 978 conjunctio
1506 939 1566 970 nisi
1582 947 1637 978 per
1654 945 1808 978 praesens;

1042 993 1095 1023 sed
1110 993 1262 1032 obligatio
1279 996 1323 1024 est
1339 994 1422 1024 bene
1438 1002 1492 1032 per
1507 993 1662 1023 futurum.

1082 1046 1110 1075 2.
1122 1046 1168 1076 Ad
1185 1046 1261 1076 illud
1275 1047 1358 1086 quod
1369 1046 1527 1086 objicitur,
1544 1044 1629 1084 quod
1639 1051 1811 1075 consensus

1043 1108 1084 1129 ex
1099 1108 1152 1138 spe
1171 1099 1314 1139 pecnniae
1334 1099 1405 1129 facit
1420 1097 1661 1129 matrimonium
1672 1120 1680 1132 ‚
1696 1103 1812 1127 verum

1044 1155 1108 1190 est,
1131 1152 1257 1191 quando
1280 1152 1415 1191 simplex
1437 1154 1483 1181 est
1500 1153 1531 1181 et
1553 1148 1735 1186 absolutus3
1759 1147 1812 1178 sed

1045 1213 1117 1234 cum
1132 1205 1322 1244 exprimitur
1336 1205 1396 1235 sub
1410 1204 1588 1234 conditione
1601 1226 1608 1239 ,
1625 1211 1689 1232 non
1703 1200 1812 1240 expri-

1046 1258 1143 1288 mitur
1166 1258 1360 1297 simpliciter,
1376 1266 1434 1288 nec
1449 1259 1485 1287 ut
1499 1256 1680 1292 absolutus,
1707 1262 1766 1284 nec
1779 1255 1815 1283 ut

1046 1320 1184 1350 praesens
1200 1320 1206 1340 :
1223 1313 1254 1341 et
1268 1310 1337 1341 ideo
1350 1319 1414 1340 non
1428 1312 1475 1340 est
1491 1309 1605 1339 simile.

1087 1367 1115 1395 3.
1127 1364 1173 1394 Ad
1182 1364 1267 1394 aliud
1278 1363 1459 1400 dicendum,
1474 1362 1558 1402 quod
1572 1359 1815 1391 matrimonium

1047 1417 1118 1456 plus
1133 1417 1227 1454 dicit,
1248 1426 1345 1456 quam
1362 1415 1601 1453 obligationem.
1625 1412 1712 1444 Unde
1726 1412 1814 1449 dico,

1047 1469 1132 1509 quod
1147 1479 1211 1499 uon
1226 1470 1369 1509 sequitur
1386 1479 1392 1498 :
1415 1480 1428 1496 α
1444 1468 1503 1498 Iste
1519 1470 1564 1498 est
1579 1466 1740 1505 obligatus
1764 1464 1816 1494 isti

1049 1522 1189 1559 mulieri,
1213 1525 1249 1552 ut
1269 1530 1339 1551 eam
1361 1521 1493 1560 accipiat
1513 1520 1546 1550 in
1569 1527 1721 1555 uxorem3
1738 1526 1817 1556 ergo

1049 1577 1095 1604 est
1109 1576 1178 1613 eJus
1193 1575 1258 1611 vir;
1271 1584 1285 1601 ›)
1306 1574 1385 1604 sicut
1400 1582 1464 1603 non
1480 1573 1624 1612 sequitur
1641 1583 1648 1602 ι
1668 1570 1818 1610 «Obliga-

1049 1628 1095 1657 vit
1109 1636 1142 1657 se
1156 1627 1195 1657 ad
1206 1626 1450 1666 persolvendum
1464 1636 1471 1656 ε
1485 1634 1564 1664 ergo
1580 1624 1709 1655 solvit.»
1730 1623 1819 1655 Unde

1051 1680 1292 1710 matrimonium
1300 1688 1364 1709 non
1374 1682 1498 1709 tantum
1512 1681 1558 1709 est
1568 1678 1738 1717 obligatio;
1754 1677 1819 1707 imo

1051 1734 1146 1764 etiam
1162 1733 1262 1773 ipsius
1278 1733 1400 1763 vinculi
1416 1731 1615 1762 indivisibilis
1629 1730 1717 1761 unio.

1310 1836 1487 1875 QUAESTIO
1510 1837 1560 1868 IV.

1097 1919 1142 1945 An
1160 1925 1298 1945 consensus
1320 1919 1416 1944 tacitus
1436 1918 1525 1950 saciat
1542 1916 1743 1943 matrimonium
1757 1918 1776 1941 ².

1094 1998 1205 2029 Utrum
1225 2006 1396 2028 consensus
1415 1997 1527 2027 tacitus
1548 1996 1640 2026 faciat
1658 1995 1823 2026 matrimo-

1053 2051 1159 2087 nium;
1177 2053 1208 2080 et
1222 2050 1305 2088 quod
1318 2050 1373 2086 sio,
1384 2049 1508 2079 videtur
1524 2052 1552 2078 v1.
1566 2057 1623 2087 per
1635 2047 1822 2078 decretalem

1054 2103 1086 2133 in
1097 2103 1175 2133 libro
1186 2106 1298 2142 quarto
1313 2102 1350 2133 de
1365 2101 1608 2141 sponsalibuS,C.
1625 2100 1698 2131 Tuoe
1705 2100 1822 2138 frater-

1055 2156 1165 2193 nitati,
1183 2158 1240 2185 etc.
1258 2154 1493 2185 Matrimonium
1509 2154 1542 2183 in
1557 2153 1688 2183 veritate
1703 2155 1824 2183 eontra-

1056 2208 1144 2238 hitur
1159 2217 1214 2247 per
1227 2207 1408 2246 legitimum
1424 2207 1485 2236 viri
1499 2208 1530 2236 et
1544 2205 1686 2236 mulieris
1698 2213 1825 2235 consen-

1057 2269 1130 2290 sum
1147 2271 1153 2290 :
1170 2260 1223 2290 sed
1242 2260 1417 2290 necessaria
1440 2262 1514 2289 suut
1534 2258 1646 2296 verba,
1669 2259 1825 2297 quantum

1057 2313 1095 2343 ad
1113 2312 1296 2349 Ecclesiam,
1318 2312 1357 2342 ad
1376 2320 1563 2342 consensum
1583 2309 1827 2349 exprimendum

1057 2366 1096 2396 de
1113 2367 1260 2405 praesenti
1279 2376 1285 2395 :
1303 2374 1382 2404 ergo
1403 2365 1528 2395 videtur
1549 2364 1650 2403 quod,
1671 2366 1827 2403 quantum

1055 2412 1097 2448 'ad
1111 2418 1225 2454 Deum,
1243 2418 1480 2448 matrimonium
1495 2417 1561 2447 sine
1576 2417 1684 2447 verbo.

1059 2487 1083 2510 p.
1102 2481 1142 2509 ΙΙΙ,
1157 2487 1181 2510 q.
1199 2486 1258 2509 xm,
1273 2482 1320 2503 art.
1333 2480 1362 2509 ιη
1383 2482 1407 2502 et
1423 2480 1452 2502 lv
1475 2478 1553 2508 Sent.,
1571 2478 1628 2502 dist.
1644 2484 1743 2508 xxvm,
1762 2485 1788 2509 q.
1807 2484 1825 2508 1,

1059 2517 1105 2538 art.
1119 2517 1149 2545 ὃς
1163 2514 1292 2544 mebant,
1307 2515 1337 2537 tv
1354 2516 1433 2538 Seni..
1452 2514 1509 2537 dist.
1527 2519 1622 2543 xxviii,
1641 2515 1688 2537 art.
1711 2515 1735 2543 2,
1756 2520 1782 2544 q.
1800 2519 1825 2543 15

1060 2549 1146 2580 Steph.
1165 2549 1268 2576 muter„
1290 2550 1319 2572 tv
1342 2550 1421 2576 Sent..
1442 2549 1498 2572 dist.
1518 2554 1610 2577 xxviv,
1633 2556 1657 2579 q.
1682 2553 1724 2578 1v;
1739 2549 1827 2572 Petrus

1061 2585 1092 2608 de
1107 2585 1218 2612 Taraut.,
1235 2585 1265 2607 Ν
1283 2584 1360 2612 Sent.,
1375 2584 1432 2607 dist.
1448 2589 1544 2614 xxviii,
1559 2591 1583 2614 q.
1601 2589 1635 2607 vi.

1836 2006 1870 2027 Ad
1889 2011 1940 2032 opp.
