1991 3006
104 1060 206 1082 Fundam.

223 245 280 273 520

222 310 281 340 rati
302 311 375 339 sunt
389 309 426 337 ‹le
442 310 505 338 toto
519 317 556 339 eo
571 309 656 348 quod
672 311 859 339 meruerunt
880 319 886 338 ε
912 317 990 346 ergo

222 372 285 393 non
300 364 485 392 meruerunt
504 362 621 401 aquuid
637 362 722 392 aliud
740 373 746 392 z
769 371 848 400 orgo
868 362 990 392 ratione

222 415 324 445 meriti
342 414 546 453 praecedentis
561 424 625 445 non
639 415 819 454 impetrant.

261 471 290 499 2.
307 468 383 498 Item
400 467 503 497 Sancti
525 476 580 507 per
594 468 702 497 omnia
717 468 913 497 conformant
934 476 991 497 vo-

221 521 373 551 luntatem
391 529 480 550 suam
498 520 649 551 voluntati
669 521 786 551 divinae
809 531 814 550 :
832 530 909 558 orgo
927 529 989 550 non

221 575 322 611 orant,
340 582 397 602 nec
413 575 535 612 petunt,
549 573 606 602 nisi
619 573 701 612 quod
722 573 800 602 [leus
813 572 879 602 vult,
895 573 968 602 ‹lars-
982 583 987 603 :

221 625 273 655 sed
287 625 369 664 quod
380 625 459 655 Deus
471 625 539 655 vult
548 625 633 662 dare,
645 626 740 659 dabit,
751 625 873 655 etiamsi
885 625 990 655 Sancti

221 687 282 707 non
300 680 405 716 petant
424 687 431 708 ε
449 687 539 716 ergo,
557 681 615 708 etc.

261 733 289 761 3.
306 730 384 761 Item
399 730 503 761 Sancti
514 731 623 761 vident
635 733 743 761 utrum
754 731 910 760 orationes
922 740 991 761 nos-

221 787 278 814 trae
293 784 354 813 sint
368 784 586 821 exaudiendae,
603 786 657 813 aut
673 793 736 813 non
756 783 962 814 exaudiendae
982 794 988 814 :

221 837 246 867 si
263 839 337 867 sunt
349 837 568 874 exaudiendae,
583 838 711 876 petunt;
730 837 755 866 si
771 846 845 873 non,
862 846 925 866 non
942 846 991 875 pe-

221 892 292 920 tunt
306 900 312 919 :
331 889 384 920 sed
400 889 426 919 si
442 898 505 919 non
520 891 672 928 peterent,
690 889 896 919 nihilominus
911 889 991 929 peti-

221 943 322 973 tiones
345 942 552 973 exaudiendae
574 942 803 973 exaudirentur
821 954 827 973 z
843 952 921 981 ergo
937 952 989 973 eo-

222 1005 294 1026 rum
308 995 409 1025 oratio
424 995 504 1025 nihil
522 995 604 1025 facit.

263 1048 377 1079 Contra
394 1059 401 1078 ι
418 1046 522 1077 Sancti
536 1047 569 1077 in
584 1047 636 1077 via
649 1047 819 1086 impetrant
835 1048 904 1077 aliis
921 1057 992 1086 gra-

221 1101 297 1131 tiam
312 1103 342 1131 et
364 1101 465 1131 multa
479 1101 577 1137 bona;
595 1101 647 1131 sed
669 1100 740 1140 plus
755 1104 884 1139 possunt
907 1102 991 1140 apud

222 1154 321 1184 Deum
340 1154 371 1183 in
396 1154 506 1193 patria,
526 1163 622 1193 quam
645 1154 678 1183 in
701 1154 753 1184 via
770 1164 776 1184 z
792 1163 869 1192 ergo
889 1154 992 1193 magis

221 1207 403 1246 impetrant.

261 1260 337 1291 Item
369 1260 471 1290 Sancti
500 1260 670 1299 impetrant
698 1270 754 1299 pro
781 1261 864 1290 vivis
878 1285 886 1297 ,
917 1261 992 1300 quia

220 1316 294 1344 sunt
308 1313 400 1343 amici
425 1313 477 1342 nei
496 1323 501 1342 :
523 1313 575 1342 sed
596 1313 700 1351 magis
724 1315 800 1343 sunt
821 1314 913 1343 amici
941 1314 990 1344 Dei

221 1366 253 1396 in
270 1366 380 1405 patria,
397 1375 493 1405 quam
509 1366 541 1395 in
559 1366 610 1395 via
629 1376 635 1395 ε
653 1374 731 1404 ergo
752 1366 910 1397 efficacius
930 1367 992 1396 im-

222 1422 354 1458 petrant.

262 1472 338 1503 Item
362 1471 538 1502 ostenditur
558 1481 613 1511 per
638 1472 844 1511 impossibile,
869 1473 943 1512 quia
965 1473 992 1502 si

221 1534 284 1556 non
300 1525 484 1564 impetrant,
508 1526 538 1554 et
562 1527 664 1562 orant,
686 1525 765 1555 sicut
787 1534 884 1564 supra
901 1535 992 1555 inon-

221 1581 355 1608 stratum
372 1580 429 1615 est,
444 1587 523 1616 ergo
539 1578 656 1608 frustra
671 1580 778 1614 orant;
799 1581 827 1608 et
842 1581 914 1608 sunt
930 1579 990 1608 mi-

221 1632 293 1669 seri,
311 1631 385 1671 quia
401 1639 465 1660 non
481 1630 629 1669 impletur
644 1639 755 1660 eorum
773 1630 930 1661 voluutas.

262 1684 339 1714 Item
375 1683 479 1714 Sancti
514 1683 556 1713 ita
590 1683 709 1713 faciunt
740 1683 893 1713 miracula
925 1687 993 1723 post

222 1740 368 1773 mortem,
390 1738 425 1766 ut
450 1738 545 1766 ante:
565 1744 645 1774 ergo
671 1736 713 1765 ita
738 1736 908 1775 impetrant
924 1740 993 1776 post

223 1792 369 1827 mortem,
387 1792 422 1819 ut
437 1791 519 1819 aute.

495 1899 718 1931 CONCLUSIO.

222 1988 316 2014 Sancti
326 1988 380 2014 suis
390 1987 557 2014 orationibus
571 1987 657 2013 multa
673 1987 740 2013 bona
755 1987 831 2014 nobis
845 1989 993 2022 impetrant

258 2033 350 2058 merito
367 2034 391 2058 et
406 2031 520 2065 affectu,
537 2033 562 2057 ct
577 2031 694 2064 gloriosa
719 2031 802 2064 Vz'rqo
821 2031 917 2058 multos
933 2039 992 2065 pec-

258 2078 357 2102 catores
373 2077 424 2102 Deo
438 2075 601 2102 reconciliat.

265 2163 355 2202 Resp.
372 2162 411 2192 ad
424 2171 492 2201 arg.
513 2161 682 2192 Dicendum
699 2161 783 2201 quod
802 2161 992 2192 Sanctorum

223 2216 379 2246 orationes
394 2215 493 2245 multa
506 2214 596 2244 nobis
612 2215 693 2244 bona
707 2214 893 2253 impetrant,
912 2215 993 2244 sicut

223 2268 297 2298 dicit
314 2268 475 2307 Magister,
495 2267 627 2305 merito,
653 2270 683 2297 et
706 2267 820 2298 affectu
845 2280 851 2298 ε
878 2268 990 2298 merito

224 2320 353 2360 quidem
369 2320 574 2359 praecedenti,
594 2329 657 2359 quo
676 2320 736 2350 Deo
759 2320 903 2350 facillime
925 2330 990 2350 ser-

226 2375 368 2411 vierunt,
389 2376 418 2403 et
434 2375 558 2403 tantum
574 2373 679 2403 locum
695 2373 759 2403 suis
780 2374 900 2403 meritis
915 2376 990 2404 sunt

225 2427 346 2466 adepti,
366 2428 403 2456 ut
429 2435 492 2456 non
511 2426 612 2456 solum
634 2426 691 2455 sibi
713 2426 940 2456 beatitudinem
963 2429 993 2456 et

227 2479 363 2518 gloriam
382 2478 574 2515 meruerint,
598 2479 650 2508 sed
672 2479 766 2509 etiam
789 2479 858 2509 aliis
880 2480 991 2510 suffra-

226 2534 294 2572 gari
304 2545 311 2571 ;
325 2533 426 2564 multa
436 2533 530 2563 etiam
541 2536 855 2572 supererogaverunt
864 2534 989 2572 affectu,

261 2596 266 2611 ¹
284 2595 323 2625 Cf.
339 2595 363 2618 S,
381 2595 481 2622 Thom.,
497 2594 522 2617 in
541 2594 627 2624 Suppl.
648 2602 673 2624 p.
691 2595 736 2624 lll,
752 2602 778 2625 q.
796 2601 880 2622 Lxxll,
899 2597 946 2619 art.
961 2597 992 2625 2;

226 2633 250 2654 et
268 2631 298 2654 lV
317 2630 394 2658 Sent„
411 2630 467 2653 dist.
484 2635 543 2658 xm,
561 2636 585 2659 q.
602 2635 644 2659 ιιι,
660 2632 706 2652 urt.
723 2631 754 2659 ἐς
771 2631 850 2659 Suet„
869 2631 898 2654 {V
915 2632 993 2661 Sem„

226 2665 283 2689 dist.
297 2671 355 2694 ην,
374 2672 398 2696 q.
414 2670 449 2694 iv3
463 2664 611 2691 Richardus,
628 2665 658 2687 lv
672 2664 750 2694 Sent.‚
765 2665 821 2689 dist.
836 2671 894 2695 XLV,
909 2668 955 2689 art.
970 2667 992 2695 7,

226 2707 250 2733 q.
266 2706 308 2731 1¹¹3
323 2700 413 2725 Thom.
429 2701 545 2732 Argent„
557 2700 588 2724 lv
600 2699 679 2731 sent„
692 2699 749 2724 dist.
762 2706 822 2731 XLV,
835 2707 859 2732 q.
875 2707 893 2730 1,
905 2703 951 2724 art.
963 2702 993 2731 45

779 240 1089 272 SENTENTIARUM
1115 241 1186 272 ΗΒ.
1212 241 1262 271 IV.

1047 309 1122 348 quia
1143 308 1234 338 amici
1258 308 1308 337 Dei
1331 310 1405 338 sunt
1425 308 1511 343 facti;
1539 310 1569 337 et
1595 307 1742 337 amicitiae
1771 308 1817 336 est

1048 362 1130 391 idem
1143 362 1222 391 velle
1245 363 1275 390 et
1296 361 1393 398 nolle3
1413 363 1443 391 ct
1465 370 1538 391 cum
1552 361 1689 399 aliquem
1710 361 1817 389 ament.

1047 415 1163 451 Sancti,
1180 414 1382 453 compellunt,
1399 417 1434 444 ut
1447 414 1489 443 sic
1503 414 1616 450 dicam,
1633 412 1731 443 Deum
1744 411 1816 442 dili-

1048 478 1133 503 gere.
1160 467 1244 497 [nde
1271 468 1360 497 beata
1380 467 1476 505 Virgo
1499 467 1615 496 multos
1639 467 1816 505 peccatores

1049 520 1109 550 Deo
1125 521 1324 551 reconciliare
1339 520 1464 551 dicitur.

1088 574 1134 603 Ad
1162 574 1238 603 illud
1260 582 1338 612 ergo
1357 573 1441 612 quod
1463 573 1622 612 objicitur,
1646 571 1730 612 quod
1753 579 1818 602 non

1047 630 1120 657 sunt
1137 628 1167 657 in
1189 629 1271 657 statu
1293 627 1451 664 merendi,
1473 626 1639 656 dicendum
1659 624 1744 664 quod
1759 632 1816 654 ve-

1048 689 1119 710 rum
1135 683 1180 709 est
1195 680 1248 710 i11i.
1266 680 1301 710 Et
1317 682 1470 719 praeterea
1486 688 1549 709 non
1565 678 1707 709 redditur
1723 686 1819 707 exau-

1047 733 1124 762 ditio
1145 733 1257 762 merito
1272 733 1356 772 quod
1372 735 1445 762 tunc
1461 732 1512 769 fit,
1533 731 1585 762 sed
1602 731 1715 761 merito
1732 729 1816 770 quod

1049 786 1218 824 praercssit.

1088 841 1116 868 9..
1130 838 1217 875 Quod
1234 838 1392 876 objicitur,
1408 837 1493 877 quod
1506 839 1581 867 tunc
1596 837 1663 866 sine
1677 835 1820 866 oratione

1049 892 1151 928 fieret,
1168 891 1336 921 dicendum
1351 891 1433 931 quod
1458 892 1643 920 meruerunt
1659 897 1724 919 non
1741 888 1817 918 sim-

1049 945 1179 984 pliciter,
1205 945 1288 984 quod
1313 945 1372 975 ista
1395 945 1588 980 obtinerent;
1615 942 1668 972 sed
1694 942 1731 980 (a)
1760 941 1819 972 sub

1048 998 1242 1034 conditione,
1268 998 1413 1028 videlicet
1441 998 1465 1027 si
1489 997 1549 1036 ipsi
1573 995 1818 1032 intercederent,

1049 1051 1097 1081 vel
1121 1051 1172 1081 alii
1199 1060 1309 1081 eorum
1335 1051 1472 1081 subsidia
1496 1050 1716 1089 impetrarent3
1739 1048 1819 1078 sicut

1048 1103 1145 1142 aliqui
1168 1103 1271 1133 Sancti
1290 1104 1321 1133 in
1340 1106 1439 1133 morte
1462 1103 1634 1142 petierunt,
1659 1101 1743 1140 quod
1760 1100 1817 1131 Do-

1050 1157 1155 1186 minus
1177 1157 1339 1186 exaudiret
1357 1157 1538 1186 invocantes
1555 1164 1666 1185 eorum
1682 1153 1818 1194 patroci-

1049 1209 1148 1238 nium.
1167 1208 1203 1239 Et
1224 1209 1305 1248 quod
1330 1209 1420 1245 dicit⁷
1442 1208 1526 1248 quod
1543 1208 1692 1238 meritum
1707 1214 1818 1237 eorum

1049 1264 1094 1291 est
1114 1261 1204 1301 plene
1228 1264 1484 1298 remuneratum,
1503 1269 1616 1291 verum
1631 1262 1678 1290 est
1691 1259 1729 1290 de
1751 1267 1818 1289 me-

1048 1314 1108 1344 rito
1133 1315 1291 1352 absoluto3
1318 1315 1371 1344 sed
1399 1314 1436 1345 de
1467 1314 1579 1344 merito
1607 1313 1820 1343 conditionato

1048 1367 1151 1398 adhuc
1165 1369 1225 1397 stat
1240 1367 1388 1404 conditio,
1406 1369 1435 1397 et
1451 1366 1592 1397 merendi
1607 1366 1697 1396 ratio.

1090 1424 1119 1451 3.
1144 1421 1190 1451 Ad
1211 1421 1288 1451 illud
1309 1421 1392 1459 quod
1413 1420 1572 1459 objicitur,
1589 1419 1673 1459 quod
1695 1419 1818 1450 confor-

1049 1476 1135 1503 mant
1158 1473 1353 1503 voluntatem
1370 1482 1462 1503 suam
1480 1472 1600 1503 divinae
1623 1481 1678 1511 per
1698 1471 1818 1509 omnia,

1048 1526 1217 1556 dis-endum
1233 1526 1333 1565 quod,
1352 1526 1430 1556 sicut
1452 1526 1526 1556 dicit
1546 1525 1763 1564 Augustinus,
1780 1524 1819 1556 de

1048 1579 1332 1610 Proedeslinatz'onc
1347 1578 1552 1616 Sanctorum,
1568 1578 1651 1618 quod
1666 1586 1756 1608 orare
1770 1577 1820 1608 de-

1048 1632 1160 1662 bemus
1176 1642 1232 1671 pro
1250 1632 1487 1671 praedestinatis,
1505 1632 1581 1670 quia
1594 1632 1724 1661 fortasse
1740 1638 1820 1669 prae—

1047 1685 1192 1715 destinati
1205 1688 1290 1722 sunt,
1307 1687 1343 1714 ut
1358 1684 1474 1714 nostris
1490 1684 1688 1714 orationibus
1702 1683 1817 1714 confir-

1048 1740 1194 1767 mentur:
1217 1740 1247 1768 et
1271 1738 1295 1766 si
1322 1740 1478 1767 constaret
1507 1737 1597 1767 nohis
1618 1737 1677 1767 hoc
1700 1738 1818 1774 totum,

1047 1790 1130 1829 quod
1146 1793 1248 1820 essent
1269 1791 1396 1830 praevisi
1411 1790 1526 1820 salvari
1548 1790 1585 1820 ad
1607 1792 1732 1820 nostras
1746 1798 1820 1828 pre-

1048 1852 1108 1880 ces,
1132 1843 1318 1873 deberemus
1344 1843 1454 1882 utique
1482 1852 1536 1882 pro
1561 1842 1605 1872 eis
1628 1851 1760 1880 rogare,
1785 1844 1820 1872 ut

1048 1896 1204 1926 fructuose
1220 1905 1420 1935 rogaremus,
1435 1896 1509 1936 quia
1524 1895 1562 1926 ad
1579 1903 1686 1934 preces
1696 1896 1819 1925 nostras

1047 1948 1256 1979 salvarentur.
1275 1949 1324 1979 Sic
1345 1948 1589 1991 intelligendum
1610 1947 1703 1978 estin
1720 1947 1819 1978 Sanc-

1049 2003 1103 2039 tis,
1121 2002 1176 2042 qui
1198 2002 1305 2033 vident
1325 2002 1409 2041 quod
1428 2002 1509 2032 Deus
1526 2000 1663 2031 decrevit
1677 2009 1736 2031 nos
1755 2000 1819 2030 sal-

1048 2065 1123 2086 vare
1146 2056 1184 2085 ad
1209 2064 1321 2085 eorum
1352 2064 1477 2094 preces:
1504 2054 1574 2084 ideo
1595 2053 1819 2084 instantissime

1048 2110 1164 2146 rogant
1178 2110 1208 2138 et
1224 2108 1406 2146 impetrant.

1304 2213 1483 2251 QUAESTIO
1506 2213 1559 2244 ΙΙΙ.

1155 2294 1201 2321 An
1221 2294 1286 2321 utile
1302 2295 1338 2320 sit
1358 2295 1430 2320 nobis
1448 2301 1542 2328 rogare
1561 2294 1672 2321 Sanctos
1694 2298 1710 2320 ¹.

1089 2373 1200 2404 Utrum
1219 2373 1295 2403 utile
1315 2374 1354 2402 sit
1373 2373 1464 2403 nobis
1484 2383 1597 2412 rogare
1617 2374 1764 2411 Sanctos3
1787 2376 1817 2404 et

1048 2427 1132 2466 quod
1148 2435 1227 2463 non,
1248 2426 1391 2456 videtur:
1415 2426 1490 2465 quia
1507 2426 1580 2464 iste,
1605 2427 1659 2466 qui
1681 2435 1815 2457 conver-

1048 2481 1124 2510 titur
1143 2479 1181 2509 ud
1197 2479 1377 2517 rogandum
1393 2478 1538 2516 Sanetos,
1562 2482 1616 2509 aut
1636 2482 1682 2509 est
1698 2479 1816 2518 dignus

1048 2532 1202 2569 exaudiri,
1221 2534 1274 2562 aut
1290 2540 1368 2562 non:
1387 2531 1413 2561 si
1432 2534 1478 2562 est
1491 2531 1619 2571 dignus,
1637 2532 1731 2562 etiam
1750 2532 1816 2562 sine

1049 2616 1135 2647 Steph.
1153 2616 1256 2644 Brules.‚
1278 2616 1308 2639 lv
1328 2617 1407 2646 Sent.‚
1423 2616 1479 2639 dist.
1496 2621 1555 2646 ην,
1571 2623 1596 2647 q.
1615 2622 1657 2647 1x5
1678 2617 1764 2640 Petrus
1785 2616 1816 2642 de

1048 2653 1159 2682 Tarant„
1175 2652 1205 2675 lV
1219 2652 1297 2681 Sem„
1313 2652 1371 2675 dist.
1384 2656 1443 2680 XLV,
1458 2658 1482 2682 q.
1501 2657 1542 2675 xv.

1081 2701 1112 2730 (α)
1126 2700 1185 2724 Coet.
1201 2700 1261 2724 edit.
1277 2700 1359 2724 omitt.
1376 2700 1427 2725 sed.

1835 2376 1868 2398 Ad
1886 2377 1936 2399 OPP-
