1991 3006
233 199 291 228 622
742 196 1042 228 tlonl’EanosUil
1070 198 1294 229 l'RlNClPIUM
1304 223 1312 236 ,

233 290 333 323 quam
350 290 449 312 unam
465 290 634 323 personam
651 290 718 312 esse
734 279 768 312 in
784 279 848 312 alia
863 305 870 320 ,
891 283 921 311 et
936 291 952 311 e
965 290 1131 312 converso.
1150 279 1252 312 Graeci
1273 290 1350 312 vero
1365 279 1508 322 theologi
1526 279 1586 312 hoc
1606 280 1738 314 nomine
1752 291 1819 314 non

235 337 342 370 solum
366 336 737 370 consubstantialitatem
762 337 950 369 divinarum
973 348 1184 381 personarum
1207 337 1391 379 significare
1414 337 1590 370 voluerunt
1608 364 1616 378 ,
1638 337 1692 370 sed
1713 338 1820 382 potius

237 406 349 428 earum
365 394 675 439 inseparabilitatem
690 421 697 435 ‚
716 398 870 427 mutuum
887 398 917 426 et
932 399 1057 427 arctum
1077 395 1284 438 complexum
1298 421 1305 435 ,
1322 398 1353 427 ct
1368 395 1402 427 in
1419 395 1600 428 seinvicem
1616 395 1710 440 quasi
1724 407 1820 440 pene-

235 452 421 493 trationem,
434 456 465 484 et
479 452 649 484 introitum
666 451 894 484 admirabilem
909 464 945 484 ac
960 452 1171 496 stupendum,
1184 452 1264 484 citra
1281 452 1505 485 confusionem
1521 457 1629 486 tamen
1645 457 1676 486 et
1690 453 1820 487 mixtio-

232 510 400 548 nem.Quo
416 509 465 550 fit,
483 513 520 541 nt
534 520 680 553 personae
695 509 816 542 divinae
832 509 1138 543 circumincessione
1153 510 1217 542 sint
1234 520 1320 551 unae,
1334 509 1402 542 sive
1417 510 1513 542 etiam
1530 522 1617 544 unus
1631 510 1729 552 Deus,
1741 510 1820 556 quia

232 578 288 611 per
303 567 394 599 illam
410 567 594 608 uniuntur,
613 567 812 607 immanent,
835 567 957 600 circum
981 578 1014 600 se
1038 567 1213 607 incedunt,
1231 571 1263 600 et
1283 572 1478 600 commeant.
1504 568 1633 601 Etenim
1657 568 1736 613 quia
1758 568 1820 602 im-

235 635 366 657 mensus
389 628 435 657 cst
458 624 577 666 Pater,
607 624 786 657 immensus
807 624 911 657 Filius
930 651 939 664 ‚
968 625 1147 658 immensus
1172 625 1314 669 Spiritus
1338 630 1469 659 sanctus
1492 653 1499 668 ‚
1530 630 1622 659 extra
1644 637 1677 659 se
1697 627 1820 659 versari

232 687 411 726 nequeunt.
439 682 550 726 Itaque
573 686 607 715 ut
632 694 664 715 se
690 687 806 715 mutuo
822 682 969 726 capiant,
987 694 1086 727 seque
1101 683 1279 715 metiantur
1304 694 1431 716 net-esse
1451 688 1497 716 est
1516 696 1522 716 :
1544 684 1643 728 idque
1665 684 1735 717 sine
1750 683 1820 717 ulla

232 740 422 773 confusione
437 766 444 781 ‚
459 752 494 772 ac
510 740 678 773 mixtione.
698 740 765 773 Hoc
787 740 971 784 appellatur
986 751 1088 783 graece
1109 748 1286 784 περιχωρεῖν,
1304 741 1404 773 latine
1428 752 1504 773 vero
1526 741 1816 784 circumincedere,

230 798 297 831 sive
313 798 400 830 ultro
418 798 564 843 citroque
579 809 772 831 commeare.
791 798 870 830 Rem
889 798 971 831 hanc
985 798 1011 830 si
1027 798 1132 831 fusius
1147 799 1339 843 explicatam
1357 799 1540 840 desideras,
1559 799 1629 842 lege
1648 810 1687 832 ex
1709 810 1818 833 recen-

232 855 369 888 tioribus
383 855 566 888 Gilbertum
579 855 828 889 Genebmrdum
842 855 1059 888 Parisiensem
1078 855 1265 899 [honlogum
1278 883 1286 897 ‚
1303 857 1494 899 linguarum
1508 868 1569 889 usu
1587 860 1618 896 ct
1633 856 1820 900 cognitione

230 913 479 958 peritissimum,
497 913 637 946 secundo
653 924 711 946 suo
728 913 812 946 libro
827 913 866 946 de
884 913 1062 953 sanitate,
1081 914 1158 946 etin
1188 914 1332 958 ejusdem
1350 914 1510 958 Apoloqia
1534 918 1646 947 contra
1666 914 1820 959 Blasphe-

232 971 329 1004 iniam
345 971 502 1004 decimam
519 974 671 1015 quartam
686 976 717 1003 et
733 971 891 1004 decimam
907 971 1058 1016 quintam
1073 971 1221 1005 Scliechii
1238 971 1381 1005 heretici.

267 1119 385 1159 Gyrum
405 1120 474 1151 coeli
491 1120 628 1152 circuivi
643 1119 709 1151 sola
721 1119 741 1156 ¹,
760 1121 819 1149 etc.
840 1119 940 1156 Quam
957 1119 996 1149 sit

226 1172 296 1202 libri
319 1173 555 1205 Sententiarum
578 1172 799 1203 inaccessibilis
821 1172 992 1203 celsitudo:

224 1235 320 1265 quam
336 1227 375 1256 sit
391 1227 461 1257 libri
479 1226 716 1258 Sententiarum
731 1225 880 1266 perplexa
896 1226 994 1255 nodo-

224 1288 267 1309 sae
283 1279 503 1319 profunditatis
519 1280 636 1318 indago
651 1290 657 1309 z
674 1289 770 1318 quam
785 1280 823 1308 sit
838 1279 909 1309 libri
922 1278 995 1310 Sen-

224 1334 398 1364 tentiarum
422 1334 558 1373 perfecta
591 1333 783 1372 cognitionis
796 1334 835 1371 (a)
866 1333 994 1363 increati

223 1386 444 1424 cognoscibilis
461 1386 621 1426 plenitudo
637 1398 642 1416 :
662 1396 758 1426 quam
774 1386 813 1416 sit
828 1386 924 1416 hebes
939 1395 996 1417 cae-

224 1440 371 1470 cutientis
383 1439 558 1470 intellectus
571 1440 674 1475 caligo
686 1464 694 1477 ,
709 1440 843 1470 ostendit.
859 1440 997 1470 increata

189 1508 191 1510 ·
224 1492 385 1532 Sapientia
406 1493 437 1523 in
457 1493 555 1524 verbo
576 1493 756 1533 proposito:
784 1494 903 1533 Gyrum
924 1494 997 1525 coeli

223 1547 361 1578 circuivi
374 1547 457 1584 sola,
473 1550 531 1577 etc.

264 1599 349 1630 Libri
383 1600 623 1632 Sententiarum
653 1599 876 1630 inaccessibilis
905 1600 993 1630 celsi>-

223 1653 298 1683 tudo
309 1654 465 1692 tangitur,
480 1652 606 1692 quando
618 1652 734 1682 dicitur
749 1664 754 1682 :
775 1652 860 1690 Coelz‘,
874 1655 907 1683 ut
924 1662 995 1683 vere

223 1705 379 1744 possimus
394 1705 496 1735 dicere
511 1714 584 1735 cum
599 1704 657 1735 Joh
669 1706 697 1734 2':
721 1705 850 1744 Suspice
865 1705 974 1737 coelzmz
984 1730 994 1743 ,

224 1761 252 1790 et
270 1758 393 1790 intuere
408 1758 525 1790 oellicra
536 1781 543 1794 ‚
563 1757 647 1797 quod
662 1758 757 1789 altior
773 1762 800 1789 le
813 1759 867 1789 sit.

266 1811 419 1851 Perplexa
430 1812 559 1842 nodosae
575 1811 798 1850 profunditatis
812 1811 930 1850 indago
942 1821 996 1842 no-

225 1866 320 1903 tatur,
333 1874 405 1895 cum
416 1865 532 1895 dicitur
545 1875 551 1895 :
568 1864 719 1896 Circuivi.
732 1864 900 1895 Anfractus
910 1865 995 1895 enim

224 1917 401 1958 labyrinthi
412 1921 468 1956 est,
483 1918 645 1958 inquirere
661 1916 847 1947 Trinitatem
858 1927 914 1957 per
924 1927 996 1957 cog-

224 1971 377 2001 nitionem
391 1974 619 2001 creaturarum.

264 2023 487 2054 Consummata
507 2023 701 2062 cognitionis
714 2024 752 2063 (a)
775 2024 904 2054 increati
919 2033 995 2063 cog-

225 2077 386 2107 noscibilis
401 2077 561 2116 plenitudo
577 2078 706 2107 notatur
721 2077 851 2108 nomine
867 2078 952 2117 qyri'.

264 2129 364 2160 Hebes
381 2130 573 2161 caecutientis
594 2130 770 2160 intellectus
785 2130 887 2169 caligo
902 2134 994 2161 nota-

223 2186 286 2221 tur,
304 2183 431 2223 quando
446 2184 580 2214 dicitur:
599 2183 686 2215 Sola.
710 2182 743 2213 Si
763 2184 848 2214 enim
864 2185 930 2214 sola
945 2185 993 2215 in-

224 2239 326 2267 creata
350 2236 508 2276 Sapientia
531 2237 643 2266 circuit
668 2246 788 2276 gyrum
812 2237 900 2274 coeli,
933 2238 995 2269 hu-

224 2299 318 2320 mana
334 2290 413 2319 ratio
424 2299 487 2320 non
501 2289 641 2327 attingit.
657 2289 744 2320 Unde
754 2292 784 2320 et
794 2290 996 2330 Augustinus

224 2343 341 2373 dicim:
364 2355 377 2371 α
400 2343 512 2373 Mentis
532 2343 683 2373 humanae
706 2343 787 2373 acies
804 2344 943 2375 invalida
964 2345 996 2375 in

224 2396 288 2424 tam
303 2393 467 2424 excellenti
480 2394 549 2423 lnce
563 2402 628 2423 non
640 2394 763 2432 figitur.
777 2404 790 2421 »
806 2394 881 2425 Dicit
896 2404 975 2434 ergo
988 2407 994 2426 ε

228 2448 348 2487 Gyrum
363 2447 433 2479 coeli
446 2447 584 2478 circuiri
600 2446 686 2484 sola,
704 2449 762 2477 etc.

265 2499 368 2540 Gyrus
393 2500 461 2531 coeli
491 2500 585 2530 habet
608 2500 857 2539 quadriformem
882 2501 997 2531 intelli-

259 2587 263 2598 ¹
281 2584 369 2616 Eccli„
386 2592 456 2614 xxiv,
476 2588 500 2609 ὁ.
517 2598 546 2602 -
564 2584 574 2600 ²
591 2583 645 2614 Job,
665 2590 742 2614 xxxV,
761 2586 783 2608 5.
803 2598 832 2602 —
848 2585 858 2600 ³
874 2587 948 2616 Aug..
967 2586 997 2610 de

227 2620 328 2652 Trina„
343 2621 386 2645 lib.
401 2622 419 2650 1,
432 2628 454 2644 c.
473 2627 502 2651 ii,
519 2627 543 2644 n.
559 2622 580 2644 4.

259 2670 290 2700 (a)
307 2670 378 2693 Edit.
399 2670 453 2694 Ven.
469 2669 529 2694 add.
545 2671 578 2692 et.
591 2681 618 2685 —
631 2668 664 2698 (b)
679 2669 740 2691 coet.
751 2668 809 2692 edit.
822 2669 993 2701 Trimegistus.

1052 1120 1211 1158 gentiam,
1238 1122 1376 1160 quatuor
1394 1119 1483 1150 libris
1500 1119 1735 1151 Sententiarum
1751 1127 1824 1158 pro-

1051 1172 1266 1212 portIOnaliter
1280 1173 1532 1212 respondentem.

1092 1225 1194 1265 Gyrus
1206 1225 1275 1255 cazli
1287 1225 1401 1256 dicitur
1412 1225 1575 1265 sphaeralis
1588 1225 1729 1256 ambitus
1739 1224 1821 1264 coeli,

1052 1278 1081 1308 id
1096 1281 1141 1308 est
1156 1287 1299 1309 connexa
1314 1279 1497 1318 superficies
1511 1278 1645 1318 sphaerae
1661 1278 1742 1310 coeli.

1093 1331 1195 1371 Gyrus
1209 1332 1278 1362 coeli
1294 1332 1408 1362 dicitur
1432 1333 1534 1372 maj0r
1551 1332 1703 1363 circuitus
1718 1331 1824 1372 sphae-

1053 1394 1096 1415 1·ae
1107 1385 1188 1422 coeli,
1204 1394 1268 1424 quo
1278 1394 1343 1416 non
1353 1388 1400 1416 est
1410 1385 1524 1425 aliquis
1536 1385 1638 1424 major
1654 1385 1686 1415 in
1700 1384 1825 1424 sphaera

1051 1439 1135 1477 coeli,
1151 1441 1180 1469 et
1196 1439 1305 1469 transit
1324 1448 1378 1478 per
1395 1441 1540 1470 centrum
1556 1441 1665 1477 terrae,
1681 1439 1767 1479 quod
1779 1440 1825 1470 est

1051 1495 1194 1523 centrum
1220 1492 1303 1523 coeli.
1336 1492 1423 1523 Unde
1452 1491 1681 1532 aequinoctialis
1709 1491 1825 1522 dicitur

1053 1555 1154 1586 gyrus
1169 1547 1255 1583 coeli,
1280 1547 1336 1586 qui
1360 1547 1474 1577 dicitur
1491 1546 1661 1585 cingulum
1675 1545 1776 1583 orbis,
1794 1547 1825 1576 et

1054 1602 1188 1639 uterque
1205 1600 1332 1630 colurus
1347 1602 1447 1639 potest
1460 1600 1521 1630 dici
1537 1609 1638 1639 gyrus
1653 1598 1734 1629 coeli.

1092 1653 1194 1693 Gyrus
1210 1653 1278 1684 coeli
1300 1653 1415 1683 dicitur
1436 1653 1601 1692 regyratio
1617 1651 1710 1692 primi
1726 1651 1760 1682 in
1774 1650 1826 1682 ul-

1051 1706 1168 1736 timum
1182 1731 1188 1745 ,
1214 1709 1245 1737 et
1261 1706 1362 1736 ultimi
1379 1706 1411 1736 in
1427 1706 1579 1746 prImum.
1603 1705 1638 1736 Et
1656 1705 1716 1736 hoc
1732 1705 1824 1735 modo

1053 1758 1203 1790 Zodiacus
1218 1759 1334 1790 dicitur
1352 1768 1456 1799 gyrus
1470 1759 1539 1790 coeli
1551 1783 1560 1797 ‚
1584 1758 1659 1799 qnia
1674 1758 1707 1788 in
1721 1767 1758 1789 eo
1771 1766 1823 1788 ro-

1053 1815 1137 1843 tatur
1152 1812 1204 1843 Sol
1220 1813 1260 1843 ab
1275 1812 1402 1842 Oriente
1418 1812 1451 1842 in
1467 1812 1576 1842 Oriens
1591 1820 1648 1851 per
1662 1809 1822 1841 Occidens.

1092 1865 1195 1905 Gyrus
1214 1866 1285 1896 coeli
1303 1865 1418 1896 dicitur
1441 1865 1596 1896 revolutio
1611 1863 1826 1904 heptasiderea

1053 1919 1135 1949 circa
1150 1918 1273 1950 Polum.

1092 1971 1196 2012 Gyrus
1211 1972 1293 2008 coeli,
1310 1973 1366 2013 qui
1378 1975 1425 2004 est
1439 1973 1581 2013 specialis
1595 1972 1733 2003 ambitus
1743 1971 1824 2009 coeli,

1052 2027 1217 2057 materiam
1249 2026 1393 2065 designat
1422 2027 1519 2067 primi
1546 2026 1619 2056 libri
1645 2025 1825 2058 Sententia-

1052 2088 1135 2117 rum,
1150 2080 1203 2119 qui
1215 2080 1283 2119 agit
1294 2080 1331 2110 de
1343 2080 1415 2110 Deo.
1432 2080 1550 2119 Agitur
1561 2081 1667 2110 autem
1677 2078 1711 2109 in
1724 2078 1826 2118 primo
1840 2092 1939 2144 laffisffi.

1849 2123 1855 2143 i
1873 2138 1878 2144 .
1903 2126 1945 2146 ent.

1055 2132 1294 2165 Sententiarum
1316 2133 1354 2163 de
1378 2133 1440 2163 Deo
1465 2132 1640 2163 secundum
1664 2131 1826 2162 trifarium

1052 2195 1184 2226 gyrum.
1205 2185 1258 2216 Est
1273 2186 1356 2216 enim
1371 2185 1453 2216 Deus
1466 2185 1592 2225 sphaera
1604 2183 1824 2223 intelligibilis,

1053 2241 1144 2279 quus
1169 2241 1313 2270 centrum
1342 2239 1462 2278 ubique
1474 2262 1481 2276 ,
1513 2241 1544 2268 et
1573 2236 1825 2268 circumferentia

1052 2301 1230 2330 nusquam,
1247 2294 1282 2322 ut
1296 2292 1369 2322 dicit
1385 2291 1516 2322 Hermes
1531 2290 1760 2329 Trismegistus
1773 2289 1824 2329 (b).

1053 2345 1171 2384 Agitur
1186 2345 1270 2375 enim
1288 2344 1320 2374 in
1336 2345 1440 2384 primo
1454 2344 1536 2374 libro
1551 2343 1589 2374 de
1604 2343 1666 2374 Deo
1677 2367 1685 2381 ,
1711 2351 1824 2374 secun—

1052 2397 1130 2428 dum
1147 2407 1265 2438 gyrum
1282 2398 1412 2428 unitatis
1427 2397 1572 2428 essentiae
1587 2396 1620 2426 in
1634 2396 1737 2428 tribus
1750 2404 1825 2436 per-

1054 2451 1157 2488 sonis,
1174 2460 1276 2490 usque
1291 2451 1328 2480 ad
1345 2450 1575 2481 distInctionem
1589 2458 1677 2480 xxm.

1093 2504 1211 2543 Agitur
1225 2503 1361 2534 secundo
1377 2503 1415 2534 de
1431 2502 1493 2534 Deo
1503 2527 1510 2541 ‚
1537 2504 1692 2542 quantum
1707 2502 1747 2534 ad
1762 2511 1823 2543 gy-

1052 2566 1126 2588 rum
1141 2556 1445 2588 circumincessionis
1460 2564 1668 2596 personarum
1684 2555 1723 2586 ad
1737 2555 1825 2587 invi-

1053 2620 1120 2642 cem
1132 2635 1140 2648 ,
1157 2620 1175 2641 a
1190 2610 1387 2642 distinetione
1400 2619 1480 2641 xxxr
1490 2634 1498 2649 ,
1516 2618 1618 2650 usque
1632 2609 1672 2640 ad
1685 2618 1788 2641 xxxv.

1095 2664 1212 2702 Agitur
1226 2664 1316 2694 tertio
1331 2664 1368 2695 de
1384 2664 1458 2701 Deo,
1476 2665 1634 2703 quantum
1651 2663 1689 2694 ad
1705 2670 1825 2703 gyrum
