1991 3006
82 588 186 609 Fundani.

201 186 259 215 494

200 255 235 283 ut
261 252 335 283 dicit
361 251 607 290 Augustinu51,
633 258 729 290 super
760 249 903 280 Genesim
928 247 971 278 act

201 305 362 338 litteram:
381 318 395 334 c<
410 305 463 336 Est
484 314 614 345 prorsus
629 304 759 335 inferior
773 301 947 332 substantia
961 312 968 338 ;

200 359 253 389 sed
269 368 338 389 eam
361 359 573 398 spiritualem,
595 367 659 389 non
675 355 870 396 corporalem
883 354 971 384 arbi-

200 414 276 442 tror.
300 424 314 440 »
335 412 421 451 Ergo
437 413 564 443 videtur
578 412 661 452 quod
678 420 741 441 non
758 411 883 440 tantum
900 416 969 446 spe-

200 467 262 504 cie,
284 476 397 497 verum
421 467 516 497 etiam
535 475 652 506 genere
675 466 715 495 ab
737 465 795 494 1510
815 464 891 502 igne
912 461 970 492 dif-

200 521 290 551 ferat.

241 574 372 604 Contra:
389 582 445 614 per
457 573 647 612 Gregorium
663 575 674 591 ¹
689 582 696 603 :
718 584 731 600 «
748 571 860 610 Ignem
876 569 970 599 inser-

200 626 304 657 nalem
330 626 523 666 corporalem
548 636 615 657 esse
637 635 701 656 non
726 625 872 663 ambigo,
899 631 970 652 cum

199 680 321 711 dicatur
349 691 354 710 :
385 681 453 717 lte,
479 680 664 716 maledicti,
692 680 728 710 in
748 679 851 718 iqnem
878 679 972 707 ceter—

200 741 287 764 mmt.
317 745 331 761 n
364 732 424 763 Sed
453 734 556 763 omnis
583 742 666 772 aqua
695 730 884 766 materialis,
915 738 972 760 seu

198 787 366 823 naturalis,
389 787 476 817 omni
500 796 592 826 aquae
615 785 770 825 corporali
795 787 840 814 est
861 783 970 814 eadem

199 840 302 879 specie
317 842 347 870 et
363 843 497 870 natura:
516 848 593 878 ergo
609 839 712 869 omnis
728 838 813 877 igniS
827 837 973 867 similiter

199 893 287 923 omni
303 893 384 932 igni.

240 946 318 976 Item
347 946 490 976 similiter
522 946 657 976 Basilius
687 945 761 975 dicit
789 945 820 974 in
856 944 973 975 Hexoe-

200 1007 280 1031 mero
307 1000 368 1037 (a),
396 1008 558 1038 exponens
585 998 662 1028 illud
693 997 807 1028 Psalmi
828 998 838 1014 ³
861 1009 867 1028 2
904 997 974 1028 Vox·

199 1053 329 1084 Domini
349 1052 574 1084 intercidentis
589 1052 753 1090 stammam
768 1052 870 1090 tynis,
888 1050 972 1090 quod

200 1106 287 1145 ignis
309 1105 479 1136 materialis
500 1105 586 1135 cedet
606 1104 645 1135 ad
668 1104 867 1144 punitionem
882 1104 970 1134 dam-

199 1163 365 1197 natorum,
387 1162 543 1199 quantum
560 1158 599 1189 ad
619 1159 648 1188 id
669 1158 755 1198 quod
769 1158 865 1188 habet
878 1157 971 1187 ardo--

199 1214 253 1244 ris,
280 1213 311 1244 Si
334 1222 411 1252 ergo
433 1213 520 1251 ignis
543 1211 661 1251 species
685 1214 745 1248 est⁷
764 1213 895 1241 eatenus
910 1220 973 1241 non

202 1267 378 1297 mutabitur
406 1276 413 1296 :
442 1275 521 1305 ergo
546 1266 603 1295 iste
630 1265 716 1304 ignis
743 1269 834 1304 aptus
862 1266 909 1294 est
935 1263 973 1294 ad

200 1320 397 1360 puniendum
424 1319 574 1358 reprobos
596 1329 602 1348 :
630 1326 708 1356 ergo
735 1317 862 1348 videtur
890 1317 973 1356 quod

200 1374 257 1403 iste
271 1376 300 1404 et
315 1373 365 1403 ille
379 1373 441 1403 sint
455 1372 598 1411 ejusdem
613 1374 736 1401 naturae
752 1372 782 1400 et
797 1370 921 1410 speciei.

241 1422 318 1453 Item
341 1431 435 1452 omne
458 1430 572 1460 corpus
595 1423 650 1451 aut
674 1422 721 1451 est
739 1421 875 1451 mixtum
889 1444 896 1457 ‚
920 1421 975 1450 aut

200 1476 351 1515 simplex:
377 1475 430 1505 sed
454 1474 480 1504 si
500 1474 584 1513 ignis
604 1474 765 1505 infernalis
791 1476 837 1504 est
859 1481 974 1512 corpus

201 1530 354 1566 mixtum,
371 1537 449 1567 ergo
470 1537 533 1558 non
553 1529 600 1558 est
615 1529 712 1558 tantae
733 1526 912 1563 caliditatis,
939 1534 975 1555 ac

200 1591 256 1622 per
268 1582 328 1612 1100
346 1591 404 1612 nec
424 1583 521 1611 tantae
542 1581 688 1618 actionis3
711 1581 737 1610 si
752 1580 906 1619 simplex,
921 1578 974 1608 sed

201 1644 294 1665 omne
310 1644 424 1674 corpus
438 1634 584 1673 simplex,
599 1636 653 1663 aut
667 1636 713 1663 est
727 1642 828 1663 unum
843 1632 880 1663 de
896 1641 975 1671 qna—

203 1692 275 1719 tuor
289 1688 464 1725 elementis,
477 1690 532 1718 aut
547 1690 592 1718 est
603 1688 713 1727 quinta
724 1687 859 1717 essentia
872 1697 878 1716 :
895 1694 975 1724 ergo

203 1752 275 1773 cum
292 1742 344 1772 ille
361 1742 446 1781 ignis
464 1750 529 1771 non
549 1741 588 1770 sit
609 1741 719 1780 quinta
734 1739 883 1775 essentia,
903 1748 976 1768 cnm

203 1797 243 1826 sit
266 1796 348 1826 infra
371 1798 507 1831 terram,
528 1797 558 1824 et
574 1794 613 1824 sit
628 1794 767 1824 maxime
790 1801 977 1832 repugnans

204 1850 296 1880 honae
313 1848 525 1888 dispositioni,
542 1856 619 1885 ergo
641 1849 687 1877 est
706 1846 824 1884 aliquid
842 1846 978 1876 elemen-

203 1905 309 1933 torum
328 1904 466 1941 quatuor
483 1912 490 1931 1
515 1900 568 1930 sed
591 1909 655 1930 non
678 1902 776 1937 terra,
797 1908 855 1929 nec
876 1908 974 1938 aqua,

204 1965 261 1987 uec
276 1966 330 1986 aer
343 1967 349 1987 z
367 1964 445 1994 ergo
460 1956 507 1985 est
522 1954 617 1993 ignis.

244 2009 322 2039 Item
342 2009 401 2038 iste
419 2008 503 2046 ignis
525 2010 572 2037 est
593 2006 820 2036 calidissimum
845 2014 976 2044 corpus,

205 2062 284 2092 sicut
293 2061 417 2099 dicitur,
437 2063 467 2090 et
481 2069 594 2090 verum
612 2061 659 2089 est
673 2070 678 2089 :
697 2068 776 2098 ergo
792 2067 863 2088 cum
880 2058 978 2088 infer-

205 2114 284 2144 nalis
302 2114 387 2153 ignis
407 2113 447 2143 sit
467 2112 687 2148 calidissimus,
705 2114 735 2142 et
755 2112 839 2151 quod
855 2120 910 2150 per
925 2121 977 2141 su-

206 2166 490 2206 perabundantiam
510 2166 642 2201 dicitur,
665 2164 833 2195 conveniat
859 2164 895 2201 (b)
923 2164 978 2194 uni

206 2220 263 2250 soli
279 2220 391 2259 speciei
405 2220 455 2249 vel
472 2218 656 2256 individuo,
671 2227 751 2257 ergo
766 2218 851 2257 ignis
866 2218 917 2248 ille
932 2220 979 2247 est

207 2273 349 2312 ejusdem
364 2272 476 2312 speciei
494 2280 568 2301 cum
585 2271 654 2301 isto.

247 2325 324 2356 Item
338 2328 347 2343 Β
365 2336 371 2354 ;
396 2325 452 2356 Per
468 2333 536 2364 ‹111oe
553 2326 662 2363 peccat
681 2325 775 2363 quis,
794 2332 850 2363 per
870 2324 934 2355 hoec
950 2328 979 2356 ec

208 2382 384 2419 torquetur.
409 2378 441 2408 Si
469 2386 546 2416 ergo
573 2386 628 2416 per
651 2386 783 2416 corpus,
809 2379 840 2407 et
863 2386 918 2416 per
944 2386 980 2406 ea

208 2442 279 2473 quae
299 2434 374 2462 sunt
397 2431 434 2462 de
455 2431 679 2470 compositloue
702 2431 801 2460 nostri
822 2430 978 2469 corporis,

209 2494 396 2526 peccamus,
425 2492 504 2522 ergo
536 2492 591 2522 per
619 2483 729 2513 eadem
760 2483 793 2512 in
820 2483 922 2522 specie
951 2483 981 2513 et

242 2586 246 2598 ¹
270 2586 344 2614 Aug„
365 2582 394 2606 de
416 2582 502 2606 Genes.
525 2581 558 2604 ad
578 2581 640 2605 litt..
657 2580 700 2603 lib.
721 2581 775 2610 XII,
795 2589 818 2603 0.
843 2587 934 2605 xxxm.
952 2594 982 2598 —-

210 2622 219 2636 ²
232 2622 317 2651 Greg„
333 2618 442 2649 Dt'aloq.³
458 2617 500 2640 lib.
517 2617 558 2646 lv,
575 2624 598 2640 0.
617 2622 728 2639 xxix.—
744 2615 753 2631 ⁸
767 2615 833 2639 Psal.
849 2622 942 2646 xxxin,
957 2618 979 2641 ’1,

210 2656 338 2686 -³Sap.‚
354 2660 389 2684 xl,
406 2655 443 2677 Π.
455 2653 585 2682 —⁶Aug.‚
600 2652 628 2675 de
644 2652 728 2676 Genes.
745 2651 778 2674 ud
789 2650 851 2681 litt„
865 2651 909 2675 lib.
924 2653 979 2683 ΧΗ,

759 179 1066 213 SENTENTIARUM
1089 180 1163 211 LIB.
1190 181 1240 211 lV.

1028 250 1142 278 natura
1156 247 1308 278 debemus
1330 249 1435 288 puniri
1454 261 1460 280 :
1483 258 1560 289 ergo
1575 249 1699 280 videtur
1713 251 1796 290 quod

1028 300 1124 339 ignis,
1141 301 1194 340 qui
1213 304 1260 331 est
1273 301 1311 331 de
1327 302 1552 342 compositione
1567 311 1752 342 corporum,
1768 305 1799 333 et

1028 354 1082 393 qui
1105 358 1150 383 est
1169 354 1338 384 at'ssietiVus
1363 355 1395 385 111
1416 355 1560 393 inferno,
1585 355 1625 385 sit
1646 354 1729 385 idem
1755 363 1800 386 se-

1029 407 1170 437 cundum
1188 408 1335 447 speciem.

1282 518 1543 551 CONCLUSIO.

1029 604 1106 638 Iym's
1122 605 1225 637 inferni
1240 608 1276 632 est
1290 613 1438 640 corporeus,
1451 608 1474 633 et
1485 607 1555 639 forte
1566 606 1682 640 ejusdem
1694 609 1802 634 naturae

1064 650 1253 677 substantialis
1269 658 1328 677 cum
1344 652 1404 684 igme
1419 651 1576 678 elementari
1583 673 1589 682 ,
1612 652 1674 679 licet
1693 652 1802 680 diversoe

1064 694 1102 719 sic
1113 695 1300 727 proprietatis.

1073 780 1164 819 Resp.
1183 780 1221 811 ad
1237 789 1306 819 arg.
1322 780 1494 812 Dicendum
1509 783 1592 822 quod
1603 783 1749 822 quamvis
1762 783 1802 814 ad

1030 833 1112 863 hanc
1126 834 1336 873 quaestionem
1352 834 1497 866 videatur
1515 836 1722 867 temerarium
1735 845 1801 867 res-

1030 888 1178 926 pondere,
1196 888 1270 927 quia
1294 887 1456 928 Scriptura
1480 898 1551 919 eam
1573 898 1637 920 non
1651 889 1803 920 determi-

1030 943 1095 978 nat,
1113 950 1170 971 nec
1185 941 1293 971 doctor
1310 941 1490 981 praecipuus
1510 942 1710 981 Augustinus
1733 950 1803 973 eam

1030 993 1186 1033 explicat,
1213 994 1267 1025 sed
1296 994 1399 1033 magis
1429 995 1588 1035 relinquat
1609 995 1801 1034 insolutam,

1030 1047 1136 1078 dicens
1150 1048 1160 1063 ⁵
1183 1047 1267 1087 quod
1290 1047 1370 1078 nulli
1395 1048 1598 1079 manifestum
1624 1052 1671 1079 est
1693 1051 1804 1089 cujus-

1032 1102 1115 1132 modi
1132 1102 1172 1132 sit
1184 1102 1236 1132 ille
1259 1103 1352 1141 ignis,
1371 1103 1432 1133 nisi
1447 1103 1475 1134 ei
1491 1104 1542 1134 cui
1558 1103 1686 1134 divinus
1701 1103 1806 1143 Spiri-

1030 1160 1081 1185 tus
1111 1155 1267 1193 ostendit3
1298 1158 1326 1185 et
1361 1156 1497 1196 amplius
1526 1157 1650 1196 opinari
1680 1156 1806 1187 videtur

1030 1208 1115 1247 quod
1138 1208 1188 1238 ille
1204 1208 1292 1247 ignis
1307 1209 1346 1239 sit
1360 1209 1552 1249 spiritualis,
1572 1218 1637 1240 non
1651 1218 1800 1249 corpora-

1031 1263 1068 1292 lis
1089 1273 1096 1293 :
1113 1266 1221 1293 tamen
1237 1264 1312 1293 satis
1328 1272 1498 1303 possumus
1513 1272 1570 1303 pro
1591 1265 1676 1294 certo
1688 1263 1805 1294 habere

1030 1325 1086 1356 per
1100 1316 1244 1347 doctores
1259 1317 1464 1357 posteriores,
1481 1319 1590 1356 utpote
1605 1326 1661 1356 per
1675 1317 1804 1348 beatum

1031 1369 1269 1409 Gregoriuln⁶‚
1300 1370 1351 1401 cui
1381 1370 1481 1401 multa
1508 1370 1635 1401 divinus
1669 1370 1805 1410 Spiritus

1031 1423 1199 1461 revelavit,
1222 1424 1306 1463 quod
1330 1423 1416 1463 ignis
1440 1423 1601 1454 infernalis
1625 1424 1667 1454 sit
1692 1433 1803 1463 corpo-

1031 1477 1116 1507 ralis.
1143 1477 1201 1507 Sed
1227 1480 1333 1508 utrum
1350 1477 1402 1507 ille
1423 1477 1507 1516 ignis
1529 1477 1570 1507 sit
1591 1477 1801 1515 elementaris,

1031 1530 1097 1560 sive
1112 1530 1253 1569 ejusdem
1269 1530 1382 1569 speciei
1398 1539 1471 1560 cum
1488 1530 1563 1569 igne
1578 1530 1634 1570 qui
1648 1530 1731 1570 apud
1745 1539 1803 1561 nos

1031 1586 1092 1618 est,
1111 1583 1171 1613 hoc
1187 1592 1249 1613 non
1264 1583 1306 1613 ita
1325 1586 1425 1622 potest
1441 1592 1498 1622 pro
1518 1584 1674 1614 constanti
1688 1593 1706 1614 a
1721 1593 1801 1624 quo-

1031 1645 1169 1675 cumque
1190 1636 1404 1666 determinari.
1432 1636 1580 1666 Attamen
1602 1637 1627 1666 si
1645 1637 1717 1676 quis
1739 1646 1801 1668 non

1031 1687 1165 1718 adducat
1188 1687 1332 1717 fortiores
1352 1688 1506 1725 rationes⁷
1531 1696 1629 1727 quam
1652 1697 1724 1728 quae
1748 1688 1805 1719 ad-

1032 1740 1133 1770 ductae
1144 1742 1228 1777 sunt,
1246 1749 1309 1770 11011
1325 1740 1546 1779 compellimur
1560 1749 1678 1780 ponere
1693 1741 1804 1780 ignem

1033 1793 1217 1823 infernalem
1242 1802 1308 1823 esse
1331 1793 1467 1824 diversae
1492 1795 1616 1824 naturae
1638 1795 1669 1824 et
1691 1794 1804 1834 speciei

1032 1847 1071 1877 ab
1086 1847 1163 1885 igne
1177 1847 1230 1887 qui
1246 1847 1330 1887 apud
1347 1856 1403 1877 nos
1416 1850 1474 1884 est,
1489 1847 1515 1877 si
1529 1848 1654 1887 proprie
1668 1848 1805 1879 velimus

1032 1900 1169 1939 speciem
1190 1900 1348 1939 appellare
1370 1901 1504 1931 formam
1523 1901 1762 1931 substantialem
1775 1903 1806 1932 et

1033 1954 1290 1992 specificativam,
1308 1954 1484 1984 secundum
1500 1955 1585 1994 quod
1595 1954 1709 1985 dieitur
1719 1954 1805 1994 quod

1033 2006 1136 2036 omnis
1150 2016 1234 2046 aqua
1249 2007 1361 2037 similis
1373 2010 1419 2038 est
1435 2008 1522 2038 omni
1536 2017 1628 2048 aquae
1643 2008 1676 2038 in
1690 2008 1803 2048 speeie.

1033 2059 1072 2090 Et
1098 2060 1175 2089 huic
1206 2060 1347 2099 opinioni
1376 2061 1451 2091 satis
1478 2061 1606 2091 videtur
1632 2069 1806 2092 consonare

1033 2112 1246 2151 Augustinus,
1270 2114 1311 2144 De
1330 2113 1469 2145 Ciuitate
1490 2115 1566 2150 Dei,
1587 2114 1642 2144 uhi
1660 2113 1802 2154 inquit':

1039 2165 1231 2202 «Quomodo
1254 2166 1311 2197 iste
1330 2167 1417 2206 ignis
1433 2176 1507 2197 vere
1523 2167 1636 2198 habeat
1657 2169 1805 2198 naturam

1034 2219 1136 2257 ignis,
1159 2221 1189 2249 et
1211 2221 1317 2250 tamen
1342 2229 1406 2250 non
1430 2223 1594 2251 consumat
1617 2229 1749 2260 corpus,
1774 2220 1808 2251 in

1034 2281 1098 2311 quo
1114 2273 1203 2311 agit,
1218 2283 1232 2300 1)
1251 2275 1309 2303 etc.
1326 2273 1358 2303 Si
1374 2275 1481 2304 tamen
1496 2274 1666 2313 loquamur
1680 2273 1718 2303 de
1731 2282 1805 2313 pro-

1035 2325 1220 2364 prietatibus
1239 2326 1498 2363 accidentalibus,
1515 2335 1587 2366 quae
1605 2335 1669 2356 non
1683 2326 1807 2357 variant

1035 2378 1188 2418 speciem,
1213 2378 1266 2408 sed
1290 2379 1523 2418 operationem3
1542 2378 1593 2408 ille
1609 2378 1695 2417 ignis
1713 2379 1808 2409 habet

1035 2432 1176 2461 diversas
1196 2432 1401 2471 proprietates
1422 2432 1462 2462 ab
1486 2432 1556 2462 isto.
1583 2430 1646 2462 Nec
1670 2431 1804 2470 mirum,

1036 2493 1109 2514 cum
1128 2484 1212 2515 istud
1228 2487 1376 2524 appareat
1397 2485 1429 2514 in
1451 2484 1519 2515 aliis
1533 2484 1706 2522 creaturis,
1727 2485 1807 2515 sicut

1037 2576 1059 2592 c.
1080 2574 1160 2592 xxxin
1183 2571 1207 2592 ct
1227 2574 1317 2592 xxxiv.
1333 2582 1362 2586 —
1378 2569 1388 2584 ⁶
1407 2569 1494 2599 Greg„
1517 2568 1566 2592 100.
1584 2568 1699 2599 proxime
1712 2568 1754 2592 cit.
1774 2581 1804 2586 -

1037 2605 1046 2620 ⁷
1059 2606 1132 2635 Aug.,
1150 2604 1179 2628 cle
1193 2604 1270 2627 civit.
1290 2605 1343 2633 Dei,
1359 2604 1402 2628 lib.
1418 2604 1495 2634 xxti,
1507 2611 1529 2629 c.
1545 2610 1581 2628 XI.

1071 2653 1102 2681 (a)
1118 2654 1179 2677 eaet.
1193 2652 1251 2678 edit.
1267 2653 1427 2677 Ileaeameron.
1439 2666 1469 2671 —
1480 2652 1515 2684 (b)
1532 2654 1591 2677 Item
1605 2653 1736 2678 convenit.
