1991 3006
220 173 276 201 384

217 246 290 278 quae
306 241 415 269 votum
432 240 531 277 potest
556 238 730 278 approbare
741 261 748 275 ‚
765 237 839 277 quia
861 238 892 266 in
908 237 985 267 reci-

216 291 321 331 piente
339 293 448 321 votum
464 290 668 321 continentiae
685 291 872 321 transfertur
888 292 988 329 potes-

215 346 263 374 tas
282 343 421 382 corporis
442 343 587 373 voventis
611 343 643 373 in
664 344 782 380 aliurn,
809 343 884 382 quia
907 342 987 373 alius

215 397 329 434 adest,
356 396 411 436 qui
433 396 542 436 recipit
566 407 572 426 :
595 397 647 427 sed
673 397 706 426 in
731 399 804 426 voto
834 396 984 436 simplici,

217 450 273 480 ubi
288 450 382 480 homo
403 460 491 480 mera
510 460 543 480 se
567 450 689 489 obligat
709 450 870 481 voluntate
883 474 890 487 ‚
907 451 938 479 et
953 450 986 480 in

216 503 336 533 nullius
360 504 507 534 manibus
530 504 591 535 hoc
614 504 706 541 facit,
730 503 891 542 obligatur
911 503 986 543 qui-

214 556 302 594 dem,
318 557 372 587 sed
391 558 497 587 tamen
520 557 698 587 dominium
721 557 770 587 sui
791 557 932 596 corporis
952 557 984 587 in

213 609 349 640 alterum
360 619 424 641 non
436 611 641 641 transfertur:
660 613 691 640 et.
702 610 777 649 quia
791 610 876 649 quod
887 612 986 640 trans-

212 662 312 693 latum
333 666 380 694 est
402 664 436 694 in
457 666 644 703 potestatem
663 663 758 693 unius
771 687 780 700 ,
797 672 860 693 non
885 665 985 702 potest

215 716 376 747 transferri
388 717 421 747 in
432 719 616 756 potestatem
632 717 769 754 alterius,
788 717 856 747 ideo
869 717 984 747 emisso

212 772 287 800 voto
307 770 439 800 solemni
454 780 517 800 non
534 773 634 810 potest
651 770 890 800 matrimonium
907 780 981 801 con-

212 823 295 854 trahi
308 848 315 861 ,
333 824 365 854 in
380 833 442 863 quo
459 826 505 854 est
525 824 691 855 translatio
709 824 840 854 dominii
864 824 982 864 proprii

212 877 362 917 corperis.
380 876 441 907 Sed
457 877 540 916 quod
558 877 746 907 translatum
762 886 825 908 non
841 880 906 915 est,
926 878 982 907 ad-

211 930 274 961 huc
299 930 461 960 transferri
491 932 590 970 potest
607 942 613 960 :
646 931 715 961 ideo
743 933 817 962 voto
848 931 982 971 simplici

211 983 324 1014 emisso
343 986 444 1023 potest
458 984 507 1014 vir
522 986 709 1023 potestatem
730 985 779 1015 sui
794 985 933 1024 corporis
950 985 982 1015 in

210 1037 450 1067 matrImonium
462 1038 499 1076 tal
508 1038 582 1068 dare
592 1049 598 1067 ε
608 1038 678 1068 ideo
687 1038 712 1067 si
721 1039 895 1076 contrahat,
905 1047 980 1069 con-

211 1093 346 1121 tractum
366 1093 423 1121 est.
440 1091 604 1131 Amplius,
623 1092 655 1121 in
672 1095 744 1122 voto
767 1092 900 1122 solemni
920 1092 981 1122 Deo

210 1147 240 1175 et
255 1145 376 1175 homini
389 1145 552 1184 obligatur
568 1157 574 1176 z
595 1146 639 1176 sie
654 1149 684 1176 et
702 1146 735 1176 in
750 1146 955 1176 matrimonio
972 1157 978 1176 z

210 1200 240 1228 et
255 1198 405 1237 quoniam
431 1198 598 1237 utrobique
622 1201 669 1228 est
689 1208 747 1238 par
770 1199 924 1237 obligatio
940 1201 981 1235 ,et

210 1260 266 1291 par
281 1251 433 1291 obligatio
448 1261 511 1282 non
522 1251 615 1282 solvit
631 1252 796 1282 vinculum
807 1253 892 1292 paris
907 1253 981 1282 obli-

209 1305 357 1343 gationis,
367 1305 420 1336 sed
428 1305 702 1345 benepraepotens,
713 1305 980 1345 supervinculum

208 1358 342 1389 minoris
353 1359 574 1397 obligationis;
590 1359 658 1389 ideo
680 1359 833 1397 obligatio
847 1359 912 1389 voti
929 1368 978 1390 so-

207 1411 321 1442 lemnis
330 1421 393 1442 non
405 1413 506 1451 potest
527 1412 658 1450 infringi
676 1421 731 1452 per
755 1413 980 1452 superveniens

208 1465 374 1496 vinculum
400 1465 605 1495 matrimonii.
623 1464 688 1495 Hoc
705 1468 813 1496 autem
828 1475 893 1496 non
909 1466 979 1497 ideo

207 1518 288 1555 dico,
300 1519 484 1558 quodt'aciat
494 1518 689 1556 scandalum,
700 1519 774 1558 quia
789 1522 819 1549 et
835 1519 909 1549 illud
922 1528 976 1559 po-

206 1573 267 1602 test
277 1581 345 1602 esse
360 1571 391 1601 in
402 1574 474 1602 voto
485 1571 630 1610 simplici3
641 1572 694 1601 sed
706 1572 765 1602 hoc
775 1572 978 1611 facitobliga-

207 1624 251 1655 tio
261 1624 390 1664 duplex,
403 1634 477 1655 eum
493 1624 696 1655 translatione
712 1625 872 1665 potestatis
889 1625 921 1655 in
937 1625 979 1655 al-

205 1680 322 1708 terum.
340 1677 392 1708 Est
406 1678 506 1716 igitur
521 1678 589 1708 haee
604 1687 729 1708 summa
744 1678 885 1715 rationis,
903 1678 977 1717 quia

206 1733 317 1762 votum
341 1731 480 1761 solemne
508 1731 626 1769 obligat
648 1731 813 1770 aequaliter
837 1731 977 1762 districte

205 1794 244 1815 ex
260 1785 414 1824 opposito,
430 1794 495 1814 non
509 1784 658 1823 siiiiplex3
677 1784 746 1815 ideo
763 1784 904 1824 impedit.

244 1841 272 1868 ¹1.
291 1838 338 1868 Ad
360 1838 437 1868 illud
455 1847 534 1877 ergo
549 1838 632 1877 quod
646 1838 805 1877 objicitur,
823 1838 908 1878 quod
923 1847 973 1869 ra-

203 1892 248 1922 tio
262 1892 447 1922 irritationis
459 1891 653 1921 matrimonii
666 1894 724 1927 est,
743 1891 819 1931 quia
833 1894 902 1930 post
919 1900 973 1922 vo-

203 1948 272 1975 tum
286 1945 465 1976 damnabile
480 1947 526 1975 est
541 1945 663 1974 nubere
674 1968 683 1981 ,
701 1944 870 1975 dicendum
891 1945 975 1984 quod

202 1998 261 2029 hoc
274 2008 338 2029 non
354 2001 400 2029 est
415 1998 494 2028 ratio
512 2000 585 2035 tota,
602 1997 656 2028 sed
670 2006 836 2028 concausa.

242 2054 271 2082 2.
286 2052 335 2082 Ad
352 2051 428 2082 illud
444 2051 528 2091 quod
543 2051 708 2090 objicitur7
726 2051 812 2090 quod
835 2059 898 2081 non
914 2051 972 2080 mi-

201 2114 262 2135 nus
276 2105 407 2144 obligat,
422 2107 494 2141 etc.,
515 2104 683 2134 dicendum
698 2104 781 2143 quod
802 2113 915 2134 verum
929 2107 975 2135 est

202 2161 357 2198 quantum
374 2158 412 2188 ad
428 2157 565 2197 culpam,
587 2158 653 2187 sive
669 2158 971 2196 transgressionem;

201 2214 308 2242 tamen
331 2212 439 2241 minus
465 2211 583 2249 obligat
598 2214 754 2251 quantum
777 2211 816 2241 ad
844 2211 974 2241 alterius

201 2264 323 2295 vinculi
343 2264 548 2302 solutionem,
565 2266 601 2294 ut
616 2265 671 2295 fiat
695 2264 743 2296 vis
763 2265 796 2294 in
814 2264 874 2295 hoc
888 2265 973 2304 quod

201 2318 292 2356 dicit,
310 2323 465 2358 quantum
489 2319 531 2350 acl
558 2320 653 2349 Deum
674 2331 686 2350 .·
709 2319 784 2359 quia
806 2318 973 2358 dupliciter

202 2372 333 2403 dicitur:
350 2372 400 2403 vel
413 2374 570 2411 quantum
582 2373 620 2403 ad
637 2372 738 2403 Deum
750 2375 784 2402 ut
798 2372 969 2411 objectum,

200 2426 276 2466 quia
294 2428 404 2457 votum
423 2426 571 2463 astringit
594 2426 816 2456 constrictione
835 2426 970 2455 necessi-

199 2480 286 2518 tatis;
300 2480 352 2510 vel
371 2481 526 2519 quantum
542 2479 581 2509 ad
602 2479 720 2517 Deum,
736 2479 767 2510 id
788 2482 850 2516 est,
867 2487 969 2518 quan-

234 2580 238 2591 “
255 2578 295 2608 Cf.
309 2577 411 2607 Thoan„
425 2577 494 2607 ΙΙ-ΙΙ,
509 2583 535 2607 q.
551 2582 678 2606 mxxviii,
689 2578 736 2600 art.
750 2577 793 2605 123
806 2578 830 2599 et
844 2576 874 2599 lV
891 2576 969 2604 sent„

200 2614 381 2642 dist.xxxv111,
393 2619 419 2644 q.
434 2618 452 2643 1,
467 2614 514 2636 art.
530 2614 551 2642 ¹,
567 2619 591 2643 q.
605 2618 620 2641 ι,
635 2614 659 2636 et
672 2614 719 2635 art.
733 2612 757 2642 4,
769 2618 794 2642 q.
807 2617 829 2641 1;
843 2610 970 2641 Richard„

202 2648 233 2672 lv
251 2649 328 2679 Sene„
347 2648 404 2672 dist.
422 2652 513 2678 xxxiv,
529 2650 576 2671 art.
594 2649 616 2676 8,
632 2653 656 2677 q.
675 2653 681 2670 ι
696 2649 719 2670 et
731 2652 764 2675 1¹3
778 2647 926 2670 Franciscus
939 2646 969 2669 de

778 169 1086 201 SENTEN'l'lARUM
1112 171 1182 202 ΗΒ.
1211 172 1258 202 lv.

1045 240 1113 268 tum
1127 239 1165 269 ad
1177 238 1501 279 rlivinumjudicium.
1514 240 1595 271 Deus
1605 243 1710 272 autem
1719 241 1814 280 hunc,

1044 292 1098 330 qui
1115 291 1275 330 obligatus
1290 294 1336 322 est
1350 294 1425 323 voto
1439 292 1588 331 solemni,
1608 296 1734 334 reputat
1746 304 1814 326 ma·

1045 345 1094 383 gis
1115 345 1290 383 obligatum
1304 371 1311 376 .
1326 355 1383 385 pro
1405 355 1442 377 eo
1459 347 1542 386 quod
1563 356 1626 378 non
1643 347 1746 378 solum
1770 357 1816 379 re-

1043 400 1131 437 putat
1146 408 1219 428 eum
1236 398 1372 437 ligatum
1387 400 1458 437 sibi,
1475 400 1529 430 sed
1554 400 1651 431 etiam
1673 401 1795 432 homini
1805 412 1813 439 ;

1043 460 1107 481 non
1123 451 1226 482 solum
1238 455 1365 492 reputat
1378 453 1619 492 promissionem
1637 454 1749 484 factam
1762 463 1813 486 ac-

1042 507 1176 544 ceptam,
1194 505 1259 536 imo
1278 515 1333 545 per
1351 506 1533 536 ministrum
1549 508 1734 546 potestatem
1747 516 1816 538 cor-

1042 559 1128 598 poris
1145 568 1211 589 esse
1224 559 1409 590 translatam
1427 570 1434 590 :
1452 562 1482 590 et
1503 560 1573 591 ideo
1587 560 1668 591 Deus
1681 560 1813 600 judicat,

1041 612 1124 651 quotl
1151 615 1262 643 votum
1289 612 1429 643 solemne
1456 613 1622 653 impediat,
1650 622 1714 644 non
1741 614 1815 644 sim-

1040 664 1130 703 plex:
1158 667 1188 694 et
1217 665 1276 696 hoc
1306 675 1371 696 non
1400 668 1522 697 tantuin
1543 669 1589 697 est
1610 667 1813 698 manifestum

1041 717 1072 747 in
1097 718 1164 747 soro
1189 717 1351 756 Ecclesiae,
1377 719 1431 750 sed
1454 720 1549 750 etiam
1578 720 1610 750 in
1638 720 1704 751 foro
1733 728 1811 751 con-

1040 771 1189 801 scientiae.

1080 827 1108 854 3.
1131 824 1178 854 Ad
1193 824 1271 854 illud
1293 825 1377 864 quod
1395 825 1564 864 objicitur,
1581 826 1666 865 quod
1687 828 1812 857 tenetur

1039 885 1205 916 nunquam
1224 877 1318 914 coire,
1337 877 1505 908 dicendum
1524 878 1608 918 quod
1625 887 1738 909 verum
1752 881 1810 917 est,

1039 930 1099 960 nisi
1117 930 1237 960 fortiori
1253 930 1382 961 vinculo
1396 931 1539 962 solvatur
1552 943 1558 962 :
1572 934 1602 962 et
1616 931 1693 972 quia
1703 931 1812 963 matri-

1039 984 1183 1014 monium
1200 984 1312 1015 fortius
1326 987 1389 1021 est,
1406 984 1476 1015 ideo
1498 985 1617 1022 dicunt,
1639 985 1724 1025 quod
1738 994 1811 1016 cum

1038 1040 1279 1067 consummatur
1295 1038 1554 1076 matrimonium,
1579 1041 1654 1069 tune
1679 1039 1811 1070 omnino

1037 1090 1212 1121 absolvitur
1227 1100 1246 1120 a
1260 1093 1351 1128 v0t0;
1368 1091 1421 1121 sed
1443 1091 1534 1122 debet
1549 1092 1587 1122 de
1605 1100 1642 1122 eo
1653 1092 1808 1132 poeniten-

1037 1144 1114 1174 tiam
1129 1153 1244 1183 agere,
1263 1145 1338 1184 quia
1354 1147 1464 1175 votum
1487 1144 1619 1175 violavit
1636 1154 1644 1175 :
1661 1145 1746 1177 unde
1760 1145 1808 1176 di-

1037 1199 1112 1227 cunt
1127 1198 1210 1236 quod
1226 1200 1327 1237 potest
1340 1197 1482 1227 debitum
1498 1200 1613 1236 petere,
1629 1201 1659 1229 et
1674 1198 1807 1230 solvere.

1037 1249 1097 1280 Sed
1112 1251 1171 1281 hoc
1189 1260 1252 1281 non
1266 1251 1359 1282 eredo
1370 1275 1377 1287 ,
1394 1251 1510 1282 scilicet
1525 1252 1609 1291 quod
1625 1252 1810 1284 absolvatur

1036 1312 1055 1333 a
1080 1306 1154 1335 voto
1174 1306 1328 1343 quantum
1353 1304 1392 1335 ad
1413 1305 1672 1344 matrimonium,
1693 1306 1754 1337 nisi
1777 1306 1810 1337 in

1036 1359 1192 1396 quantum
1218 1358 1272 1397 Jus
1310 1358 1504 1388 matrimonii
1541 1359 1699 1398 compellit
1735 1368 1810 1391 eum

1036 1419 1133 1450 agere
1155 1413 1265 1441 contra
1282 1414 1393 1442 votum
1413 1422 1418 1442 ε
1436 1412 1490 1442 sed
1505 1421 1568 1442 non
1584 1412 1743 1452 compellit
1756 1414 1810 1453 jus

1036 1465 1229 1495 matrimonii
1260 1464 1402 1495 debitum
1431 1466 1548 1503 petere,
1572 1465 1647 1504 quia
1672 1466 1732 1497 hoc
1761 1468 1807 1497 est

1033 1518 1195 1555 libertatis,
1206 1518 1260 1548 sed
1273 1517 1378 1548 solum
1393 1518 1516 1548 solvere
1530 1527 1537 1548 ε
1555 1518 1624 1549 ideo
1638 1519 1707 1549 dico
1722 1519 1807 1558 quod

1033 1574 1135 1611 potest
1150 1571 1217 1601 sine
1231 1574 1356 1611 peccato
1379 1571 1502 1602 solvere
1514 1595 1522 1609 ,
1543 1572 1619 1611 quia
1635 1572 1707 1602 facit
1720 1572 1752 1603 id
1766 1572 1806 1604 ad

1033 1625 1117 1664 quod
1132 1626 1257 1654 tenetur
1275 1635 1280 1654 :
1306 1633 1472 1663 nunquam
1488 1626 1595 1655 tamen
1616 1627 1718 1665 potest
1740 1626 1807 1657 sine

1033 1680 1159 1718 peccato
1175 1680 1279 1717 petere
1294 1680 1343 1708 :et
1357 1678 1382 1707 si
1396 1687 1478 1708 uxor
1494 1678 1661 1717 moriatur,
1680 1680 1806 1710 tenetur

1032 1732 1163 1762 omnino
1180 1731 1351 1762 continere.

1072 1788 1101 1815 4.
1118 1784 1207 1821 Quod
1224 1787 1330 1814 tamen
1354 1784 1511 1823 objicitur,
1532 1785 1617 1825 quod
1638 1786 1804 1818 matrimo-

1031 1838 1122 1869 nium
1138 1847 1201 1868 non
1225 1839 1484 1868 consummatum
1506 1847 1572 1869 nou
1590 1839 1723 1878 impedit
1744 1849 1801 1871 vo-

1031 1894 1115 1929 tum3
1132 1891 1212 1922 ratio
1227 1891 1326 1931 hujus
1337 1893 1393 1927 est,
1408 1891 1485 1931 quia
1495 1891 1621 1922 nullum
1634 1892 1671 1922 fit
1682 1892 1712 1923 ei
1726 1902 1804 1932 prae-

1026 1945 1186 1984 judicium
1204 1955 1210 1975 :
1236 1946 1337 1984 potest
1363 1944 1449 1974 enim
1471 1954 1573 1983 uxor,
1587 1945 1654 1976 sive
1675 1954 1799 1985 sponsa,

1029 1999 1117 2029 alteri
1142 1999 1261 2029 nubere
1282 2009 1288 2028 :
1308 1998 1361 2029 sed
1382 2007 1437 2038 per
1460 1999 1702 2029 matrimonium
1725 2008 1802 2030 eon-

1029 2054 1226 2082 summatum
1249 2051 1336 2082 omni
1360 2054 1434 2082 voto
1459 2051 1681 2091 praejudicium
1702 2061 1801 2091 gene-

1029 2108 1128 2136 ratur.

1292 2197 1470 2235 QUAESTlo
1499 2197 1537 2228 11.

1184 2288 1226 2312 An
1247 2287 1335 2312 votum
1353 2285 1437 2319 possit
1455 2285 1607 2319 permutari
1625 2283 1642 2310 ¹.

1068 2372 1110 2403 De
1133 2372 1328 2411 obligatione
1355 2371 1418 2402 voti
1444 2371 1478 2401 in
1499 2370 1733 2410 comparatione
1758 2370 1798 2401 ad
1817 2383 1850 2404 Aa
1869 2390 1918 2411 opp.

1027 2424 1305 2454 commutationem
1318 2446 1325 2459 ‚
1341 2424 1451 2453 utrum
1471 2422 1567 2461 possit
1588 2421 1794 2459 commutari;

1027 2478 1057 2507 et
1075 2476 1159 2516 quod
1174 2485 1249 2514 non,
1267 2475 1393 2506 videtur
1409 2475 1419 2491 ²
1435 2485 1442 2504 :
1465 2473 1615 2512 Animal,
1632 2474 1717 2514 quod
1739 2475 1797 2506 im-

1025 2539 1117 2569 Mayr.‚
1139 2538 1169 2561 1V
1187 2538 1264 2565 Sent,
1288 2537 1344 2561 dist.
1364 2541 1481 2565 xxxviii,
1501 2543 1526 2567 q.
1546 2542 1569 2564 1,
1591 2538 1638 2560 art.
1657 2537 1685 2567 ὃς
1708 2536 1797 2567 Steph.

1026 2573 1129 2602 Brulef.‚
1141 2573 1171 2597 lV
1184 2572 1263 2602 Sene„
1273 2573 1330 2596 dist.
1342 2577 1452 2602 xxxviii,
1463 2578 1488 2602 q.
1501 2577 1529 2602 v;
1544 2572 1632 2595 Petrus
1643 2571 1674 2596 de
1685 2572 1798 2602 Tarant„

1026 2610 1057 2634 iv
1078 2609 1156 2638 Sent„
1177 2608 1234 2632 dist.
1256 2615 1280 2639 q.
1301 2613 1421 2638 xxxvm,
1443 2613 1467 2638 q.
1489 2612 1523 2630 Vi.
1538 2619 1563 2623 ——
1585 2607 1695 2637 ²Levit.‚
1715 2612 1797 2636 xxvn,

1025 2646 1092 2675 9-10,
1105 2644 1188 2675 quoad
1204 2651 1314 2668 sensum.
1328 2657 1357 2661 —-
1375 2644 1404 2673 (α)
1422 2642 1462 2667 ΑΙ.
1478 2643 1649 2667 inanimonio.
