1991 3006
212 208 269 235 (550

212 271 402 302 Euchariton
423 270 559 301 solidans
573 269 674 299 reficit
696 270 747 309 pla
768 270 861 300 corda
884 270 981 299 bono-

291 334 375 354 rum.

212 378 402 409 Euchariton
418 377 500 407 bona
520 376 623 413 gratia
644 376 679 406 fit
698 376 750 415 (a),
770 385 866 415 quam
888 376 982 414 virgo

290 431 386 461 Maria

211 484 370 523 ConcepIt,
388 483 522 523 peperit,
539 483 691 522 portavit,
706 483 785 513 lacte
801 482 926 519 cibavit,

210 538 323 568 Manna
340 537 508 575 figuravit,
530 539 560 566 ct
576 536 799 567 Melchisedech
816 536 978 567 reseravit.

208 592 321 629 Agnus
341 590 519 630 promebat,
540 599 627 620 mare
642 599 715 620 cum
736 590 873 630 Baptista
888 592 977 628 tege-

286 644 348 674 hat.

207 697 278 728 Post
292 706 416 736 agnum
432 697 583 737 typicum,
601 697 692 727 datur
709 706 815 733 agnus
831 706 892 727 non
912 706 979 726 ma-

283 750 417 780 culatus.

204 803 283 834 Nam
299 812 389 843 passo
405 803 544 840 Christo,
560 803 646 842 prior
657 804 703 832 est
718 812 823 840 agnus
838 803 975 833 tumula-

284 859 346 887 tus.

204 910 361 941 Christum
377 909 508 940 sumetis
519 909 639 948 JeJuni,
658 918 777 948 vosque
795 909 922 949 paretis.

204 963 350 993 Formam
368 962 503 1001 signetis
517 962 693 1001 propriam,
715 972 778 1001 qua
794 962 974 992 conficiatis.

204 1015 343 1047 Christus
358 1017 503 1046 contenta
518 1024 568 1045 res
582 1017 644 1053 est,
662 1024 698 1045 ac
712 1015 901 1054 significata.

203 1069 341 1100 Tantum
356 1070 493 1109 signata,
510 1068 562 1099 sed
577 1077 641 1098 non
655 1071 810 1106 contenta,
829 1069 946 1099 fideles.

204 1122 303 1162 Signa
319 1125 392 1153 sunt
406 1122 539 1162 species;
562 1131 631 1151 rem
654 1124 759 1152 tamen
775 1122 843 1152 (lico
857 1122 974 1152 fideles.

203 1175 241 1205 Ut
256 1184 369 1214 corpus
383 1184 496 1205 verum
516 1177 561 1205 est
576 1175 704 1212 Christi,
731 1184 780 1204 res
796 1178 842 1205 est
857 1175 975 1214 specie-

283 1237 366 1258 rum.

201 1280 347 1312 Ecelesiae
357 1281 492 1320 dignum
503 1281 547 1310 sic
556 1280 664 1310 credas
675 1280 742 1310 haec
755 1280 818 1310 duo
829 1280 924 1319 signu
931 1289 972 1309 m.

439 1386 655 1418 DISTINCTIO
685 1386 733 1416 IX.

358 1465 392 1490 De
407 1462 506 1489 duobus
520 1462 605 1489 modis
619 1462 813 1489 manducandi.

271 1545 300 1568 Et
312 1545 375 1568 sicut
388 1544 443 1567 duoe
462 1546 518 1567 sunt
534 1551 574 1567 res
591 1543 657 1567 illius
672 1543 841 1573 sacramenti,
855 1545 902 1567 etc.

240 1603 372 1633 Sumere
394 1602 484 1632 crede
508 1601 607 1632 malos
630 1610 744 1640 corpus
765 1601 878 1631 Christi
902 1610 971 1641 pre-

279 1655 413 1691 tiosum;
588 1646 592 1650 ¹

200 1709 316 1748 Hisque
340 1708 538 1738 salutiferum
562 1717 626 1738 non
648 1710 712 1746 est,
738 1708 791 1738 sed
818 1708 973 1747 pernicio-

279 1771 361 1792 sum.

198 1815 301 1854 Digne
320 1817 480 1844 sumentes
498 1817 573 1844 sunt
587 1815 728 1844 fructum
749 1814 970 1854 percipientes,

198 1868 407 1907 Spiritualiter
422 1867 470 1905 hi,
487 1867 754 1897 sacramentaliter
769 1867 825 1897 illi.

199 1921 251 1952 Est
267 1921 501 1951 sacramentalis
516 1921 630 1951 modus
646 1930 730 1951 unus
747 1932 754 1950 ·.
772 1921 942 1960 spiritualis

200 1974 252 2004 Est
277 1974 404 2010 melior,
435 1973 501 2003 sine
530 1982 592 2012 quo
624 1982 820 2013 praesumens
846 1984 972 2007 sumere

280 2035 382 2066 pecco.

445 2091 664 2124 DISTINCTIO
686 2093 722 2124 X.

202 2166 237 2191 Dc
258 2166 349 2192 hoeresi
364 2165 494 2198 alim-am,
514 2166 561 2198 qui
579 2166 672 2192 dicunt
697 2174 791 2202 corpus
806 2168 906 2195 Christi
919 2175 971 2194 non

376 2217 426 2236 esse
438 2211 467 2235 in
482 2210 582 2241 altari,
598 2210 654 2236 nisi
669 2211 698 2236 τη
711 2212 798 2244 signo.

273 2288 336 2310 Sunt
350 2286 409 2310 itenl
423 2286 463 2310 alii
479 2288 675 2317 przecedentium
690 2288 829 2318 insaniam,
845 2291 893 2312 etc.

240 2344 265 2374 A
287 2344 373 2374 coelis
391 2353 505 2384 corpus
525 2345 636 2375 Christi
659 2355 823 2386 nunquam
844 2355 969 2386 separa-

280 2399 342 2434 tur,

201 2449 234 2479 In
251 2449 342 2480 terris
354 2459 539 2492 quanquam
552 2451 601 2481 sit.
624 2451 703 2482 Nam
721 2452 800 2483 Deus
820 2453 879 2482 hoc
894 2462 967 2492 ope-

281 2504 378 2538 ratur,

719 202 950 234 SENTENTIA:
972 201 1295 232 SENTRN'I‘IARUM.

1041 268 1127 306 Quod
1152 269 1247 299 simul
1270 269 1318 298 hic
1339 270 1369 298 et
1388 268 1445 305 ibi,
1466 268 1556 299 Jesus
1578 268 1701 306 integer
1719 268 1807 298 inve-

1120 323 1235 353 niatur.

1042 375 1134 405 Panis
1149 377 1290 405 mutatur
1311 375 1342 405 in
1358 384 1444 412 eum,
1460 384 1523 405 non
1539 374 1591 404 hic
1606 374 1758 410 variatur,

1040 427 1076 457 Et
1094 428 1177 466 quod
1195 427 1234 457 sit
1255 429 1355 457 totum
1376 427 1477 466 specie
1497 427 1555 457 sub
1577 429 1711 466 utraque
1730 426 1808 456 scia-

1119 482 1180 509 tur.

1277 542 1493 574 DISTINCTIo
1520 544 1568 574 xl.

1250 616 1287 641 De
1307 615 1383 641 modo
1406 616 1594 642 conversionis.

1068 689 1093 713 Si
1105 691 1188 713 autem
1205 692 1333 720 funeratur
1344 708 1351 719 ,
1367 690 1446 720 qualis
1462 690 1493 714 sit
1509 690 1549 713 illa
1564 690 1710 719 conversio,
1725 692 1774 714 etc.

1076 747 1173 778 Totus
1195 750 1225 778 et
1244 749 1276 778 in
1298 750 1398 778 totum
1418 749 1529 778 transit
1545 759 1551 778 z
1569 749 1685 788 species
1699 757 1804 779 remo-

1115 811 1189 831 vere

1035 853 1147 889 Debes,
1169 856 1199 884 et
1214 854 1373 885 Christum
1387 855 1446 885 sub
1461 855 1578 886 eisdem
1594 855 1685 886 crede
1699 855 1806 886 latere.

1037 907 1129 937 Panis
1145 910 1286 938 mutatur
1302 908 1333 938 in
1349 918 1435 945 eum,
1452 918 1515 938 non
1530 908 1735 939 adnihilatur.

1034 961 1180 991 Sumitur
1194 962 1314 991 occulte
1329 962 1482 999 Christus,
1500 971 1539 991 ne
1555 962 1594 991 sit
1609 962 1665 991 tibi
1681 962 1775 992 stulte

1035 1014 1164 1052 Horror,
1183 1024 1237 1045 seu
1255 1015 1347 1053 risus,
1364 1015 1466 1055 sitque
1481 1015 1604 1045 lucrosa
1619 1014 1706 1045 fides.

1034 1067 1077 1097 Ne
1094 1068 1344 1107 reprehendaris,
1362 1068 1535 1105 horrescas⁷
1553 1067 1606 1098 sed
1622 1068 1770 1098 merearis
1777 1079 1785 1106 ;

1033 1122 1167 1152 Credens
1179 1123 1245 1162 ipse
1259 1122 1378 1160 Jesum,
1393 1123 1451 1152 sub
1464 1122 1534 1152 velo
1545 1122 1645 1152 sumis
1658 1122 1691 1152 in
1703 1131 1805 1153 esum.

1032 1175 1112 1206 Vino
1127 1176 1175 1206 dic
1190 1176 1341 1213 animam,
1358 1175 1411 1206 sed
1427 1184 1541 1214 corpus
1555 1184 1637 1214 pane
1652 1175 1770 1205 vocari.

1033 1227 1094 1257 Hac
1110 1228 1225 1267 duplici
1243 1228 1347 1267 specie
1362 1228 1409 1258 dic
1423 1228 1514 1258 nobis
1527 1227 1713 1266 significari,

1032 1279 1142 1310 Totam
1158 1283 1306 1311 naturam
1322 1283 1462 1311 nostram
1477 1280 1598 1312 Christo
1614 1280 1769 1320 reparari3

1030 1334 1131 1371 Quam
1149 1344 1220 1365 vere
1234 1335 1368 1375 sumpsit
1383 1335 1457 1372 sibi,
1475 1344 1532 1365 nec
1546 1335 1637 1365 debet
1650 1334 1803 1365 dubitari.

1031 1388 1109 1418 Vino
1120 1389 1277 1427 jungatur
1292 1398 1392 1428 aqua,
1410 1397 1473 1428 qua
1489 1388 1575 1427 plebs
1590 1388 1802 1427 significatur.

1030 1440 1061 1472 Si
1077 1451 1141 1472 non
1157 1442 1301 1479 addatur,
1321 1443 1440 1472 constat
1454 1441 1538 1481 quod
1553 1441 1754 1478 confir-iatum

1031 1494 1091 1525 Sed
1109 1495 1165 1534 qui
1180 1495 1350 1532 sacrificat,
1374 1495 1447 1524 hinc
1463 1494 1529 1524 dire
1543 1494 1741 1534 corripiatur.

1031 1548 1126 1578 Panis
1140 1548 1280 1578 triticeus
1295 1550 1325 1578 et
1339 1548 1452 1578 vinum
1469 1548 1696 1577 sacrificantur.

1030 1601 1142 1632 Omnia
1156 1601 1332 1638 nullantur,
1349 1600 1399 1630 hae
1414 1600 1440 1630 si
1456 1600 1574 1639 species
1589 1600 1764 1638 variantur,

1030 1653 1147 1684 Panem
1163 1654 1322 1684 triticeum
1337 1663 1410 1684 cum
1426 1653 1500 1683 vino
1515 1653 1715 1684 sacrificabis.

1030 1708 1159 1738 Frustra
1172 1708 1296 1745 libabis,
1313 1707 1431 1747 species
1446 1707 1503 1737 has
1518 1707 1544 1736 si
1559 1707 1705 1737 variabis.

1262 1812 1479 1843 DISTINCTIO
1502 1812 1568 1843 XII.

1204 1889 1252 1915 Ubi
1264 1889 1315 1916 illa
1330 1889 1479 1916 accidentia
1493 1889 1646 1922 fundentur.

1135 1968 1159 1992 Si
1171 1970 1255 1992 autem
1271 1968 1392 1999 quaeritur
1407 1968 1437 1991 de
1452 1968 1625 1992 accidentibus
1635 1987 1642 1999 ‚
1659 1969 1706 1992 etc.

1070 2029 1122 2059 DIc
1133 2029 1250 2068 species
1260 2038 1334 2059 vere
1345 2029 1412 2059 sine
1423 2029 1564 2068 subjecto
1574 2038 1740 2060 remanere
1749 2029 1798 2068 (b).

1029 2082 1107 2122 Ipsae
1123 2082 1329 2121 franguntur,
1346 2082 1500 2112 tricantur
1514 2084 1543 2112 et
1558 2082 1764 2121 aspiciuntur.

1028 2135 1170 2165 Christus
1186 2135 1309 2165 velatur
1324 2135 1356 2164 in
1369 2135 1425 2172 eis,
1443 2137 1478 2165 ut
1490 2135 1587 2165 homo
1602 2137 1771 2165 mereatur.

1028 2189 1178 2219 Amliulat
1192 2189 1224 2218 in
1240 2188 1332 2219 terris
1351 2188 1507 2226 Christus,
1523 2189 1643 2227 surgit,
1660 2188 1797 2219 tumula-

1106 2245 1158 2272 tur
1174 2253 1180 2272 :

1028 2295 1133 2326 Hostia
1148 2295 1261 2335 partita
1276 2295 1365 2325 docet
1379 2295 1450 2332 hoc,
1466 2295 1491 2324 si
1508 2295 1694 2326 discutiatur
1707 2306 1714 2324 ε

1027 2349 1190 2388 Pugnant,
1208 2351 1401 2388 purgantur,
1420 2348 1472 2378 alii
1484 2349 1552 2387 jam
1567 2348 1796 2387 glorificantur,

1027 2402 1064 2433 Et
1080 2411 1135 2442 per
1148 2404 1211 2432 tres
1227 2403 1332 2441 partes
1347 2401 1462 2432 divisas
1477 2402 1707 2441 significantur.

1026 2455 1065 2486 Ut
1080 2458 1110 2485 te
1125 2454 1308 2491 mundabis,
1326 2455 1430 2490 frater,
1448 2454 1491 2484 sic
1506 2455 1715 2495 participabis.

1059 2518 1090 2546 (a)
1108 2517 1148 2540 sit.
1160 2529 1186 2534 —
1205 2515 1236 2546 (b)
1253 2517 1313 2540 Coee.
1328 2516 1389 2540 edit,
1404 2522 1515 2540 manere.
