1991 3006
86 725 188 746 l'uudiun.

207 167 264 196 496

203 233 284 263 actio
298 235 345 263 cst
359 235 516 263 contracta
533 236 564 263 et
579 237 815 274 contemperata
829 247 835 271 ;
856 237 879 265 si
897 245 973 266 vero

204 288 275 315 sunt
288 286 442 323 distincta,
460 295 538 324 crgo
554 288 583 317 et
595 287 662 326 pari
675 288 794 317 ratione
810 288 970 319 ordinata:

203 347 280 376 ergo
295 341 369 368 sunt
383 341 522 378 quatuor
542 340 697 370 elementa
713 341 856 370 distincta
872 343 901 371 et
920 350 972 371 or-

203 390 326 421 dinata:
339 400 419 430 crgo
435 392 559 422 videtur
574 393 657 432 quod
674 393 717 423 ibi
733 393 772 423 sit
785 403 869 423 unus
884 403 974 423 mun-

203 444 280 482 dus,
297 448 327 475 et
344 448 425 475 esset
448 446 524 476 illud
542 446 656 476 iterum
673 447 786 477 falsum
801 471 808 483 ,
826 447 909 486 quod
925 447 974 476 (li-

203 498 304 528 citur¹
321 510 327 529 :
354 499 447 530 Terra
467 500 606 530 miserico
628 503 655 531 et
676 500 892 537 zenobi-arzon,
919 500 974 531 ubi

203 552 308 583 nullus
322 552 414 590 ordo,
436 552 492 583 secl,
506 553 711 592 sempiternus
726 553 836 585 horror
850 553 974 584 inhabi-

204 608 250 636 ῐαῑ
264 614 274 636 .·
290 614 380 644 ergo,
398 605 422 635 si
435 615 493 636 nec
503 606 661 644 distincta,
678 616 735 637 nec
745 606 874 637 confusa
888 608 972 644 sunt,

204 662 280 689 tunc
294 658 382 690 nullo
398 660 490 690 modo
506 662 591 690 suut.

244 713 357 743 Contra
374 724 380 743 z
399 713 485 749 Quod
502 714 540 743 sit
555 713 597 743 ibi
614 713 714 752 ignis,
734 715 817 752 patet
834 736 840 749 ,
858 713 912 743 ubi
931 712 976 742 di-

204 766 285 797 citur
300 770 309 786 ²
327 777 333 796 z
350 767 394 798 lte
405 791 412 805 ,
428 767 607 804 maledicti,
625 768 660 797 ‘e'n
675 768 780 806 ignem
794 768 948 797 ‹ecel-num
962 774 971 795 :

204 820 264 851 hoc
279 821 374 851 etiam
389 820 524 851 habetur
539 830 578 850 cx
595 820 702 850 multis
718 820 787 849 aliis
802 819 890 849 locis.

246 874 339 912 Item,
367 874 449 914 quod
473 874 512 903 sit
534 873 578 903 ibi
595 883 659 911 aer,
677 873 804 904 videtur
822 882 877 912 per
896 872 974 902 illud

206 928 323 960 Psalmi
340 931 350 947 ³
369 940 374 958 z
395 929 501 968 lanis,
523 927 667 967 sulphur,
692 930 719 958 et
741 927 877 965 spiritns
898 933 975 965 pro-

205 982 368 1019 cellarum,
389 985 446 1011 etc.
466 981 497 1012 Si
521 990 599 1020 ergo
615 981 744 1021 spiritus
763 980 974 1020 procellarum

206 1045 280 1066 vere
296 1036 391 1065 habet
407 1037 553 1065 naturam
570 1034 668 1071 aeris,
685 1034 765 1064 sicut
778 1034 819 1063 ibi
837 1042 911 1064 vere
930 1035 975 1063 est

206 1089 292 1128 ignis
303 1113 310 1123 ,
328 1089 370 1118 ila
386 1091 416 1119 et
430 1098 494 1118 aer.

248 1142 335 1179 Item,
352 1143 436 1182 quod
452 1143 491 1172 sit
502 1142 546 1172 ibi
561 1151 655 1181 aqna,
672 1141 814 1171 videtur⁶
828 1151 834 1170 :
856 1139 975 1171 Trans-

206 1196 298 1228 ibzmz
312 1196 350 1227 ab
365 1197 458 1235 aquis
473 1196 597 1227 nz’vz'zun
611 1195 653 1226 aa
675 1195 808 1226 calorem
823 1193 972 1224 nimium.

210 1249 309 1288 Ergo,
336 1249 361 1278 si
383 1258 458 1280 vere
480 1251 573 1279 erunt
595 1249 626 1278 in
649 1248 751 1279 calore
776 1247 880 1286 ignis,
912 1256 975 1276 non

208 1303 383 1334 secundum
402 1305 545 1342 tropum,
577 1312 651 1333 vere
681 1304 775 1332 erunt
799 1301 830 1330 in
857 1300 976 1339 frigore

206 1366 372 1396 aquarum.

249 1410 344 1448 Item,
360 1410 444 1450 quod
457 1413 540 1440 terra
549 1410 659 1447 sitibi,
672 1409 798 1439 videtur
812 1416 867 1447 per
881 1407 974 1444 illud,

208 1464 292 1503 quod
309 1464 423 1494 <licitur
437 1465 446 1480 ⁵
464 1475 469 1494 :
491 1463 586 1495 Terra
606 1463 760 1500 miseriae,
786 1465 815 1493 ee
836 1461 978 1493 tenebra-

209 1517 350 1555 brarum,·
360 1519 391 1547 et
406 1517 464 1547 hoc
480 1519 574 1557 patet,
590 1517 676 1556 quia,
691 1519 725 1546 ut
738 1515 906 1555 probatum
918 1517 973 1551 est,

209 1571 296 1602 locus
310 1571 363 1601 ille
377 1573 424 1601 est
438 1571 497 1601 sul]
514 1573 605 1600 terra.

250 1625 326 1655 Item
342 1625 401 1655 hoc
417 1624 540 1654 videtur
554 1624 592 1654 de
609 1623 756 1653 omnibus
771 1622 866 1652 simul
880 1633 886 1652 ;
904 1621 978 1661 quia

209 1679 294 1710 enim
310 1678 381 1708 mali
398 1687 452 1718 per
467 1687 580 1717 corpus
592 1679 819 1717 peccaverunt,
836 1676 905 1706 ideo
921 1684 977 1714 per

208 1736 308 1764 totuin
320 1741 434 1772 corpus
443 1731 621 1771 puniuntur
633 1740 640 1761 :
655 1739 748 1769 ergo,
762 1730 829 1769 pari
843 1729 975 1765 ratione,

209 1786 385 1816 secundum
400 1794 510 1816 omues
524 1787 628 1824 partes
639 1786 669 1814 et
683 1783 850 1823 qualitates
864 1790 978 1821 corpo-

208 1840 251 1869 ris
270 1850 276 1869 :
294 1848 371 1878 ergo
395 1838 521 1869 videtur
540 1837 624 1877 quod
643 1836 817 1867 secundum
839 1837 976 1875 quatuor

209 1891 364 1922 elementa
376 1915 383 1926 ,
399 1893 429 1922 et
445 1900 556 1922 corum
572 1893 708 1930 quatuor
723 1889 899 1929 qualitates

458 2006 716 2038 CONCLUSIO.

209 2094 270 2122 Non
284 2093 361 2120 modo
377 2095 448 2127 iqm's
462 2094 585 2119 crucians
599 2095 638 2119 est
653 2093 682 2118 in
697 2092 813 2124 inferno,
827 2091 874 2117 sed
888 2091 976 2117 omnia

244 2139 386 2171 elementa,
413 2145 469 2173 quae
495 2139 554 2163 sum
581 2137 619 2163 z'bz'
650 2136 760 2168 confusa
770 2157 776 2167 ,
805 2135 975 2162 vindicantia

246 2183 405 2210 Creatorem.

250 2267 340 2307 Resp.
358 2268 397 2298 ad
410 2276 480 2306 arg.
497 2266 667 2297 Dicendum
683 2266 767 2305 quod
782 2265 816 2295 in
832 2265 955 2295 inferno
966 2288 975 2301 ,

209 2320 290 2351 sicut
310 2329 349 2351 ex
372 2320 535 2359 Scriptura
553 2319 724 2358 colligitur,
755 2320 893 2358 quatuor
915 2317 976 2347 ele-

211 2375 315 2404 menta
330 2382 397 2403 csse
412 2373 585 2403 creduntur
600 2373 637 2403 ad
662 2373 830 2412 perfectam
845 2372 975 2402 damna-

211 2429 316 2457 torum
332 2426 540 2466 punitionem,
558 2429 594 2456 ut
610 2426 712 2456 omnis
726 2427 870 2455 creatura
886 2432 977 2454 exar-

212 2481 315 2511 descat
330 2480 363 2510 in
378 2481 572 2509 tormentum
588 2481 695 2508 contra
716 2478 866 2517 injustos,
882 2480 912 2507 et
927 2486 980 2507 ar-

213 2536 317 2564 metur
333 2533 365 2562 in
383 2532 537 2563 ultionem
557 2532 729 2569 Creatoris,
747 2533 777 2562 et
793 2540 847 2570 per
869 2541 905 2561 ea
920 2541 981 2570 pn—

214 2587 354 2624 niantur,
370 2595 410 2616 ex
424 2586 541 2625 quihus
550 2585 797 2616 constituuntur.
811 2584 889 2621 Quia
905 2593 980 2615 vero

248 2649 325 2678 ¹Job,
342 2656 365 2677 x,
379 2649 416 2672 22.
427 2661 456 2664 —
470 2647 477 2661 ²
490 2646 590 2675 Mami..
606 2651 669 2674 xxv,
681 2647 718 2669 41.
733 2658 761 2662 —
776 2646 785 2659 ³
796 2645 863 2669 Psat.
878 2652 902 2675 x,
914 2646 937 2669 7.
952 2657 980 2662 —

764 168 1072 202 SENTENTJARUM
1096 171 1167 202 LlB.
1195 172 1242 203 [V.

1030 243 1103 268 suut
1121 239 1162 269 ilii
1178 240 1215 269 acl
1233 248 1374 279 poenam,
1392 241 1461 272 ideo
1478 241 1531 272 illa
1545 242 1587 273 ibi
1607 251 1674 273 esse
1687 243 1798 274 dicun-

1031 292 1093 327 tur,
1111 301 1181 330 quae
1199 292 1306 330 vigent
1322 293 1354 323 in
1379 294 1586 333 qualitatibus
1610 296 1721 326 activis
1733 319 1743 332 ‚
1764 298 1800 326 ut

1030 344 1128 381 igni&
1141 348 1170 374 et
1182 355 1273 384 aqua.
1291 345 1326 375 Et
1337 356 1458 384 rursm,
1473 348 1547 387 quia
1561 348 1647 387 ignis
1660 348 1799 379 maxime

1030 397 1151 427 activus
1165 400 1210 427 est
1234 398 1284 427 ille
1299 399 1353 438 qui
1378 400 1517 430 maxime
1537 401 1579 431 ibi
1596 401 1699 440 viget;
1718 401 1801 432 unde

1030 450 1123 479 etiam
1139 460 1194 490 per
1218 451 1325 489 ignem
1340 452 1373 482 in
1388 452 1550 492 Scriptura
1573 462 1668 484 omne
1690 453 1801 484 acerbe

1031 504 1165 542 puniens
1186 504 1307 543 signari
1330 505 1418 536 solet.
1448 505 1534 537 Unde
1559 515 1633 537 cum
1651 506 1801 537 Dominus

1030 556 1140 595 iguem
1158 557 1342 589 infernalem
1359 559 1584 598 comminatur,
1600 562 1656 590 aut
1670 559 1801 590 commi—

1030 611 1125 639 natur
1141 612 1290 650 tanquam
1308 612 1503 651 praecipuum
1520 614 1726 650 tormentum,
1745 614 1800 643 aut

1030 663 1089 692 sub
1109 664 1236 695 nomine
1253 666 1341 705 imiz's
1362 666 1508 705 intelligit
1526 676 1620 697 omne
1641 666 1727 697 aliud
1751 666 1800 696 af-

1030 716 1195 747 ssictivum.
1209 717 1240 747 Si
1255 721 1362 748 autem
1373 721 1546 758 quaeratur,
1563 728 1615 759 per
1626 729 1722 760 quem
1736 728 1802 750 mo·

1030 768 1106 799 dum
1124 770 1166 799 ibi
1181 771 1336 801 elementa
1359 780 1426 801 esse
1444 771 1676 811 intelligantur,
1692 772 1800 803 dicen-

1031 822 1105 852 dum
1122 824 1205 863 quod
1231 824 1386 855 clementa
1410 825 1452 855 ibi
1475 828 1549 856 sunt
1570 826 1718 864 confusa,
1737 834 1802 856 non

1031 876 1174 907 distincta
1189 904 1195 916 ,
1212 888 1276 908 non
1291 879 1446 909 ordinata.
1462 878 1525 910 Nec
1540 882 1646 910 tamen
1661 879 1715 909 illa
1730 888 1803 910 con-

1031 930 1111 961 fusio
1125 940 1251 970 poenam
1264 932 1394 970 minuit,
1404 932 1457 963 sed
1470 935 1584 971 auget;
1598 941 1654 972 pro
1666 941 1704 963 eo
1717 931 1802 972 quod

1031 984 1110 1014 actio
1125 984 1353 1015 clementorum
1377 987 1489 1016 mutua
1504 989 1573 1026 post
1596 984 1800 1016 resurrectio-

1031 1046 1103 1066 ncm
1120 1038 1253 1067 cessabit
1266 1061 1273 1074 ‚
1295 1047 1369 1068 cum
1384 1041 1482 1069 cesset
1506 1038 1670 1078 generatio
1684 1040 1715 1069 et
1729 1046 1802 1068 cor—

1031 1091 1156 1129 rupti0;
1173 1091 1225 1120 sed
1250 1093 1356 1121 tamen
1382 1092 1520 1122 manebit
1536 1092 1617 1123 actio
1638 1100 1749 1122 eorum
1769 1091 1803 1120 in

1031 1151 1146 1182 corpus
1160 1143 1413 1175 damnandorum
1425 1169 1433 1182 ,
1460 1145 1535 1184 quia
1559 1145 1598 1175 ad
1616 1144 1676 1175 hoc
1697 1144 1802 1175 omnis

1032 1205 1143 1226 eorum
1158 1197 1259 1227 virtus
1269 1198 1436 1237 dirigetur,
1454 1208 1516 1228 non
1533 1201 1685 1238 tanquam
1701 1198 1803 1228 inten-

1032 1250 1172 1280 dentium
1198 1251 1408 1290 multiplicare
1433 1251 1588 1291 speciem,
1615 1251 1669 1282 sed
1694 1259 1804 1281 secun-

1032 1303 1108 1333 dum
1119 1303 1288 1343 imperium
1300 1304 1452 1336 Creatoris
1463 1305 1633 1336 intendunt
1643 1303 1804 1335 vindicare

1031 1357 1172 1387 divinam
1196 1357 1346 1397 injuriam
1375 1369 1381 1388 :
1408 1358 1491 1398 quod
1517 1358 1645 1398 quidem
1668 1357 1703 1387 fit
1726 1356 1805 1387 affli-

1035 1410 1140 1448 gendo
1156 1410 1331 1440 humanam
1345 1413 1506 1442 naturam.
1519 1410 1574 1441 His
1588 1410 1680 1447 visis,
1698 1411 1805 1449 patent

1033 1463 1141 1493 omnia
1153 1463 1287 1502 objecta.

1075 1519 1101 1553 1,
1121 1518 1181 1546 eet
1197 1520 1225 1546 3.
1251 1516 1393 1547 Primum
1413 1517 1498 1547 enim
1515 1518 1598 1556 patet
1617 1516 1655 1546 de
1678 1514 1803 1545 Domini

1033 1571 1289 1608 comminatione,
1304 1571 1379 1610 quia
1395 1572 1454 1601 sub
1469 1571 1541 1610 igne
1555 1570 1617 1600 alia
1632 1569 1805 1608 affligentia

1033 1624 1246 1661 continentur,
1263 1624 1313 1653 vel
1337 1633 1356 1654 a
1378 1624 1490 1663 majori
1514 1623 1550 1653 sit
1576 1621 1802 1653 denominatio.

1034 1677 1214 1707 Secundum
1225 1677 1368 1707 similiter
1377 1675 1472 1716 patet',
1487 1676 1561 1715 quia
1571 1674 1667 1705 simul
1680 1676 1804 1705 utrum-

1033 1739 1094 1770 que
1109 1730 1228 1768 affliget
1246 1730 1422 1760 secundum
1445 1729 1585 1760 diversas
1606 1730 1727 1768 partes;
1749 1729 1804 1758 aut

1033 1783 1059 1812 si
1074 1783 1249 1813 successive
1273 1783 1446 1813 secundum
1463 1782 1613 1820 easdem,
1639 1783 1726 1812 tanta
1745 1780 1805 1810 erit

1034 1837 1167 1867 intensio
1178 1847 1217 1867 ex
1230 1840 1318 1877 parte
1329 1837 1508 1876 utriusque,
1520 1835 1605 1876 quod
1619 1835 1723 1875 potius
1737 1843 1806 1865 sen-

1033 1891 1128 1921 tietur
1146 1892 1247 1930 maior
1271 1890 1444 1928 acerbitas,
1466 1898 1563 1929 quam
1585 1890 1803 1927 contempere-

1032 1945 1094 1973 tur.
1114 1942 1150 1973 Et
1165 1943 1190 1973 si
1205 1943 1374 1982 objiciatur
1389 1943 1427 1973 de
1442 1943 1538 1973 divite
1549 1942 1570 1979 Β,
1594 1941 1651 1980 qui
1676 1942 1804 1980 guttam

1032 2005 1123 2035 aquae
1147 1997 1253 2035 petiit,
1274 1996 1333 2026 dici
1356 1998 1455 2035 potest
1477 1995 1561 2035 quod
1584 1994 1662 2024 forte
1685 1994 1720 2024 in
1743 1993 1805 2024 alia

1033 2052 1120 2088 parte
1144 2049 1296 2079 sentiebat
1312 2049 1430 2087 frigus,
1456 2050 1510 2078 aut
1535 2047 1652 2077 diversi
1671 2045 1804 2077 diversis

1033 2101 1195 2141 suppliciis
1210 2101 1401 2136 cruciantur,
1412 2099 1585 2130 secundum
1596 2098 1680 2138 quod
1693 2098 1803 2129 diver-

1033 2155 1076 2185 sis
1086 2155 1170 2185 vitiis
1179 2156 1252 2185 sunt
1261 2153 1377 2184 infecti.
1387 2152 1474 2183 Unde
1484 2153 1566 2182 sicut
1574 2151 1678 2191 prima
1694 2151 1803 2182 mundi

1033 2207 1182 2247 purgatio
1191 2207 1250 2237 fuit
1259 2216 1314 2246 per
1321 2215 1449 2246 aquam,
1461 2204 1600 2236 secunda
1609 2213 1664 2244 per
1674 2204 1802 2242 ignem3

1033 2261 1075 2291 sic
1090 2261 1121 2290 iu
1138 2260 1296 2300 proposito
1311 2259 1565 2298 intelligendum.

1072 2316 1101 2344 4.
1126 2313 1172 2344 Ad
1194 2313 1270 2343 illud
1294 2313 1377 2352 quod
1399 2313 1546 2352 objicitur
1568 2313 1605 2342 de
1631 2311 1752 2342 actione
1771 2313 1802 2341 et

1033 2367 1203 2404 mixtione,
1218 2368 1302 2405 patet
1316 2366 1476 2405 responsio
1486 2390 1494 2403 ,
1511 2365 1586 2405 quia
1601 2365 1644 2394 ihi
1660 2366 1708 2395 est
1723 2363 1803 2394 actio

1032 2429 1097 2450 non
1113 2420 1145 2449 in
1159 2419 1310 2456 alterum,
1330 2419 1383 2449 scd
1408 2418 1559 2448 miserum
1582 2426 1698 2457 corpus
1711 2416 1802 2447 dam-

1033 2475 1160 2510 natum3
1185 2475 1215 2503 et
1240 2481 1305 2502 non
1329 2473 1376 2501 est
1397 2470 1601 2507 commixtio,
1625 2470 1679 2500 sed
1700 2469 1804 2510 potius

1034 2528 1180 2570 qnaedam
1195 2528 1336 2558 confusio
1348 2551 1355 2564 ,
1372 2527 1452 2557 sicut
1466 2526 1581 2556 dicitur
1594 2529 1603 2544 ⁷
1615 2525 1699 2565 quod
1716 2525 1802 2564 ignis

1035 2610 1044 2627 ὁ
1059 2610 1117 2634 Aah.
1135 2614 1206 2639 xx1v,
1224 2609 1259 2632 ¹9.
1270 2621 1300 2625 —
1314 2609 1324 2624 ὃ
1339 2608 1385 2637 ld.,
1400 2614 1427 2637 x,
1441 2608 1512 2631 252.—
1529 2607 1538 2620 ⁸
1557 2606 1629 2633 Luc„
1646 2611 1705 2635 xvi,
1722 2607 1759 2629 24.
1773 2617 1803 2623 —

1036 2645 1044 2660 ⁷
1060 2644 1150 2673 ἕαται,
1165 2650 1202 2674 lx,
1215 2645 1253 2667 24.
