1991 3006
2 1984 89 2006 Divisio.

773 206 959 238 nisrmcr.
983 206 1060 237 xix.
1673 216 1710 243 37

126 277 249 316 rogeta
265 279 427 319 peccatore
440 301 448 316 ,
466 274 555 319 quod
569 275 704 307 forsitan
719 275 864 316 ignorat,
888 274 940 306 vel
960 273 1158 306 verecundia
1177 274 1256 306 velit
1280 276 1453 309 occultare.
1475 276 1612 320 Cognito
1633 290 1710 312 vero

127 331 280 373 crimine,
297 332 469 365 varietates
484 332 554 375 ejus
577 343 642 364 non
666 331 793 364 dubitet
815 331 1010 373 investigare
1023 356 1031 371 ,
1048 334 1079 363 et
1099 330 1207 362 locum
1220 356 1229 372 ,
1246 336 1277 363 et
1299 335 1447 377 tempus,
1467 339 1499 367 et
1512 340 1627 367 caetera
1644 337 1684 380 (a)
1700 350 1707 378 ;

131 389 253 432 quibus
266 389 415 431 cognitis,
433 389 517 422 adsit
530 389 708 422 benevolus
721 389 759 432 (b)
777 393 908 433 paratus
923 388 1059 431 erigere,
1076 392 1106 420 et
1121 399 1228 420 secum
1241 400 1324 421 onus
1338 395 1466 433 portare
1485 404 1492 424 :
1510 392 1625 425 habeat
1639 394 1712 426 dul-

127 445 271 478 cedinem
299 446 334 478 in
360 447 549 488 affectione,
575 447 801 479 discretionem
826 446 859 478 in
884 445 1057 485 varietate,
1084 445 1195 478 doceat
1218 449 1491 490 perseverantiam
1508 476 1516 491 ‚
1534 454 1645 483 caveat
1669 462 1709 484 ne

127 507 255 536 corruat
269 508 281 544 ‚‘
295 504 432 547 nejuste
448 504 561 548 perdat
579 504 786 548 judiciariam
806 507 1008 548 potestatem.
1028 503 1095 535 Etsi
1114 503 1200 535 enim
1221 505 1410 547 poenitentia
1433 507 1531 549 possit
1550 507 1579 539 ci
1600 509 1710 552 acqui—

127 571 196 593 rere
210 561 348 603 gratiam
362 587 370 603 ,
388 573 454 594 non
475 565 582 594 tamen
606 573 682 594 mox
700 561 843 594 restituit
859 561 892 593 in
909 564 1098 605 potestatem
1114 561 1265 604 primam.
1288 561 1376 593 Licet
1398 563 1485 595 enini
1505 564 1621 597 Petrus
1640 569 1710 609 post

125 618 254 662 lapsum
269 618 438 651 restitutus
450 619 550 652 fuerit
562 644 570 660 ‚
587 623 617 651 et
633 630 716 663 smpe
730 618 828 663 lapsis
841 618 1061 651 sacerdotibus
1081 618 1206 650 reddita
1225 619 1266 650 sit
1285 618 1453 661 dignitatis
1469 624 1607 663 potestas
1618 648 1626 664 ‚
1645 633 1710 655 non

127 678 235 708 tamen
251 679 298 708 est
312 687 440 709 necesse
455 680 492 709 ut
505 676 659 709 omnibus
673 676 869 709 concedatur
883 677 978 720 quasi
993 687 1031 708 cx
1047 675 1250 708 anctoritate.
1267 676 1440 708 Invenitur
1454 679 1628 711 auctoritas
1640 691 1711 723 quae

125 733 289 775 coneedit,
307 737 338 765 et
353 734 446 778 quasi
462 734 611 778 imperat.
632 733 800 766 Invenitur
817 733 991 765 auctoritas
1013 733 1078 765 alia
1092 744 1166 777 quae
1180 744 1247 765 non
1261 734 1404 765 concedit
1417 759 1425 775 ,
1440 735 1494 767 sed
1515 740 1613 768 vetat.
1631 737 1711 775 Quae

125 790 302 835 Scripturae
317 803 381 824 non
397 797 595 836 repugnant,
611 791 664 824 sed
680 791 887 824 concordant.
899 791 981 824 Cum
997 792 1084 824 enim
1101 795 1146 823 tot
1161 792 1225 823 sint
1240 792 1275 834 (c)
1295 792 1351 835 qui
1368 792 1538 834 labuntur,
1554 798 1591 826 ut
1607 794 1713 838 pristi-

124 858 200 881 nam
224 848 415 891 dignitatern
440 860 481 882 ex
505 849 695 882 auctoritate
719 849 912 890 defendant,
930 853 961 881 et
975 849 1067 892 quasi
1085 861 1202 881 ausum
1225 850 1378 893 peccandi
1394 851 1454 882 sibi
1478 851 1617 892 faciant,
1633 853 1713 885 reci-

124 905 230 939 denda
254 910 300 939 est
320 918 391 950 spes
413 907 484 939 ista.
503 906 537 939 Si
553 918 630 939 vero
645 907 735 939 locus
752 911 819 948 est,
839 907 896 939 ubi
923 907 982 939 ista
1005 918 1070 938 non
1095 911 1310 947 concurrant,
1331 908 1457 940 restitui
1479 913 1633 952 possunt,
1654 911 1710 954 qui

125 967 267 1008 peccant.
284 976 302 995 »
319 964 366 996 Ex
382 964 433 996 his
447 964 524 996 satis
536 964 750 1008 perpenditur
762 989 770 1004 ,
786 964 894 1008 qualis
908 963 1023 996 debeat
1037 975 1103 996 esse
1119 964 1266 997 sacerdos
1282 966 1339 1009 qui
1354 966 1434 998 alios
1449 966 1528 1009 ligat
1546 971 1576 999 et
1592 967 1687 1000 solvit
1703 981 1709 999 :

123 1020 283 1054 discretus
298 1021 438 1063 scilicet,
457 1021 629 1066 etjustus;
645 1021 793 1066 alioquin
818 1021 991 1054 mortificat
1014 1033 1096 1066 soepe
1116 1022 1242 1054 animas
1256 1048 1264 1063 ,
1281 1034 1353 1066 quic
1370 1035 1436 1055 non
1456 1025 1663 1065 moriuntnr;
1681 1030 1712 1058 et

125 1078 287 1120 vivificat,
304 1090 377 1124 quae
399 1091 466 1112 non
481 1079 600 1112 vivunt
613 1092 620 1121 3
635 1083 667 1112 et
681 1080 726 1111 ita
740 1079 853 1111 incidit
875 1079 908 1111 in
934 1079 1169 1112 maledictionis
1188 1079 1362 1123 judicium.
1385 1081 1471 1113 Illud
1487 1086 1596 1114 autem
1612 1082 1712 1115 Mala-

123 1136 222 1177 chiae,
251 1137 371 1169 scilicet
397 1148 404 1167 :
428 1136 628 1171 Maledicam
655 1136 931 1169 benedictionibus
954 1137 1068 1169 vestris
1086 1148 1099 1177 ‚·
1123 1138 1190 1169 sive
1216 1150 1314 1182 super
1337 1138 1504 1171 haereticos
1530 1144 1655 1172 tantum
1681 1145 1712 1173 et

124 1195 418 1227 excommunicatos
433 1220 441 1236 ‚
457 1195 525 1227 sive
540 1205 638 1238 super
653 1205 765 1227 omnes
781 1194 977 1236 sacerdotes,
993 1195 1049 1238 qui
1064 1195 1132 1227 vita
1156 1200 1186 1227 et
1208 1196 1341 1227 scientia
1356 1201 1500 1228 carentes
1522 1197 1712 1231 benedicere

1206 1253 1406 1287 Maleficum
1436 1254 1711 1288 benedictionibus

123 1310 253 1350 vestris,
271 1310 304 1342 id
320 1313 388 1351 est,
407 1309 457 1342 his
472 1321 545 1353 quae
561 1309 594 1341 in
608 1310 654 1341 eis
668 1309 951 1341 benedictionibus
975 1310 1164 1353 possidetis3
1181 1311 1259 1354 quia
1281 1311 1396 1344 faciam
1422 1323 1459 1344 ea
1484 1312 1595 1345 cedere
1621 1313 1712 1345 vobis

124 1366 158 1399 in
173 1367 452 1408 maledictionem,
470 1378 535 1399 non
551 1366 821 1399 benedictionem.
842 1367 926 1405 Quia
951 1366 1010 1399 etsi
1034 1367 1231 1400 benedicunt
1257 1369 1374 1400 sanctis
1387 1394 1395 1410 ‚
1419 1381 1484 1401 non
1511 1370 1570 1402 hoe
1589 1370 1712 1403 faciunt

124 1435 164 1457 ex
178 1435 256 1456 vero
270 1424 388 1464 corde;
408 1428 439 1457 et
459 1424 531 1456 ideo
546 1435 660 1456 eorum
677 1423 856 1456 benedictio
880 1424 926 1456 eis
940 1424 1078 1456 vertitur
1094 1425 1127 1456 in
1144 1425 1416 1458 maledictionem.
1434 1426 1495 1459 Vel
1512 1427 1711 1460 maledicam

123 1256 354 1296 praesumunt,
384 1252 507 1285 dictum
536 1252 732 1296 accipiatur,
762 1252 806 1284 sic
835 1252 975 1294 intelligi
1007 1254 1137 1296 potest¹
1167 1265 1173 1285 :

124 1481 398 1516 benedictionibus
412 1482 541 1522 vestris,
560 1481 592 1514 id
608 1486 675 1522 est,
692 1482 780 1526 quod
795 1493 813 1514 a
828 1482 920 1515 vobis
941 1482 1165 1523 benedicitur,
1183 1493 1201 1514 a
1227 1494 1277 1514 ine
1299 1483 1359 1515 erit
1386 1483 1595 1516 maledictum
1610 1497 1617 1526 ;
1634 1485 1712 1529 quia

124 1540 321 1573 benedicunt
335 1540 448 1584 inique
462 1540 636 1583 agentibus
646 1565 654 1581 ‚
671 1539 914 1584 adulanturque
930 1540 1137 1584 peccantibus
1150 1565 1158 1580 ,
1173 1540 1352 1573 dummodo
1367 1540 1484 1573 divites
1497 1541 1573 1574 sint.

945 1654 975 1682 et
989 1650 1071 1681 mihi
1081 1650 1212 1690 placere,
1230 1653 1286 1681 etc.
1298 1662 1305 1688 ;
1317 1651 1350 1681 in
1361 1652 1452 1682 tertia
1460 1660 1536 1682 vero
1550 1652 1650 1691 ipsam
1666 1652 1716 1682 de-

944 1703 1042 1733 fendit
1057 1713 1076 1733 a
1092 1704 1294 1743 quibusdam,
1306 1713 1379 1743 quse
1391 1704 1540 1735 videntur
1550 1704 1651 1744 ipsam
1663 1714 1716 1735 os-

944 1757 1071 1788 tendere
1086 1758 1209 1795 falsam,
1225 1757 1268 1788 ibi
1283 1766 1290 1788 :
1309 1758 1487 1791 Proemissae
1502 1766 1574 1791 vero
1588 1762 1715 1791 senten-

944 1811 1017 1848 tiae,
1031 1819 1095 1850 qua
1109 1810 1231 1842 dicitur
1241 1834 1249 1849 ,
1266 1813 1326 1842 etc.

308 1662 513 1694 EXPOSITIO
535 1662 700 1694 TEXTUS.

188 1749 322 1778 Postquam
349 1750 480 1772 ostensum
505 1750 559 1777 est,
584 1754 640 1778 quae
664 1748 714 1772 sint
738 1748 822 1771 claves

392 1783 552 1814 apostolicae,
572 1786 619 1806 etc.

166 1865 269 1905 Supra
306 1864 528 1895 determinavit
562 1864 715 1903 Magister
749 1864 887 1893 clavium

118 1927 214 1948 usum
224 1920 255 1948 et
269 1917 480 1948 substantiam
493 1928 500 1954 ;
518 1917 568 1946 liic
583 1916 770 1947 determinat
785 1925 885 1955 quan-

119 1971 159 2001 do
172 1971 240 2001 istae
259 1970 381 2007 claves,
399 1971 429 1999 et
452 1969 569 2009 quibus
592 1969 718 1999 dantur.
738 1969 774 1999 Et
794 1969 889 1999 habet

119 2023 188 2054 haec
205 2032 277 2063 pars
291 2023 370 2053 duas
383 2034 388 2053 :
407 2023 440 2053 in
456 2022 559 2063 prima
572 2022 718 2060 ostendit,
731 2023 815 2062 quod
830 2023 888 2053 cla-

117 2076 166 2107 vis
186 2076 323 2107 scientiae
340 2085 404 2106 non
426 2076 520 2107 datur
538 2076 763 2115 ignorantibus
784 2078 814 2107 et
834 2077 886 2108 in-

117 2129 205 2167 sciis;
229 2129 262 2159 in
283 2129 420 2160 secunda
440 2130 598 2168 quaeritur
619 2131 728 2160 utrum
751 2132 887 2170 potestas

117 2181 239 2222 ligandi
268 2184 297 2213 et
325 2182 467 2213 solvendi
491 2184 647 2222 competat
675 2183 783 2221 matis,
816 2183 883 2214 ibi:

119 2235 254 2276 Cumque
262 2235 333 2274 jam
349 2238 468 2267 constet
483 2243 547 2267 non
562 2243 678 2274 omnes,
694 2239 751 2267 etc.
769 2236 807 2267 Et
818 2237 887 2268 haec

117 2288 254 2320 secunda
269 2297 341 2328 pars
361 2288 455 2319 habet
475 2291 557 2319 tres:
575 2289 608 2319 in
630 2290 732 2329 prima
753 2291 841 2330 ponit
856 2293 885 2321 et

116 2341 221 2373 innuit
248 2340 430 2381 opinionem
460 2341 589 2380 salsam,
620 2342 684 2373 imo
712 2343 882 2383 haeresim,

116 2394 200 2435 quod
223 2393 327 2425 claves
351 2394 384 2424 in
406 2394 465 2424 illis
485 2395 558 2425 solis
578 2397 670 2432 sunt,
688 2396 744 2435 qui
767 2396 886 2427 habent

116 2448 309 2486 doctrinam,
329 2449 361 2479 et
378 2447 478 2478 vitam
500 2448 716 2487 apostolorum
737 2452 883 2488 servant;

118 2501 152 2531 in
176 2501 313 2532 secunda
332 2501 420 2540 ponit
440 2500 621 2540 opinionem
645 2511 776 2541 veram,
800 2504 884 2543 quod

118 2553 180 2584 sint
190 2553 223 2584 in
232 2554 372 2594 quolibet
382 2554 552 2592 sacerdote,
566 2556 596 2585 et
606 2556 773 2596 respondet
784 2557 882 2595 falsae,

117 2608 147 2637 et
160 2607 265 2638 innuit
274 2617 344 2638 eam
356 2607 416 2639 ibi:
430 2608 515 2640 Aliis
528 2610 631 2640 autem
645 2609 784 2648 videtur,
800 2610 884 2650 quod

149 2668 204 2691 ἠε
219 2668 332 2697 Hieron„
348 2670 373 2692 in
389 2669 510 2700 Malui-11„
523 2676 545 2694 c.
561 2676 597 2700 ιι,
614 2672 637 2694 2.
654 2684 682 2689 -
698 2671 733 2701 (α)
747 2671 808 2695 Coet,
822 2671 882 2696 edii.

1271 1887 1337 1907 DUB.
1363 1887 1384 1907 1.

1075 1953 1123 1976 Sed
1142 1960 1199 1976 cum
1217 1954 1283 1976 esset
1300 1953 1413 1983 pontifex
1431 1953 1490 1976 anni
1507 1953 1581 1977 illius.

985 2023 1113 2053 Videtur
1127 2023 1229 2053 dicere
1240 2023 1365 2060 falsum,
1378 2024 1463 2063 quia,
1480 2024 1561 2054 sicut
1575 2026 1659 2063 patet
1673 2033 1712 2055 ex

941 2078 1050 2113 textu,
1075 2076 1141 2115 ipse
1161 2075 1240 2106 dixit
1262 2076 1368 2107 animo
1390 2077 1597 2107 interficiendi
1622 2076 1710 2107 Chri-

941 2132 1027 2159 stum
1044 2137 1052 2159 :
1068 2138 1147 2168 ergo
1168 2130 1308 2168 peccavit
1327 2129 1471 2168 dicendo,
1494 2139 1557 2160 non
1574 2131 1710 2170 prophe-

941 2182 1029 2213 tavit.
1048 2182 1125 2212 ltem
1140 2185 1204 2212 tam
1221 2182 1303 2222 ipse,
1319 2192 1415 2222 quam
1431 2183 1531 2213 Judaei
1546 2183 1709 2214 intellexe-

942 2238 1017 2266 runt
1028 2235 1066 2265 de
1079 2234 1178 2265 salute
1191 2236 1343 2274 corporali
1363 2246 1368 2265 :
1383 2238 1529 2266 constans
1544 2240 1590 2266 est
1604 2238 1710 2267 autem

940 2289 1017 2319 illud
1032 2289 1128 2319 fuisse
1145 2288 1270 2319 salsum.

982 2343 1073 2381 ltesp.
1100 2341 1273 2372 Dicendum
1301 2341 1387 2381 quod
1412 2342 1444 2372 in
1472 2342 1711 2382 prophetatione

941 2395 993 2425 illa
1020 2395 1083 2425 duo
1110 2397 1157 2425 est
1184 2394 1396 2432 considerare,
1427 2395 1544 2425 scilicet
1574 2395 1709 2426 verbum

941 2448 1140 2487 cogitationis
1155 2447 1329 2484 interioris,
1349 2449 1380 2477 et
1393 2448 1527 2478 verbum
1546 2448 1710 2478 exterioris

940 2501 1089 2531 hominis.
1116 2501 1148 2530 ln
1173 2501 1271 2532 verbo
1289 2502 1395 2531 autem
1412 2500 1480 2540 ipso
1500 2501 1639 2531 interiori
1663 2503 1709 2530 est

940 2554 1137 2585 considerare
1158 2554 1241 2591 duo,
1269 2554 1384 2584 scilieet
1411 2554 1509 2594 ipsius
1538 2553 1705 2584 immissio-

939 2636 995 2661 αιΙιΙ.
1007 2644 1061 2660 cum
1071 2638 1169 2659 auctore
1184 2635 1244 2659 libri
1257 2636 1286 2659 ‹Ie
1298 2643 1347 2659 ver.
1358 2637 1380 2659 e!
1389 2635 1449 2666 fals.
1468 2636 1551 2659 Poemt.
1566 2642 1621 2665 quoe
1634 2641 1708 2665 supra

940 2672 1057 2696 diximus.
1071 2685 1100 2688 —
1117 2671 1147 2699 tb',
1166 2671 1232 2695 Edit.
1256 2671 1310 2694 Ven.
1327 2671 1490 2695 benevolens.
1508 2684 1532 2687 a
1551 2673 1580 2700 (c)
1597 2672 1662 2693 sunt..
