1991 3006
56 436 160 457 Fundam.

177 208 234 237 15⁹2

175 274 300 304 videtur
321 272 404 313 quod
425 271 565 301 coronati
590 271 745 311 recipiunt
766 271 797 300 in
815 279 946 309 suscep-

175 327 261 357 tione
277 326 328 366 (α),
346 325 395 355 vel
410 323 626 361 coronatione,
650 325 883 354 sacramentum
898 332 948 353 or-

176 379 269 410 dinis.

215 433 329 464 Contra
352 443 358 462 :
382 430 451 462 Non
473 429 715 468 distinguuntur
739 430 799 459 nisi
827 431 946 469 septem

176 485 306 524 gradus,
323 484 404 514 sicut
420 483 624 522 assignantur
639 483 671 513 in
686 483 787 513 littera
804 495 810 514 :
829 483 882 513 sed
898 492 948 513 co-

174 547 253 569 rona
266 537 420 568 antecedit
430 545 540 567 omnes
550 536 620 567 illos
634 536 755 575 gradus
768 547 774 566 :
789 545 867 575 ergo
884 545 946 566 non

173 591 302 632 ponitur
322 591 355 620 in
373 590 481 630 aliquo
502 590 606 629 gradu
620 589 738 620 ordinis
756 601 762 620 :
781 598 859 627 ergo
882 599 946 620 uon

174 647 220 674 est
233 652 465 674 sacramentum
481 643 618 674 ordinis:
634 652 691 673 nec
709 642 794 672 aliud
806 652 813 671 :
825 645 947 672 constat

173 705 263 736 ergo,
279 698 337 727 etc.

215 749 293 780 Item
315 750 347 779 in
367 749 454 779 omni
475 749 584 779 ordine
606 748 740 778 traditur
762 748 868 788 aliqua
890 757 945 787 po-

174 805 269 833 testas
284 813 290 832 :
308 802 359 832 sed
377 802 409 832 in
429 811 544 831 corona
561 801 648 832 nulla
664 801 795 832 omnino
811 802 947 832 traditur

173 858 310 895 potestas
326 866 333 885 :
352 864 431 893 ergo
451 863 567 885 corona
588 864 651 885 non
671 858 717 884 cst
732 855 820 885 ordo.
841 854 947 885 Prima

173 911 257 947 patet
274 917 330 947 per
341 907 561 938 diffinitionem
577 907 712 944 ordinis3
729 909 865 937 secunda
881 917 946 937 ma-

173 962 339 992 nifestatur
356 962 388 991 in
409 962 576 991 collatione
596 971 737 998 (τοι-011111,
762 962 816 991 ubi
832 971 895 991 nou
913 965 946 992 tit

174 1016 292 1045 mentio
307 1015 344 1045 de
361 1015 466 1054 aliqua
484 1016 645 1054 pots-state.

214 1068 291 1098 Item
306 1069 339 1098 in
359 1068 522 1097 ordinibus
538 1068 631 1097 datur
646 1068 748 1097 noisilc
763 1077 943 1098 sacramen·

173 1124 259 1159 tum,
275 1131 311 1151 ac
326 1132 382 1161 per
397 1121 455 1151 hot·
472 1122 583 1151 delient
600 1131 672 1151 cum
693 1132 811 1156 luajsust.
828 1122 944 1152 solutu-

173 1175 269 1204 nitate
291 1175 374 1212 dari;
397 1175 480 1205 unde
495 1184 558 1205 nou
579 1176 693 1205 dautur
710 1175 767 1204 nisi
786 1176 814 1204 iu
832 1175 941 1204 Missa:

174 1227 226 1257 sed
241 1236 355 1258 corona
370 1228 463 1258 datur
473 1232 563 1258 extra
578 1228 701 1257 Missum

717 1238 827 1265 :urg-go,
844 1231 900 1257 cti:

439 1323 695 1373 'CONuLufflos

172 1429 273 1455 Corona
287 1429 441 1455 clericorum
456 1436 505 1454 non
523 1431 559 1454 esi
575 1431 777 1460 sarraincm'wn,
795 1430 840 1454 sed
852 1429 944 1462 (lispo—

207 1474 270 1499 sitio
287 1472 420 1506 quaedam,
443 1475 470 1499 ut
489 1472 663 1499 catechizatio
686 1475 724 1499 cst
745 1472 887 1506 dispositio
909 1473 945 1498 ad

207 1518 377 1552 baptismum.

211 1601 303 1641 Resp.
329 1601 369 1631 ad
392 1610 462 1640 arg.
488 1601 677 1639 Dicendum,
704 1602 789 1640 quod
809 1602 889 1631 sicut
914 1602 945 1631 in

172 1654 411 1684 transeuntibus
426 1654 464 1685 de
480 1663 544 1684 uno
558 1657 641 1685 statu
652 1655 691 1685 ad
704 1655 803 1685 alium
817 1657 946 1693 praeter-

172 1707 309 1737 mittitur
324 1707 452 1746 aliquod
474 1708 755 1747 praeparatorium,
778 1707 862 1747 quod
883 1716 946 1737 non

171 1760 261 1799 ponit
274 1760 308 1790 in
322 1761 455 1797 statum,
472 1760 526 1789 sed
546 1760 699 1799 disponit;
723 1760 768 1790 sic
784 1760 814 1789 in
832 1769 946 1799 propo-

171 1814 230 1843 sito
245 1813 487 1852 intelligendum
503 1815 558 1842 est.
581 1812 660 1842 Nam
675 1813 879 1852 suscipientes
894 1821 947 1842 or-

172 1867 255 1897 dinis
270 1868 504 1896 sacramentum
519 1866 552 1895 in
567 1866 706 1905 quodam
722 1866 847 1905 speciali
864 1869 946 1896 statu

172 1920 255 1950 inter
271 1919 379 1950 fideles
396 1919 600 1950 collocantur.
625 1919 713 1950 Unde
736 1920 946 1959 quemadmo—

172 1972 249 2002 dum
262 1973 344 2002 inter
358 1974 477 2002 statum
492 1972 690 2009 saecularem,
704 1975 734 2002 et
745 1971 945 2010 religiosum,

172 2025 297 2055 medius
310 2027 356 2055 est
370 2025 554 2062 novitiatus,
574 2025 606 2054 in
620 2033 684 2063 quo
702 2034 759 2054 nec
773 2025 945 2062 saecularis,

172 2087 229 2108 nec
243 2077 413 2116 religiosus
429 2079 475 2107 est
490 2077 632 2117 proprhe,
655 2087 727 2107 cum
744 2086 808 2108 non
823 2079 948 2108 voverit

172 2141 224 2169 ea,
250 2139 323 2171 quae
346 2134 420 2161 sunt
442 2131 621 2169 religionis,
649 2141 792 2169 servare;
817 2134 848 2162 et
867 2133 948 2162 sicut

172 2185 254 2214 inter
268 2183 391 2221 fideles,
419 2185 449 2213 et
471 2183 628 2221 infideles,
653 2184 749 2214 medii
770 2187 843 2215 sunt
861 2190 946 2215 cate—

173 2234 341 2272 chumeni,
356 2235 420 2275 *qui
440 2237 546 2264 tamen
568 2244 630 2265 uon
647 2238 721 2265 sunt
740 2236 822 2266 inter
843 2236 948 2267 fideles

173 2288 394 2327 computandi,
415 2288 480 2318 imo
496 2288 576 2318 hora
597 2289 828 2319 communionis
843 2290 881 2320 de
896 2300 947 2320 ec—

124 2363 128 2365 >
174 2341 268 2371 clesia
283 2343 515 2371 consueverunt
529 2341 649 2379 emitti,
673 2342 754 2372 sicut
775 2343 885 2373 novitii
909 2343 947 2374 de

174 2393 312 2434 capitulo
330 2404 336 2423 :
355 2394 398 2423 sic
412 2394 515 2424 clerici
530 2394 625 2424 medii
641 2398 726 2432 sunt,
742 2396 775 2425 in
790 2399 947 2435 quantum

173 2447 290 2477 hahent
310 2448 490 2484 tonsuram,
515 2447 597 2477 inter
618 2447 713 2478 laicos
728 2451 757 2478 et
773 2449 943 2479 ordinatos.

174 2499 253 2536 Quia
267 2502 374 2530 tamen
389 2499 520 2539 signum
535 2500 619 2530 istud
634 2501 782 2531 omnibus
796 2504 841 2531 est
856 2511 945 2532 com-

173 2561 286 2590 mune,
308 2552 378 2582 ideo
399 2561 510 2582 omnes
533 2552 636 2582 clerici
657 2557 895 2592 nuncupantur,
916 2557 946 2585 et

208 2614 264 2644 ¹0s.
279 2614 426 2643 aichardus,
445 2614 475 2637 tV
494 2614 571 2644 Sent„
591 2615 646 2638 dist.
670 2622 741 2644 xxiv,
757 2617 804 2639 art.
826 2619 843 2641 2,
858 2624 882 2646 q.
901 2623 944 2647 1115

175 2649 262 2679 Steph.
282 2649 382 2680 Brules„
405 2649 436 2672 lV
458 2650 536 2679 seut„
557 2649 612 2673 dist.
634 2656 703 2673 xxv-¹.
723 2657 746 2680 q.
769 2656 810 2679 ¹¹'3
834 2652 897 2674 l‘vtr.
915 2652 944 2675 ile

174 2685 285 2715 rurant„
298 2685 330 2711 lV
345 2686 422 2715 Sent.,
435 2684 491 2708 dist.
505 2690 610 2714 xxmq.
626 2689 713 2714 l'·-·(,11)
731 2687 820 2717 sicppl.
832 2692 943 2711 corouae.

734 201 1041 235 SENTENTMRUM
1068 203 1142 234 LlB.
1167 203 1215 234 lv.

1005 270 1209 301 confunditur
1233 280 1362 303 nomen.
1390 273 1478 304 Sicut
1501 281 1580 312 ergo
1604 274 1777 306 novitiatus

1005 332 1068 353 non
1083 326 1129 354 est
1145 324 1256 364 religio
1266 349 1274 363 ,
1295 325 1349 356 sed
1363 326 1403 356 ad
1417 325 1607 365 religionem
1621 325 1774 366 disponit;

1004 378 1033 406 et
1049 377 1328 416 catechuminatm,
1350 380 1418 410 sive
1437 379 1636 410 catechizatio
1651 387 1716 410 non
1730 381 1779 410 est

1004 430 1191 469 baptismus,
1210 431 1265 462 sed
1279 431 1441 471 dispositio
1455 434 1485 462 et
1499 431 1689 472 praeparatio
1706 441 1714 462 :
1731 431 1776 462 sic

1005 492 1174 513 commune
1186 484 1387 522 signaculum
1397 494 1463 516 non
1472 488 1518 516 est
1527 486 1774 522 sacramentum,

1004 545 1063 566 nec
1076 537 1166 574 ordo,
1182 537 1236 567 sed
1251 540 1375 568 tantum
1389 538 1564 578 dispositio.

1046 592 1074 620 1.
1091 590 1138 620 Ad
1152 590 1230 620 illud
1245 591 1330 630 quod
1345 592 1503 630 objicitur,
1518 591 1604 631 quod
1617 593 1664 622 est
1678 599 1776 622 sacrae

1003 643 1049 672 rei
1064 643 1204 682 signum,
1221 644 1389 675 dicendum
1402 646 1486 685 quod
1502 646 1560 675 ista
1571 653 1636 675 non
1650 647 1696 675 est
1711 646 1776 675 tota

1003 696 1083 726 ratio
1107 698 1313 736 sacramenti,
1337 698 1391 728 sed
1413 698 1550 738 amplius
1571 700 1693 738 oportet
1715 697 1776 728 ad-

1003 749 1086 780 dere.
1102 749 1172 781 Non
1186 751 1272 781 enim
1291 751 1407 782 sufficit
1427 751 1580 790 signatio,
1603 751 1666 781 nisi
1679 751 1775 782 etiam

1004 802 1044 831 ibi
1060 802 1178 842 aliquid
1193 804 1372 834 conferatur
1386 815 1393 834 :
1406 804 1490 843 quod
1504 813 1579 834 cum
1593 813 1657 835 non
1671 804 1727 834 flat
1741 803 1775 834 in

1003 864 1134 894 corona,
1158 856 1234 895 quia
1256 856 1344 886 nulla
1366 857 1500 887 traditur
1523 856 1697 896 spiritualis
1718 864 1773 895 po-

1002 911 1109 945 testas,
1127 912 1211 948 patet
1226 909 1311 948 quod
1326 919 1391 940 non
1405 912 1450 940 est
1464 909 1553 941 ordo.

1042 964 1070 991 9..
1092 962 1138 992 Ad
1159 962 1237 992 illud
1259 963 1343 1002 quod
1363 963 1523 1002 objicitur,
1548 962 1631 1002 quod
1655 971 1720 993 non
1740 963 1776 993 fit

1003 1014 1060 1043 uisi
1079 1018 1206 1054 propter
1219 1015 1396 1054 spirituale,
1412 1016 1594 1054 dicendum,
1619 1015 1704 1055 quod
1718 1024 1775 1046 ve-

1002 1076 1074 1098 rum
1095 1071 1139 1098 est
1162 1068 1245 1107 quod
1261 1077 1376 1099 corona
1392 1069 1426 1098 fit
1446 1070 1574 1108 propter
1589 1068 1772 1108 spirituale;

1003 1132 1065 1150 uon
1089 1123 1193 1150 ta·m‹·11
1210 1124 1337 1160 propter
1351 1121 1513 1161 spirituale
1532 1121 1673 1151 officium
1688 1121 1774 1160 quod

1002 1174 1042 1202 ini
1064 1174 1165 1211 detur,
1180 1174 1232 1204 sed
1247 1175 1329 1213 quod
1346 1175 1389 1204 ibi
1404 1176 1576 1213 figuretur3
1598 1176 1628 1205 ct
1648 1174 1687 1205 ad
1701 1174 1771 1212 hoc,

1001 1228 1085 1265 quod
1108 1228 1203 1257 homo
1220 1228 1440 1263 configuretur
1461 1230 1491 1258 et
1510 1230 1727 1267 praeparetur:
1743 1230 1775 1258 et

1002 1279 1069 1309 idco
1085 1289 1149 1309 nou
1164 1281 1279 1310 frustra
1293 1282 1339 1310 iit.

1041 1336 1071 1363 3.
1092 1334 1137 1363 Ad
1160 1333 1237 1363 illud
1260 1334 1343 1373 quod
1365 1334 1524 1372 objicitur,
1546 1333 1631 1373 quod
1650 1333 1743 1364 datur
1757 1342 1776 1364 a

1002 1395 1135 1424 persona
1149 1386 1325 1424 excellenti,
1342 1387 1522 1424 dicendum,
1537 1386 1623 1426 quod
1631 1386 1776 1426 ejusdem

1001 1442 1046 1468 (est
1066 1448 1245 1478 prceparare
1266 1439 1446 1477 materiam,
1471 1442 1502 1469 et
1521 1440 1657 1470 formam
1671 1439 1775 1470 addu-

1001 1501 1072 1522 cere
1087 1503 1093 1522 :
1106 1494 1136 1522 et
1148 1493 1299 1532 quoniam
1314 1494 1369 1532 qui
1379 1495 1537 1532 praeparat
1551 1493 1589 1523 ad
1599 1492 1719 1523 ordinis
1729 1502 1776 1524 sa-

1001 1547 1216 1583 cramentum,
1235 1545 1324 1584 ponit
1341 1546 1505 1575 hominem
1529 1545 1562 1575 in
1583 1547 1701 1575 statum
1715 1554 1775 1576 ex-

1001 1597 1169 1635 cellentiae,
1182 1598 1252 1628 ideo
1267 1600 1297 1628 et
1311 1607 1438 1635 corona,
1450 1598 1586 1628 traditur
1600 1607 1619 1628 a
1633 1598 1776 1637 personis

1002 1651 1228 1682 excellentibus
1241 1652 1276 1691 [b]
1287 1661 1294 1690 3
1309 1661 1374 1682 non
1385 1651 1507 1682 ratione
1518 1651 1579 1688 sui,
1590 1650 1644 1682 sed
1655 1652 1776 1682 ratione

1002 1706 1071 1743 eius
1086 1705 1125 1734 ad
1141 1704 1228 1744 quod
1242 1704 1429 1744 disponitur.

1041 1760 1071 1788 4.
1090 1757 1244 1788 Ultimum
1259 1758 1345 1797 quod
1359 1757 1484 1797 oincit,
1504 1758 1573 1796 jam
1586 1757 1778 1788 determina-

1003 1814 1072 1841 tum
1095 1813 1156 1848 est,
1181 1811 1257 1850 quia
1280 1819 1338 1841 nec
1361 1810 1460 1841 laicus
1481 1812 1528 1840 est
1551 1810 1695 1849 proprie,
1720 1818 1778 1840 nec

1003 1864 1184 1902 ordinatus3
1208 1864 1261 1894 sed
1282 1867 1389 1894 tamen
1414 1864 1518 1902 magis
1542 1873 1575 1894 se
1597 1864 1683 1893 tenet
1702 1871 1778 1893 cum

1002 1917 1161 1954 ordinato,
1186 1917 1265 1947 sicut
1288 1916 1428 1947 novitius
1451 1916 1522 1956 plus
1544 1915 1779 1956 appropinquat

1002 1970 1040 1999 ad
1063 1972 1181 1999 statum
1204 1969 1370 2008 religionis
1387 1980 1394 1999 ε
1411 1972 1442 1999 et
1465 1969 1546 2000 sicut
1568 1968 1684 1999 dieitur
1702 1967 1776 1999 reli-

1002 2023 1125 2062 giosus,
1143 2023 1291 2061 quamvis
1313 2031 1378 2053 non
1392 2022 1551 2062 professus
1566 2021 1707 2059 dicatur;
1732 2021 1777 2051 sic

1003 2076 1123 2106 habens
1137 2084 1288 2106 coronam
1299 2075 1414 2106 dicitur
1425 2075 1569 2111 clericus
1583 2083 1656 2105 cum
1669 2076 1775 2105 tamen

1003 2139 1067 2160 uon
1082 2130 1121 2160 sit
1136 2129 1299 2160 ordinatus
1316 2140 1322 2159 :
1340 2132 1371 2160 et
1386 2129 1430 2160 sic
1445 2131 1530 2168 patet
1544 2130 1657 2159 totum.

1265 2243 1445 2281 QUAESTIO
1463 2243 1515 2274 III.

1054 2327 1098 2352 An
1119 2327 1147 2351 in
1166 2326 1327 2360 susceptione
1346 2332 1445 2351 coronoe
1463 2326 1510 2359 fiac
1530 2325 1729 2352 abrenuntiatio

1277 2369 1463 2403 temporalium
1481 2372 1499 2395 ¹.

1043 2448 1157 2480 Utrum
1180 2448 1213 2478 in
1238 2448 1435 2488 susceptione
1457 2456 1582 2478 coronae
1605 2447 1660 2478 fiat
1687 2447 1776 2478 abre·
1791 2453 1825 2475 Ad
1843 2459 1895 2481 opp.

1002 2502 1158 2534 nuntiatio
1168 2500 1390 2540 temporalium
1400 2511 1408 2538 ;
1424 2503 1454 2531 et
1464 2500 1549 2540 quod
1559 2500 1612 2538 sie,
1627 2500 1753 2531 videtur
1766 2511 1773 2532 ε

1002 2555 1104 2594 primo
1120 2563 1174 2594 per
1184 2554 1278 2591 istud,
1292 2554 1377 2594 quod
1387 2553 1495 2584 dicunt
1507 2553 1542 2583 in
1553 2553 1751 2592 susceptione
1765 2563 1772 2584 :

1003 2630 1031 2634 —
1049 2617 1080 2647 (ὁ)
1099 2616 1166 2640 mut.
1182 2616 1238 2639 Veii.
1255 2615 1374 2646 quoniam
1388 2617 1513 2646 praeparat
1526 2615 1558 2638 ad
1573 2615 1628 2639 ord.
1641 2621 1718 2643 sacr„
1730 2614 1774 2644 qui

1003 2652 1071 2682 ponit
1088 2652 1157 2675 linui,
1176 2651 1199 2674 iu
1216 2652 1271 2674 stat.
1289 2657 1354 2680 exc„
1370 2652 1395 2674 et
1409 2650 1452 2681 qui
1470 2650 1546 2674 etiam
1563 2650 1671 2674 traditur
1685 2656 1699 2673 a
1714 2655 1772 2680 per-

1002 2689 1071 2715 sonis
1086 2687 1186 2712 excell*
1204 2687 1260 2710 ideo
1275 2689 1298 2710 et
1312 2692 1416 2711 corona.
