1991 3006
60 1834 92 1853 Ad
105 1840 125 1858 q.

44 1865 106 1885 later.
120 1869 137 1887 1.

182 156 235 184 176
729 149 1038 183 stiN'rltNTtARUM
1062 150 1135 181 LIB.
1162 150 1209 180 lV.

215 225 243 251 3.
267 221 315 251 Ad
338 220 415 250 illud
445 219 531 258 quod
557 218 704 257 objicitur
728 219 766 248 de
796 218 866 247 libri
898 218 947 247 vet

175 276 257 304 vasis
274 274 451 309 traditione,
466 272 633 302 dicendum
645 271 742 311 quod,
761 272 841 301 sieut
854 280 947 300 (nnnc

174 328 424 358 instrumentum
440 326 507 357 sive
521 328 682 356 armatura
698 325 729 355 in
746 325 862 355 virtute
879 333 946 353 ma-

173 391 234 411 nus
260 383 324 418 est,
353 381 395 409 sic
420 380 514 409 etiam
540 388 594 419 per
620 378 854 417 impositionem
879 386 946 407 ma-

174 444 291 471 nuum,
310 434 364 464 ubi
378 434 521 463 deessent
542 433 631 470 talia,
652 434 784 471 possunt
802 431 943 468 signari:

173 488 271 519 unde.
296 487 378 517 sicut
402 489 470 526 post
494 486 671 523 videbitur,
690 485 720 515 in
745 483 946 523 impositione

173 550 326 571 manuum
340 542 370 570 in
383 540 516 570 Ecclesia
531 539 690 580 primitiva
701 538 805 568 caeteri
819 537 945 566 ordines

172 593 434 630 implicabantur,
467 593 521 632 qui
559 592 761 632 postmodum
796 600 945 630 processu

173 647 324 686 temporis
337 647 484 685 explicati
501 648 585 683 sunt,
604 648 635 675 et
649 647 803 685 quantum
816 643 853 674 ad
872 653 943 673 ver-

171 700 267 737 bum,
284 703 314 730 et
328 703 483 740 quantum
506 699 544 729 ad
567 699 718 735 signum,
737 700 767 728 et
786 699 943 736 «plantum

170 753 210 783 ad
225 762 385 792 personas.

209 809 238 837 4.
257 806 304 836 Ad
315 806 393 836 illud
407 806 489 845 quod
506 806 663 845 objicitur,
681 804 763 844 quod
785 804 942 834 archidia-

170 869 268 890 conus
290 860 408 890 confert
431 859 530 889 multa
554 859 636 895 talia,
662 858 829 888 dicendum
858 856 942 896 quod

171 914 229 943 hoc
244 916 290 943 est
306 913 343 943 ad
360 912 519 952 potestatis
534 912 787 951 explicationem.
809 910 896 941 Unde
911 910 943 939 in

169 966 222 995 tali
236 966 401 995 traditione
418 966 497 995 sacta
508 965 547 995 ab
562 965 787 994 archidiacono
802 973 866 994 non
884 967 943 994 tra-

169 1019 253 1049 ditur
264 1028 347 1048 nova
360 1020 505 1057 potestas,
525 1018 578 1047 sed
594 1018 707 1048 tradita
722 1018 908 1057 explicatur.

210 1075 237 1102 5.
251 1072 297 1102 Ad
313 1072 388 1102 illud
404 1072 488 1111 quod
499 1072 647 1110 objicitur
657 1072 695 1102 de
711 1071 800 1101 verbi
815 1080 942 1111 expres-

170 1126 267 1163 sione,
282 1126 450 1155 dicendum
464 1125 548 1164 quod
560 1135 684 1164 semper
697 1125 941 1163 intelligendum

172 1182 218 1209 est
235 1179 329 1209 fuisse
346 1179 479 1209 verbum
495 1179 633 1218 aliquod,
650 1179 683 1208 in
698 1188 761 1218 quo
779 1178 939 1217 exprime-

169 1234 256 1262 retur
281 1234 416 1271 potestas
439 1231 509 1262 talis
531 1232 620 1268 dari3
646 1232 699 1261 sed
721 1240 785 1261 non
815 1232 942 1261 fuerunt

169 1285 266 1315 verba
288 1285 420 1325 prfefixa
435 1309 440 1322 ‚
458 1285 517 1315 nisi
544 1285 576 1314 in
596 1285 670 1314 solis
693 1284 818 1314 duobus
836 1293 940 1314 sacra-

169 1338 300 1375 mentis,
319 1338 435 1377 quibus
451 1338 602 1368 Dominus
618 1337 715 1367 verba
728 1337 873 1376 specialia
887 1346 940 1367 ore

169 1392 296 1431 proprio
313 1391 478 1430 praedixit:
496 1394 526 1421 et
542 1391 610 1421 ideo
626 1391 659 1420 in
674 1390 754 1428 aliis,
772 1391 829 1421 etsi
844 1391 940 1420 verba

169 1444 231 1475 sint
247 1445 432 1482 necessaria,
446 1454 510 1474 non
524 1446 630 1473 tamen
645 1446 719 1473 sunt
731 1444 939 1473 determinata

168 1495 333 1532 vocabula,
350 1495 398 1525 vel
416 1495 581 1532 vocaliter,
597 1495 649 1525 sed
666 1495 762 1524 verba
778 1504 939 1534 quaecum-

169 1558 232 1587 que
256 1558 385 1578 sensum
409 1548 635 1588 exprimentia,
662 1550 817 1587 quantum
841 1550 886 1577 est
901 1548 939 1578 de

168 1602 290 1632 ratione
309 1602 512 1639 sacramenti,
538 1601 733 1631 sufficiebant
745 1625 753 1638 ,
771 1601 797 1630 si
820 1601 890 1640 quis
907 1602 939 1631 in

167 1654 316 1685 haeresim
342 1655 540 1685 introducere
565 1663 628 1684 non
658 1654 850 1684 intendebat.
879 1653 938 1684 Sed

167 1716 251 1738 nunc
275 1708 489 1737 necessarium
513 1710 560 1737 est
588 1716 716 1738 servare
740 1707 874 1737 formam
898 1707 937 1736 ab

168 1760 304 1791 Ecclesia
315 1763 464 1791 statutam
481 1764 510 1791 et
525 1761 741 1800 approbatam.

205 1816 234 1844 6.
258 1814 305 1844 Ad
321 1814 397 1844 illud
412 1814 496 1853 quod
514 1814 661 1852 objiCitur
674 1814 711 1843 de
726 1813 821 1843 modo
836 1813 936 1852 impe-

165 1867 287 1904 rativo,
314 1867 482 1897 dicendum
508 1867 592 1906 quod
620 1867 763 1897 Pontifex
792 1875 938 1896 summus

164 1921 247 1959 gerit
265 1930 432 1960 personam
452 1920 582 1957 Christi,
604 1922 634 1949 et
655 1929 821 1959 personam
842 1929 935 1958 supe--

164 1974 267 2010 rioris,
291 1974 371 2003 sicut
393 1974 467 2003 dicit
493 1973 629 2003 isidorus
651 1973 682 2002 in
703 1973 781 2002 libro
799 1972 838 2003 de
856 1972 937 2010 Offi-

164 2028 226 2058 ciis
240 2036 250 2056 .·
266 2030 296 2056 ct
311 2027 462 2066 quoniam
478 2028 610 2065 potestas
633 2025 805 2064 superioris
821 2025 891 2064 plus
905 2027 935 2054 et

165 2080 270 2110 minus
295 2080 430 2109 traditur
451 2082 481 2109 et
502 2079 678 2116 descendit,
704 2081 734 2108 et
760 2078 934 2108 secundum

164 2133 260 2169 illam,
278 2133 333 2172 qui
357 2132 705 2169 cont'eru11t,subsuut;
731 2131 799 2161 ideo
824 2131 933 2160 rectis-

164 2184 242 2213 sime
267 2184 360 2214 modo
382 2183 570 2223 imperativo
594 2183 713 2213 utitur:
732 2185 763 2212 et
784 2182 827 2211 sic
851 2184 936 2221 patet

164 2238 325 2277 responsio
348 2238 386 2267 ad
414 2238 548 2276 primam
573 2237 794 2276 quaestionem.
821 2235 936 2265 Omnes

163 2290 233 2320 aliae
251 2291 441 2329 quaestiones
456 2298 494 2319 ex
515 2290 604 2319 dictis
626 2292 749 2329 patent,
767 2291 882 2328 praeter
896 2289 935 2318 il-

164 2343 246 2381 lam,
264 2353 336 2382 quse
354 2346 399 2373 est
419 2344 456 2373 de
478 2345 550 2373 ortu
570 2343 716 2373 istorum.
735 2342 815 2372 Nam
836 2342 934 2372 bene-

163 2396 256 2426 dictio
285 2399 314 2425 et
354 2406 466 2425 manus
502 2396 659 2435 impositio
695 2405 714 2425 a
748 2395 934 2435 patriarchis

164 2449 266 2486 venit;
283 2449 336 2478 sed
352 2449 493 2478 inunctio
513 2449 654 2486 liguram
668 2448 781 2478 habuit
796 2448 829 2477 in
842 2448 932 2486 lege,

163 2502 217 2532 ubi
240 2502 377 2532 dicitur¹
395 2525 402 2538 ,
429 2501 513 2541 quod
540 2501 686 2531 inunctus
714 2503 760 2531 est
787 2510 934 2531 summus

164 2555 319 2586 sacerdos.

197 2619 204 2635 ¹
217 2619 303 2648 Lem„
320 2624 375 2648 vul,
392 2620 425 2641 11.
437 2630 466 2633 -
480 2618 488 2632 2
502 2619 539 2647 Cf.
553 2618 579 2640 ὃ.
595 2617 695 2646 Thone,
709 2617 733 2640 iu
745 2618 831 2647 Suppl.
849 2625 873 2647 p.
889 2618 930 2648 m,

1238 278 1478 312 ARTICULL'S
1504 279 1545 311 II.

1046 376 1289 416 Consequenter,
1308 378 1462 415 quantum
1480 376 1519 406 ad
1533 376 1707 407 secundum
1721 385 1775 406 ar-

1004 428 1147 466 ticulum,
1165 429 1321 468 quaeritur
1335 429 1372 459 de
1387 429 1550 459 ordinibus
1565 431 1720 468 quantum
1735 429 1774 459 ad

1001 491 1174 512 numerum
1207 484 1238 512 et
1267 482 1517 518 distinctionem;
1549 484 1579 512 et
1606 481 1688 511 circa
1715 481 1775 512 hoc

1000 538 1191 574 quwrnntnr
1211 535 1351 566 breviter
1373 537 1529 574 quatuor:
1553 535 1657 574 primo
1681 543 1775 574 quae-

1000 588 1082 618 ritur
1096 589 1134 618 de
1149 589 1303 619 divisione
1317 588 1468 618 ordinum
1484 588 1517 617 in
1532 596 1646 625 sacrm,
1663 590 1694 618 et
1709 596 1773 618 non

999 651 1120 679 sacros;
1143 642 1293 679 secundo,
1314 644 1422 671 utrum
1439 641 1652 680 psalmistatus
1664 641 1704 671 sit
1723 641 1771 671 in-

1000 697 1046 724 ter
1061 695 1187 724 ordines
1203 695 1360 731 mium-053
1378 695 1469 724 tertio
1489 694 1646 733 quaeritur
1660 696 1771 724 utrum

999 749 1194 788 episcopatus
1208 749 1247 778 sit
1263 749 1345 778 inter
1358 748 1484 778 ordines
1497 749 1650 787 maj0res3
1670 757 1771 787 quar-

999 804 1046 839 to,
1064 804 1174 831 utrum
1190 801 1250 831 sint
1265 802 1396 840 septem,
1414 800 1463 830 vel
1480 800 1604 839 plures,
1621 802 1676 831 aut
1689 809 1768 840 pau-

998 855 1098 885 ciores
1113 854 1253 884 ordines,

1273 956 1451 994 QUAESTlo
1475 957 1498 987 l.

1144 1042 1189 1068 An
1209 1042 1306 1068 divisio
1327 1041 1449 1068 ordinum
1469 1042 1503 1068 sit
1523 1041 1590 1068 bona
1605 1041 1625 1067 ¹.

1041 1123 1080 1152 tte
1107 1123 1269 1153 divisione
1296 1123 1462 1161 ordinnm3
1487 1126 1518 1153 et
1539 1122 1664 1153 videtur
1687 1122 1771 1162 quod

1000 1177 1059 1206 ista
1083 1177 1196 1207 divisio
1219 1177 1309 1207 nulla
1333 1178 1373 1207 sit
1395 1188 1401 1207 2
1429 1177 1552 1216 primo,
1573 1177 1650 1216 quia
1667 1176 1770 1207 omnis

997 1230 1074 1259 ordo
1098 1230 1304 1260 essentialiter
1319 1233 1349 1260 et
1370 1230 1590 1260 universaliter
1605 1232 1653 1260 est
1667 1239 1768 1260 sacra-

997 1285 1146 1313 mentum
1165 1291 1172 1312 :
1189 1283 1243 1313 sed
1260 1292 1354 1313 omne
1369 1285 1602 1313 sacramentum
1615 1282 1689 1312 dicit
1702 1291 1770 1312 rem

999 1345 1121 1366 sacram
1140 1347 1146 1366 2
1163 1345 1243 1375 ergo
1259 1336 1336 1366 ordo
1358 1335 1580 1366 universaliter
1595 1337 1641 1366 est
1655 1344 1706 1366 res
1719 1344 1768 1366 sa-

996 1398 1049 1419 cra
1069 1400 1074 1419 :
1095 1398 1174 1427 ergo
1193 1389 1318 1419 videtur
1333 1388 1556 1419 universaliter
1571 1389 1655 1428 quod
1670 1389 1709 1419 sit
1720 1397 1771 1419 res

995 1451 1082 1472 sacra
1099 1453 1105 1472 ι
1123 1451 1201 1481 ergo
1215 1442 1319 1471 omnis
1334 1442 1410 1472 ordo
1426 1443 1473 1471 est
1488 1450 1587 1472 sacer.

1035 1498 1064 1526 02.
1082 1495 1159 1525 Item
1175 1519 1182 1532 ‚
1206 1495 1237 1525 in
1258 1494 1460 1525 inferioribus
1474 1494 1638 1525 ordinibus
1653 1495 1697 1524 sic
1712 1494 1768 1525 da-

995 1551 1046 1578 tur
1070 1550 1206 1587 potestas
1229 1547 1429 1578 ministrandi
1449 1547 1531 1577 ctrca
1545 1547 1659 1585 altare,
1685 1550 1716 1578 et
1733 1557 1770 1578 ea

994 1611 1067 1640 ‹Juae
1084 1602 1242 1641 pertinent
1259 1601 1297 1631 ad
1314 1602 1547 1630 sacramentum
1559 1602 1769 1630 sacramento-

994 1664 1067 1685 rum
1082 1678 1091 1691 ,
1116 1654 1232 1684 scilicet
1255 1662 1369 1692 corpus
1391 1653 1601 1690 dominicum,
1628 1653 1709 1683 sicut
1735 1653 1768 1682 in

994 1708 1161 1738 diaconatu
1175 1709 1206 1737 et
1223 1706 1470 1743 subdiaconatu,
1487 1706 1558 1736 licet
1574 1715 1638 1736 non
1661 1706 1706 1736 ita
1728 1705 1766 1736 de

994 1761 1171 1800 propinquo
1197 1770 1203 1790 ε
1231 1768 1309 1798 ergo
1335 1759 1460 1789 videtur
1485 1759 1570 1798 quod
1583 1782 1591 1795 ‚
1617 1759 1698 1790 sicut
1720 1759 1764 1789 illi

995 1815 1070 1844 sunt
1085 1813 1164 1843 sacri
1177 1837 1185 1850 ,
1201 1813 1246 1842 sic
1261 1815 1291 1842 et
1307 1812 1367 1843 isti.

1035 1869 1063 1897 3.
1082 1866 1159 1896 Item
1182 1866 1214 1896 in
1230 1865 1365 1896 Ecclesia
1380 1866 1542 1905 primitiva
1555 1875 1619 1896 non
1633 1866 1764 1896 fuerunt

994 1920 1120 1950 ordines
1136 1919 1194 1949 nisi
1212 1919 1309 1956 sacri,
1335 1919 1452 1949 scilicet
1474 1919 1708 1958 presbyteratus
1732 1921 1762 1948 et

992 1973 1176 2003 diaconatus
1193 1981 1201 2001 ε
1217 1980 1295 2009 ergo
1308 1972 1358 2001 vel
1374 1972 1426 2002 illa
1441 1971 1578 2002 Ecclesia
1592 1971 1652 2002 fuit
1666 1971 1763 2002 dimi-

994 2027 1070 2055 nuta
1084 2050 1090 2062 ,
1107 2024 1157 2055 vel
1172 2025 1230 2054 ista
1244 2024 1424 2063 superfluit.

1034 2080 1063 2108 4.
1082 2078 1157 2108 Item
1172 2102 1178 2115 ,
1199 2087 1235 2107 ea
1250 2086 1323 2116 quae
1341 2080 1482 2117 spectant
1496 2077 1536 2108 ad
1555 2077 1764 2108 substantiam

993 2131 1203 2167 sacramenti,
1218 2139 1342 2170 semper
1362 2130 1473 2161 eadem
1495 2132 1697 2170 perseverant
1713 2141 1719 2160 :
1737 2131 1762 2160 si

994 2193 1071 2222 ergo
1087 2184 1213 2214 ordines
1229 2184 1367 2214 minores
1383 2193 1457 2214 vere
1469 2184 1595 2214 ordines
1608 2184 1694 2219 sunt,
1709 2185 1764 2213 aut

993 2239 1067 2267 tunc
1082 2246 1148 2267 esse
1173 2237 1368 2274 debuerunt,
1394 2239 1450 2267 aut
1466 2246 1540 2267 vere
1554 2236 1678 2266 ordines
1699 2244 1763 2266 11011

993 2293 1068 2320 sunt
1081 2299 1088 2320 :
1105 2290 1187 2329 quod
1203 2289 1228 2319 si
1242 2292 1317 2320 tunc
1332 2298 1396 2320 non
1410 2290 1551 2327 fuerunt,
1565 2289 1644 2319 sicut
1656 2291 1762 2328 patere

992 2345 1113 2382 potest,
1130 2352 1195 2372 non
1209 2343 1346 2380 videtur,
1364 2346 1422 2373 etc.

1032 2396 1146 2426 Contra
1164 2406 1170 2425 :
1197 2394 1232 2424 ln
1249 2394 1351 2425 Veteri
1366 2395 1565 2425 Testamento
1589 2397 1679 2425 erant
1695 2394 1760 2425 dis·
1779 2401 1881 2422 Fundam.

992 2448 1087 2478 tincta
1108 2448 1211 2478 officia
1233 2448 1504 2486 ministrantium,
1533 2448 1576 2478 ita
1600 2447 1685 2487 quod
1707 2447 1761 2478 alii

990 2553 1015 2577 q.
1031 2552 1130 2576 xxxvn,
1144 2548 1190 2569 art.
1210 2548 1215 2569 1
1230 2553 1237 2575 3
1253 2548 1276 2569 et
1292 2546 1321 2569 tV
1334 2546 1412 2576 sent„
1425 2545 1481 2569 dist.
1496 2551 1567 2575 xxtv,
1582 2552 1606 2576 q.
1622 2550 1652 2575 11,
1668 2532 1716 2568 art..
1734 2547 1758 2574 1;

991 2582 1078 2612 steph.
1096 2582 1198 2609 Brulet‘.,
1219 2581 1249 2605 tv
1268 2582 1347 2611 Seni„
1363 2581 1420 2604 dist.
1436 2586 1506 2610 xxm,
1524 2588 1549 2611 q.
1565 2586 1628 2610 xum
1644 2582 1712 2606 Petr.
1727 2580 1758 2604 de

988 2619 1100 2646 'l'araut.,
1114 2618 1143 2641 IV
1158 2618 1235 2645 Seni„
1252 2617 1309 2640 dist.
1323 2622 1394 2646 xx1v,
1410 2623 1435 2646 q.
1451 2622 1487 2640 11.

1786 1128 1817 1149 Ad
1832 1136 1881 1155 opp.
