1991 3006
72 275 165 296 Oenei-w.

68 307 170 327 nocturn.
188 323 193 328 .

70 1273 98 1293 ne
107 1275 171 1293 forn-,n

67 1310 86 1327 et
98 1308 165 1332 potes-

69 1337 174 1362 tateju‹t:-

101 1368 137 1387 cis.

82 1563 154 1587 Qualis

76 1600 166 1620 appare-

76 1624 105 1644 bit
117 1627 164 1643 tunv

70 1656 89 1675 iu
108 1656 152 1674 sori·
163 1662 172 1674 n

90 1692 154 1706 ΕΒΓΠ·

71 2547 139 2571 Ouare
146 2553 177 2566 sc·-

189 204 246 231 :5530

191 270 341 310 Purqavn
360 270 444 308 filios
468 270 559 307 Levi,
585 269 658 299 dicit
681 268 810 299 Glossa:
839 280 853 295 «
874 268 953 297 nuos

187 332 277 362 ignes
292 323 429 361 legimus
445 323 566 353 futuros
585 331 592 352 :
611 331 710 352 unum
729 322 785 361 qui
806 321 954 360 purgabit

185 377 309 412 electos,
331 379 359 406 et
380 375 724 415 p1·aecedetjudi‹·ium;
745 375 880 404 altorum
901 374 953 413 qui

186 430 334 469 reprobos
353 429 515 459 cruciabit.
534 440 548 456 »
566 428 748 459 Secundum
772 427 851 457 hanc
866 426 952 456 Glos-

185 492 264 520 sam,
278 482 444 512 (licendum
456 481 538 521 quod
555 481 622 511 sive
633 481 847 511 dicanturduo
864 480 954 518 ignes

184 537 340 575 quantum
362 535 401 565 ad
423 535 646 570 substantiam,
666 534 732 564 sive
751 533 813 563 duo
833 533 954 563 ratione

184 588 320 618 duorum
349 588 535 625 effectuum,
564 587 713 618 dicendus
742 589 788 616 ost
827 586 954 616 futurus

185 641 269 680 ignis
284 641 448 679 injudicio
468 641 506 671 ad
526 641 695 671 electorum
711 640 952 679 purgationem,

184 695 260 734 quia
281 694 372 724 debet
393 694 643 733 uniuscujusque
664 703 743 733 opus
765 692 908 731 probari,
925 695 955 722 et

184 747 317 788 purgari
334 747 364 777 in
383 747 473 785 igne,
492 749 527 777 ut
545 747 680 777 totaliter
695 746 844 775 sistantur
861 754 953 775 mun-

185 801 248 831 dati
269 801 299 830 in
319 802 487 840 conspectu
511 800 585 830 Dei:
612 802 641 830 et
664 799 713 829 hic
737 799 892 839 praecedet
907 799 953 828 fa—

185 855 264 885 eiem
286 854 411 893 judicis;
433 855 463 883 et
483 852 649 893 purgando
673 852 803 889 amieos,
830 852 952 881 intlani-

187 907 284 938 mabit
305 907 336 936 in
357 907 490 937 circuitu
512 906 656 936 inimicos
677 907 757 945 ujus.
784 905 835 935 Est
860 905 955 935 etiam

744 199 1051 232 SENTEN'I'IARUM
1075 199 1147 231 LIB.
1173 199 1222 229 IV.

1015 267 1098 306 ignis
1123 268 1251 297 futurus
1279 267 1318 298 ad
1345 269 1570 307 purgationem
1601 271 1725 308 mundi,
1755 274 1786 302 et

1013 322 1081 360 ojiis
1096 321 1350 351 innovationem:
1370 324 1400 351 et
1424 321 1497 359 iste,
1515 324 1549 352 ut
1567 322 1655 361 dicit,
1674 332 1786 364 seque-

1012 376 1065 404 tur
1086 374 1258 413 judicium,
1282 377 1312 403 et
1337 377 1450 405 exuret
1473 375 1580 406 faciem
1604 378 1732 416 mundi,
1754 381 1786 409 et

1013 428 1173 467 purgabit,
1195 429 1225 457 et
1240 427 1352 457 deinde
1369 428 1518 467 reprobos
1534 430 1695 461 cruciabit.
1709 430 1786 462 Con-

1012 480 1158 510 cedendae
1188 480 1289 519 igitur
1319 483 1394 510 sunt
1430 482 1567 512 rationes
1596 484 1784 522 probantes,

1013 533 1095 572 quod
1111 533 1225 572 aliquis
1241 533 1324 572 ignis
1340 534 1494 573 praecedet
1505 534 1674 574 judicium.

1053 586 1141 623 Quod
1169 596 1244 617 vero
1268 587 1434 626 objicitur5
1460 588 1543 627 quoti
1570 588 1675 619 nullus
1702 596 1809 628 prae-'

1013 640 1120 677 cedat,
1135 641 1212 680 quia
1228 641 1380 671 Dominus
1397 642 1537 672 inveniet
1553 642 1670 673 multos
1683 644 1785 680 vivos,

1013 692 1181 723 dicendum
1198 693 1280 733 quod
1302 694 1354 724 illo
1378 695 1464 733 ignis
1487 695 1546 725 erit
1566 695 1603 725 ad
1620 696 1786 735 purgatio-

1014 755 1086 776 nem
1103 746 1274 776 electorum
1285 770 1293 784 ,
1312 756 1375 777 non
1390 747 1428 777 ad
1444 748 1719 788 consumptionem
1733 760 1739 779 z
1756 751 1787 780 et

1014 799 1093 837 idvo,
1110 800 1189 829 sicut
1204 802 1268 829 tres
1285 800 1373 839 pueri
1389 801 1421 831 in
1436 801 1559 831 camino
1575 801 1660 840 ignis
1675 802 1787 832 arden-

1014 852 1053 882 tis
1068 852 1177 883 divina
1192 855 1265 883 sunt
1287 853 1403 883 virtute
1423 854 1598 884 conservati
1615 854 1724 892 illaesi;
1743 855 1787 886 sie

1015 905 1067 935 fiet
1082 905 1114 934 in
1129 905 1181 936 illo
1198 906 1273 944 igne
1284 931 1291 943 ,
1309 907 1363 946 qui
1377 906 1491 937 electos
1507 907 1667 946 purgabit.

679 1052 1045 1099 DISTINCTIO
1094 1054 1298 1099 XLVIII

356 1169 396 1190 DE
428 1169 544 1190 FORMA
575 1168 732 1197 JUchls,
765 1167 853 1188 LOCO
882 1167 1033 1196 JUDICH,
1068 1168 1108 1188 ET
1140 1168 1345 1192 OUALITA'I'E
1377 1168 1617 1191 LUMINARIUM.

238 1259 327 1292 Solet
348 1260 444 1292 etiam
460 1261 564 1305 quaeri
587 1261 620 1292 in
636 1272 701 1304 qua
716 1260 820 1292 fornia
839 1259 988 1292 Christus
1005 1259 1176 1302 judicabit.
1196 1260 1233 1292 In
1255 1260 1359 1292 forma
1374 1260 1486 1305 utique
1502 1260 1587 1294 servi
1598 1260 1760 1305 judicabit
1774 1287 1782 1303 ,

193 1329 267 1361 (111ae
281 1317 434 1350 omnibus
448 1318 481 1350 in
501 1317 626 1361 judicio
647 1317 835 1361 apparebit,
852 1322 887 1349 ut
903 1317 1035 1349 videant
1053 1317 1129 1349 mali
1152 1317 1185 1348 in
1208 1328 1305 1361 quem
1329 1322 1552 1362 pupugerunt.
1571 1318 1781 1352 Divinitatem

194 1386 270 1408 vero
294 1375 364 1419 ejus
388 1376 466 1408 mali
488 1387 552 1408 non
574 1375 744 1408 videbunt.
764 1375 856 1407 Unde
880 1375 976 1407 Isaias
991 1378 996 1394 ¹
1013 1387 1019 1406 :
1043 1375 1187 1407 Tollaeur
1207 1375 1348 1420 impius,
1367 1387 1407 1408 ne
1422 1375 1532 1408 videat
1548 1377 1689 1421 qloriam
1707 1377 1780 1410 Dei.

193 1433 437 1465 Humanitatem
455 1433 633 1475 videbunt,
652 1437 688 1465 ut
704 1433 856 1473 timeant3
869 1432 1076 1465 divinitatem
1094 1444 1171 1465 vero
1183 1444 1266 1474 non,
1280 1443 1320 1465 ne
1335 1433 1510 1475 gaudeant.
1524 1434 1685 1468 Divinitas
1694 1434 1783 1468 enim

194 1491 262 1523 sine
278 1491 397 1533 gaudio
414 1490 517 1523 videri
534 1502 599 1523 non
616 1494 730 1535 potest.

239 1549 301 1581 Sed
317 1560 391 1581 cum
408 1548 442 1581 in
459 1548 563 1581 fornia
578 1548 724 1581 humana
738 1553 861 1581 constet
877 1560 951 1581 eum
968 1549 1212 1592 appariturum,
1232 1549 1392 1593 quaeritur
1407 1561 1448 1581 an
1468 1549 1503 1581 in
1522 1550 1628 1583 forma
1642 1550 1699 1583 illa
1714 1550 1784 1593 glo-

196 1607 280 1639 riosa
294 1610 466 1650 appareat,
484 1606 567 1638 siout
583 1617 656 1638 vere
671 1609 717 1638 est
732 1631 739 1646 ‚
757 1618 798 1638 an
814 1606 846 1637 in
871 1606 975 1638 forma
996 1606 1101 1649 qualis
1117 1606 1150 1638 in
1168 1606 1315 1649 passione
1331 1606 1448 1639 extitit.
1467 1606 1609 1646 Quidam
1633 1611 1750 1651 putant
1765 1619 1784 1640 a

197 1664 289 1696 malis
305 1664 403 1696 talem
420 1663 523 1696 videri
537 1690 544 1704 ,
561 1664 692 1707 qualem
709 1663 944 1695 crucifixerunt
956 1689 964 1703 ‚
983 1663 1013 1695 id
1030 1668 1093 1705 est,
1112 1664 1282 1696 infirmum
1298 1690 1305 1704 ‚
1322 1664 1400 1707 quia
1415 1664 1493 1696 dicit
1509 1664 1677 1708 Scriptura
1691 1671 1701 1686 ²
1719 1677 1726 1696 2
1747 1669 1784 1697 ut

196 1721 328 1754 videant
344 1722 379 1753 z'n
395 1733 489 1765 quem
504 1727 726 1765 pupuyerunt.
745 1721 807 1753 Sed
823 1725 932 1764 aperte
951 1721 1159 1763 Augustinus
1172 1721 1249 1753 dicit
1270 1721 1409 1753 formam
1427 1722 1512 1753 servi
1529 1722 1745 1764 glorificatam
1760 1733 1779 1754 a

196 1779 289 1811 bonis
303 1782 333 1812 et
347 1790 366 1811 a
383 1779 476 1811 malis
492 1784 568 1811 tunc
583 1778 685 1811 videri
704 1778 748 1810 sic
761 1781 770 1796 ⁵³
790 1790 796 1809 z
818 1791 833 1808 α
851 1779 933 1810 Cum
958 1778 992 1810 in
1011 1778 1114 1810 forma
1128 1779 1213 1810 servi
1228 1779 1412 1821 glorificata
1423 1779 1626 1823 judicantem
1641 1779 1784 1813 viderint

195 1837 270 1869 honi
286 1840 316 1869 et
332 1837 408 1869 mali
423 1863 430 1877 ‚
450 1837 581 1869 tolletur
601 1836 722 1880 impius
748 1840 782 1868 ut
808 1847 873 1868 non
902 1835 1010 1868 videat
1031 1836 1211 1868 claritatem
1236 1836 1293 1868 Dei
1309 1862 1316 1877 ‚
1332 1848 1397 1880 qua
1422 1837 1509 1869 Deus
1523 1841 1591 1878 est,
1609 1848 1708 1881 quam
1723 1837 1781 1870 soli

195 1894 317 1926 mundo
332 1894 426 1926 corde
438 1894 614 1935 videbunt,
631 1894 716 1938 qnod
734 1894 795 1925 erit
810 1893 855 1925 eis
872 1894 936 1925 vita
952 1898 1082 1926 aeterna.
1101 1893 1220 1926 Forma
1234 1904 1310 1935 ergo
1326 1893 1473 1927 humana
1487 1894 1521 1926 in
1532 1894 1660 1928 Christo
1674 1895 1782 1938 glori—

195 1951 288 1984 ficata
304 1951 472 1984 videbitur
487 1963 505 1983 a
526 1951 675 1984 cunctis:
701 1951 788 1983 unde
811 1956 841 1983 et
865 1950 1012 1984 Christus
1036 1951 1156 1983 dicitur
1176 1951 1405 1994 judicaturus,
1424 1953 1504 1995 quia
1527 1952 1618 1984 filius
1640 1952 1782 1986 hominis

194 2013 251 2041 est.
280 2010 326 2041 Ita
347 2009 434 2041 enim
456 2009 577 2051 legitur
600 2009 633 2041 in
653 2009 829 2051 Evangelio
843 2008 1020 2041 Joanniw:
1039 2009 1084 2040 Ee
1094 2014 1295 2052 potestatem
1320 2008 1411 2041 dedit
1431 2009 1460 2042 ei
1471 2009 1640 2052 judicium
1649 2011 1780 2054 facere,

195 2067 271 2110 quia
285 2067 377 2110 filius
392 2066 536 2099 hominis
552 2072 599 2098 est
611 2079 620 2103 ,·
635 2078 702 2099 non
717 2066 806 2110 quod
821 2066 888 2110 ipse
903 2077 942 2097 ex
959 2066 1079 2098 virtute
1094 2066 1235 2098 hominis
1250 2066 1289 2098 sit
1302 2066 1530 2110 judicaturus,
1547 2068 1598 2100 vel
1614 2068 1703 2112 quod
1715 2068 1783 2113 ipse

196 2124 283 2156 solus
307 2125 375 2156 sine
399 2124 495 2156 Patre
517 2128 549 2156 et
563 2124 689 2168 Spiritu
705 2127 814 2156 sancto
830 2123 1043 2167 sitjudieium
1061 2123 1223 2165 facturus,
1241 2124 1294 2156 sed
1319 2124 1396 2168 quia
1420 2124 1486 2168 ipse
1512 2125 1600 2157 solus
1621 2126 1655 2157 in
1677 2126 1783 2158 forma

194 2182 278 2214 servi
291 2182 441 2226 judicans
458 2181 554 2214 bonis
568 2185 598 2213 et
615 2181 707 2214 malis
723 2181 887 2213 videbitur
909 2187 928 2212 ⁵.
948 2182 1029 2213 Cum
1047 2192 1122 2224 ergo
1138 2181 1235 2213 Pater
1258 2192 1322 2213 non
1340 2181 1467 2225 judicat
1487 2193 1689 2226 quemquam
1703 2208 1711 2225 ,
1727 2183 1782 2216 sed

195 2251 290 2272 omne
311 2239 474 2283 judicium
497 2239 585 2272 dedit
608 2239 690 2272 Filio
711 2251 716 2270 :
741 2239 869 2271 nonita
891 2242 937 2270 est
960 2239 1211 2282 intelligendum
1234 2239 1327 2283 quasi
1353 2238 1457 2271 Filius
1483 2239 1570 2272 solus
1591 2240 1735 2284 judicet,
1752 2244 1784 2273 et

195 2308 261 2329 non
280 2297 394 2338 Pater;
411 2297 463 2329 sed
485 2296 563 2341 quia
586 2297 690 2329 fornia
713 2296 787 2328 Filii
814 2296 958 2329 humana
981 2296 1106 2329 cunetis
1130 2296 1164 2328 in
1183 2296 1308 2340 judicio
1330 2297 1518 2341 apparebit,
1535 2308 1601 2330 non
1623 2298 1658 2330 in
1679 2298 1784 2331 forma

195 2354 348 2395 infirma,
369 2354 423 2386 sed
447 2354 599 2397 gloriosa.
625 2354 789 2387 Judicabit
809 2358 918 2387 autem
942 2366 981 2386 ex
1008 2354 1126 2387 virtute
1142 2354 1344 2395 divinitatis,
1365 2366 1430 2387 non
1451 2355 1520 2387 sine
1543 2355 1637 2388 Patre
1659 2360 1690 2388 et
1710 2355 1783 2400 Spi-

196 2413 261 2445 ritu
282 2415 390 2444 sancto
404 2437 412 2452 ‚
429 2416 459 2444 et
475 2412 642 2456 apparebit
665 2412 818 2444 terribilis
842 2412 972 2456 impiis,
990 2416 1022 2444 et
1046 2412 1133 2444 mitis
1151 2412 1259 2456 justis.
1284 2411 1355 2444 Erit
1380 2412 1467 2444 enim
1494 2417 1596 2445 terror
1618 2413 1712 2446 malis
1727 2439 1735 2455 ,
1753 2418 1786 2446 et

194 2469 308 2502 lumen
325 2469 433 2514 justis.
451 2482 467 2499 »

240 2528 280 2561 Et
294 2527 377 2560 siout
396 2526 515 2559 dicitur
534 2526 680 2559 Christus
699 2527 879 2560 secundum
903 2528 1041 2560 formam
1057 2527 1142 2560 servi
1159 2527 1367 2571 judicaturus
1382 2553 1389 2569 ‚
1407 2531 1539 2572 propter
1552 2539 1684 2562 causam
1700 2539 1783 2573 prae-

229 2606 232 2617 ¹
247 2605 303 2633 Isti„
321 2609 391 2632 xxvl,
405 2603 441 2632 10,
458 2602 596 2626 secundum
611 2608 670 2625 Lxx.
724 2603 731 2615 ³
744 2603 828 2632 Αἶνον..
845 2609 862 2628 ι,
877 2604 899 2625 Ἰ.
916 2618 935 2619 ψ
956 2604 963 2616 ³
981 2606 1032 2633 Aug
1047 2621 1052 2631 ,
1068 2604 1158 2627 Eam-r,
1177 2604 1200 2625 ιἰι
1218 2603 1256 2626 Px.
1272 2609 1363 2633 xlxiii,
1378 2611 1454 2627 serm.
1474 2607 1493 2633 t,
1510 2611 1535 2627 n.
1551 2605 1579 2634 53
1596 2606 1620 2627 ιἰι
1633 2605 1674 2628 Ps.
1687 2610 1784 2635 Lxxxv,

196 2645 219 2662 n.
236 2640 275 2667 21,
291 2638 373 2668 quoad
390 2644 502 2661 sensum.
516 2638 658 2663 -ssJ01m.,
680 2643 704 2667 v,
726 2638 762 2660 27.
774 2650 802 2653 —
823 2639 831 2653 ὓ
849 2640 922 2668 Aug..
942 2647 965 2661 ιιι
982 2639 1063 2668 down,
1080 2640 1152 2662 tract.
1175 2644 1233 2669 xxi,
1251 2645 1277 2661 n.
1297 2640 1333 2668 13,
1357 2641 1398 2668 ιἰς
1421 2640 1494 2662 tract.
1511 2645 1580 2669 xxu,
1599 2646 1624 2663 n.
1644 2641 1684 2668 Η,
1700 2640 1783 2672 quoad

196 2679 307 2697 sensum.

1822 602 1867 622 περ.
1879 596 1905 616 ad

1802 629 1821 648 3.
1833 628 1859 648 ad
1869 634 1905 654 op.
