1991 3006
53 1521 155 1542 Fundam,

637 230 731 261 DIST.
754 229 841 261 XLV.
864 229 954 260 ART.
979 229 1031 260 ΙΙΙ.
1053 227 1201 266 QUAEST.
1226 228 1279 258 ΙΙΙ.

167 298 288 330 Sanctis
302 297 502 334 exaudietur,
517 297 542 327 si
558 306 622 327 non
635 299 682 327 est
694 297 822 336 dignus,
836 297 929 327 etiam

166 361 238 382 cum
254 350 376 381 Sanctis
390 360 454 381 000
471 350 670 388 exaudietur,
687 359 744 380 nec
759 349 862 380 Sancti
879 358 929 379 ro·

166 405 288 443 gabunt
306 413 360 443 pro
374 404 461 443 ipso:
478 413 566 442 ergo,
583 406 640 434 etc.

206 459 236 487 2.
249 456 326 486 Item
341 457 440 487 oratio
451 458 497 486 est
510 456 627 495 species
641 455 760 486 latriae:
777 455 831 485 sed
842 454 933 484 latria

166 512 212 540 est
231 509 335 539 cultus
351 509 407 539 soli
427 509 488 539 Deo
504 509 626 539 debitus
642 519 648 538 :
672 517 750 547 ergo
763 508 863 538 oratio
879 508 934 537 de-

166 562 217 592 bet
231 562 299 592 fieri
319 561 376 592 soli
398 563 471 591 Deo.
496 561 527 592 Si
547 561 630 591 dicas
651 561 734 600 quod
752 563 797 591 est
816 561 934 599 species

167 624 231 645 non
250 616 374 644 tantum
390 614 504 651 latriae,
533 614 584 644 sed
604 614 699 644 etiam
719 614 812 644 duliae
828 623 835 643 z
857 622 934 652 ergo

167 667 193 697 si
209 668 312 706 magis
329 667 366 706 (a)
384 667 535 697 debemus
547 667 704 697 honorare
721 668 867 705 majores,
884 666 932 696 vi-

167 720 257 750 detur
277 719 361 759 quod
383 719 465 749 male
488 720 559 750 tacit
578 719 633 759 qui
652 719 822 749 instantius
842 720 934 757 rogat

167 773 322 803 minores:
340 774 370 802 et
385 772 445 803 hoc
467 772 592 803 videtur
615 772 757 809 stultitia,
776 772 850 811 quia
867 781 934 802 ma-

164 827 250 865 jores
274 825 395 862 Sancti,
427 827 462 855 ut
486 825 576 856 beata
602 825 717 864 Virgo,
746 825 937 864 potentiores

168 880 241 908 sunt
256 878 289 908 in
301 879 469 917 conspectu
484 878 548 908 Dei.

210 933 238 961 3.
260 931 337 961 Item
362 931 442 961 Deus
467 934 513 961 est
536 930 629 961 nobis
652 930 884 961 misericordior
909 933 939 960 et

170 983 365 1023 praesentior,
381 992 477 1022 quam
494 983 608 1022 aliquis
622 983 774 1013 Sanctus:
792 983 844 1013 sed
860 983 937 1013 stul-

171 1038 221 1066 tus
235 1038 315 1066 esset
327 1036 382 1074 qui
396 1038 500 1074 posset
514 1035 599 1065 adIre
613 1044 735 1073 regem,
754 1037 785 1065 et
798 1035 939 1065 invenire

170 1088 391 1126 benigniorem
409 1097 506 1127 quam
526 1088 719 1127 principem,
742 1088 817 1127 qui,
833 1088 939 1118 relicto

171 1150 258 1180 rege,
276 1141 375 1171 adiret
389 1141 564 1180 principem
579 1149 585 1170 :
600 1150 691 1180 ergo,
707 1143 764 1171 etc.

210 1196 240 1224 4.
258 1193 335 1224 Item
356 1193 459 1224 Sancti
481 1196 555 1224 sunt
578 1194 670 1224 nobis
691 1194 856 1224 absentes:
886 1193 940 1224 sed

170 1246 283 1276 stultus
298 1246 409 1285 estqui
421 1246 541 1276 absenti
557 1246 715 1286 loquitur:
732 1256 810 1286 ergo
826 1247 941 1277 stultus

171 1302 217 1329 est
238 1299 293 1338 qui
313 1308 332 1329 a
350 1298 473 1329 Sanctis
490 1298 608 1338 aliquid
624 1300 710 1339 petit.
738 1299 831 1330 Forte
847 1299 939 1337 dices,

172 1353 255 1392 quod
267 1352 326 1392 ipsi
340 1352 448 1382 vident
463 1351 494 1381 in
508 1351 586 1388 Deo;
600 1354 721 1383 contra:
740 1353 854 1392 Angeli
871 1361 944 1392 por—

172 1407 239 1436 tant
254 1405 441 1445 petitiones:
466 1404 519 1435 sed
539 1405 564 1434 si
586 1405 763 1436 relucerent
778 1406 810 1436 in
828 1405 939 1443 Verbo,

172 1459 288 1488 frustra
303 1460 483 1497 portarent:
501 1467 591 1497 ergo,
607 1461 665 1489 etc.

213 1511 344 1542 Contra:
369 1510 430 1541 Nos
450 1511 603 1541 debemus
622 1511 752 1542 Sanctos
772 1512 824 1542 Dei
840 1513 941 1543 11000-

173 1573 263 1594 rare:
280 1564 334 1594 sed
350 1564 404 1603 qui
418 1566 486 1594 orat
500 1563 650 1603 aliquem,
667 1564 772 1604 ipsum
788 1565 940 1596 honorat:

173 1626 264 1656 ergo,
282 1619 340 1648 etc.

214 1670 290 1700 Item
317 1669 388 1708 plus
414 1672 544 1709 possunt
572 1670 677 1701 Sancti
708 1671 743 1701 10
765 1671 853 1701 curia
878 1671 942 1709 Dei,

174 1732 271 1763 quam
295 1723 393 1762 aliqui
417 1723 573 1763 principes
596 1725 627 1754 in
651 1725 739 1754 curia
760 1725 867 1763 regis:
892 1724 945 1754 sed

175 1776 323 1816 sapientis
350 1778 397 1805 est
425 1775 581 1806 volentem
606 1777 775 1816 impetrare
801 1777 833 1806 in
859 1777 946 1807 curia

175 1829 273 1868 regis,
289 1828 447 1868 deprecari
462 1829 637 1868 principes:
658 1838 749 1869 ergo,
768 1832 826 1859 etc.

215 1881 293 1913 Item
317 1882 376 1912 hoc
399 1882 471 1912 facit
493 1883 704 1913 communiter
731 1883 890 1913 Ecclesia:
917 1884 947 1913 et

175 1937 294 1966 constat
307 1935 392 1975 quod
407 1944 471 1965 non
486 1938 570 1966 errat
583 1947 589 1966 ε
607 1945 696 1975 ergo,
713 1938 770 1966 etc.

450 2055 672 2087 CONCLUSIO.

178 2143 290 2170 Sanctos
317 2149 411 2176 rogare
438 2149 483 2168 nos
510 2142 567 2168 vult
594 2143 662 2169 Deus
690 2144 800 2177 propter
825 2144 946 2176 inopiam

211 2188 329 2213 nostram
352 2187 381 2212 in
408 2186 542 2218 merendo,
569 2188 598 2212 in
627 2187 841 2221 contemplando,
869 2190 891 2213 et
920 2188 949 2213 z‘n

214 2230 337 2261 amando,
351 2232 462 2264 propter
475 2231 634 2257 Sanctorum
648 2232 778 2264 qloriam,
802 2232 879 2264 atque
901 2231 949 2257 Dei

214 2275 396 2301 reverentiam.

221 2359 312 2399 Resp.
335 2359 373 2390 ad
392 2368 463 2398 arg.
488 2359 660 2390 Dicendum
682 2360 765 2400 quod
790 2360 871 2391 Deus
895 2361 950 2391 de-

182 2413 279 2444 crevit
293 2415 324 2443 et
337 2412 437 2443 voluit
451 2413 534 2453 quod
549 2412 677 2444 Sanctos
691 2422 880 2452 rogaremus
896 2414 949 2443 tri-

183 2466 254 2506 plici
269 2474 309 2496 ex
322 2475 432 2503 causa,
448 2466 564 2496 scilicet
581 2469 707 2506 propter
721 2469 862 2497 nostram
879 2467 950 2497 ino-

183 2519 283 2558 piam,
301 2518 489 2550 Sanctorum
504 2519 656 2558 gloriam,
673 2521 703 2549 et
725 2519 776 2549 Dei
797 2528 950 2550 reveren-

183 2572 270 2602 tiam.

217 2635 250 2663 (a)
264 2634 324 2657 Coet.
339 2633 397 2656 edit.
409 2633 448 2656 Ιιίε
463 2633 512 2656 (ald
536 2637 587 2663 est,
605 2634 652 2657 vel,

1698 227 1749 255 521

1029 299 1058 326 1.
1073 295 1204 334 Propter
1214 294 1353 333 inopiam
1364 294 1397 323 in
1408 294 1569 331 merendo,
1578 295 1613 323 ut
1622 293 1677 323 ubi
1688 300 1757 322 nos-

987 352 1035 380 tra
1045 358 1108 379 000
1119 350 1290 388 suppetunt
1302 347 1423 384 merita,
1436 346 1671 386 patrocinentur
1680 345 1757 375 alie-

988 413 1044 440 na;
1059 404 1185 442 propter
1197 401 1337 440 inopiam
1349 400 1381 429 in
1393 399 1645 439 contemplando,
1658 398 1757 438 utqui

989 465 1051 485 non
1074 462 1242 494 possumus
1260 462 1418 483 summam
1442 453 1544 482 lucem
1565 452 1703 491 aspicere
1724 451 1757 481 in

989 518 1032 546 se,
1045 517 1115 538 eam
1126 507 1234 537 saltem
1248 507 1430 536 intueamur
1446 506 1478 535 in
1492 505 1619 542 sanctis;
1633 506 1758 543 propter

990 562 1129 601 inopiam
1152 562 1184 590 in
1212 560 1365 596 amando,
1392 559 1466 598 quia
1492 559 1587 588 miser
1612 558 1706 588 homo
1727 566 1759 587 se

992 615 1093 653 magis
1122 614 1216 644 sentit
1245 613 1327 643 affici
1351 612 1435 641 circa
1461 620 1561 641 unum
1588 609 1757 647 Sanctum,

991 677 1088 707 quam
1114 667 1210 697 etiam
1232 666 1315 696 circa
1337 665 1457 694 Deum:
1483 664 1551 693 ideo
1579 671 1760 702 compassus

992 722 1107 750 nostrae
1123 719 1237 758 inopiae
1253 717 1354 749 voluit
1368 726 1426 747 nos
1438 726 1553 755 rogare
1564 716 1704 747 Sanctos.
1717 714 1762 745 Ac

992 782 1048 813 per
1068 773 1127 802 hoc
1149 774 1233 812 patet
1254 771 1417 811 primum,
1439 770 1513 809 quia
1536 769 1586 798 ille
1611 768 1665 807 qui
1691 769 1763 798 ante

993 828 1058 855 erat
1068 825 1221 864 indignus
1236 825 1273 854 de
1286 833 1329 861 se,
1339 823 1481 862 rogando
1497 822 1639 858 Sanctos,
1649 829 1762 851 eorum

994 878 1166 917 patrocinio
1181 878 1316 907 efficitur
1331 876 1459 915 dignus,

1035 934 1064 961 ⁹2.
1088 930 1231 961 Secunda
1255 939 1351 960 causa
1372 931 1417 960 est
1441 928 1627 959 Sanctorum
1645 926 1763 965 gloria,

995 985 1070 1024 quia
1085 984 1165 1014 Deus
1176 983 1244 1014 vult
1257 983 1385 1014 Sanctos
1400 991 1472 1012 5005
1489 981 1682 1020 glorificare;
1698 978 1767 1008 vult

995 1046 1052 1077 per
1079 1046 1132 1067 eos
1156 1036 1309 1066 miracula
1335 1036 1435 1065 facere
1456 1035 1487 1064 in
1511 1032 1712 1072 corporibus,
1736 1033 1766 1061 et

996 1090 1130 1120 salutem
1147 1090 1180 1119 iu
1195 1089 1373 1125 animabus,
1390 1090 1425 1118 ut
1440 1088 1523 1126 ipsos
1536 1086 1719 1121 laudemus;
1737 1086 1767 1114 et

996 1143 1056 1173 1100
1077 1151 1141 1173 1100
1161 1144 1283 1172 tantum
1301 1150 1355 1180 per
1375 1148 1540 1180 supremos
1553 1139 1697 1175 Sanctos,
1714 1138 1768 1168 sed

997 1197 1092 1226 etiam
1119 1196 1260 1225 intimos:
1289 1194 1372 1224 unde
1394 1194 1474 1223 sicut
1499 1192 1613 1231 aliquis
1639 1193 1769 1221 sanatur

998 1249 1202 1289 corporaliter
1218 1247 1394 1278 invocando
1410 1246 1536 1283 Linum,
1553 1247 1583 1275 et
1600 1254 1663 1274 000
1682 1244 1770 1274 invo-

999 1303 1097 1332 cando
1114 1301 1258 1338 Petrum,
1275 1300 1355 1330 alius
1368 1309 1385 1330 0
1405 1307 1573 1335 converso,
1596 1298 1639 1327 sic
1659 1300 1688 1328 et
1704 1297 1767 1336 spi-

998 1355 1164 1386 ritualiter.
1181 1353 1218 1384 Et
1233 1353 1276 1383 510
1292 1354 1377 1392 patet
1392 1351 1582 1388 secundum,
1598 1351 1673 1390 quia
1690 1350 1770 1380 Deus

999 1409 1067 1439 vult
1082 1408 1235 1437 honorem
1252 1406 1346 1436 duliae
1361 1405 1510 1436 omnibus
1525 1404 1647 1435 Sanctis
1661 1403 1740 1433 dari.

1040 1464 1068 1492 3.
1085 1460 1189 1491 Tertia
1204 1468 1299 1490 causa
1313 1461 1359 1489 est
1376 1459 1427 1488 Dei
1443 1457 1629 1494 reverentia,
1647 1458 1681 1486 ut
1696 1465 1770 1495 pec-

1000 1517 1096 1551 cator,
1114 1514 1167 1553 qui
1184 1513 1285 1543 Deum
1308 1511 1439 1542 offendit
1451 1535 1458 1548 ,
1473 1510 1560 1550 quasi
1579 1519 1643 1540 non
1658 1509 1772 1540 audeat

1000 1568 1099 1597 Deum
1117 1567 1151 1596 in
1169 1566 1294 1605 propria
1311 1573 1445 1604 persona
1460 1563 1545 1593 adire
1556 1587 1563 1600 ,
1579 1563 1632 1592 sed
1653 1562 1770 1592 amico-

1000 1629 1074 1651 rum
1107 1619 1316 1659 patrocinium
1345 1617 1523 1656 implorare.
1554 1615 1591 1646 Et
1619 1615 1662 1645 sic
1690 1616 1774 1654 patet

1001 1674 1131 1705 tertium
1147 1673 1318 1711 objectum,
1330 1671 1405 1710 quia
1419 1670 1538 1699 bonum
1549 1670 1595 1699 est
1604 1667 1773 1707 aliquando

1002 1736 1021 1757 a
1035 1726 1097 1757 Deo
1114 1725 1233 1755 resilire
1248 1726 1375 1763 propter
1389 1721 1612 1753 reverentiam.

1042 1782 1072 1809 [1.
1098 1777 1146 1808 Ad
1163 1776 1240 1807 illud
1266 1778 1373 1812 autem
1398 1775 1482 1814 quod
1506 1774 1664 1812 objicitur,
1690 1772 1773 1812 quod

1003 1834 1077 1862 sunt
1095 1831 1256 1867 absentes,
1283 1828 1450 1859 dicendum
1466 1827 1641 1857 secundum
1656 1826 1772 1865 Magis-

1004 1887 1106 1922 trum,
1137 1884 1222 1923 quod
1247 1882 1429 1913 revelantur
1457 1890 1475 1911 a
1499 1880 1600 1910 Verbo
1628 1882 1772 1918 eatenus,

1003 1939 1158 1977 quatenus
1172 1935 1298 1975 expedit
1313 1934 1405 1965 saluti
1427 1935 1552 1964 nostrae.
1570 1933 1608 1963 Et
1627 1933 1709 1972 quod
1725 1933 1773 1963 di-

1003 1990 1086 2020 citur
1105 1989 1142 2019 de
1162 1987 1298 2026 angelis,
1316 1986 1400 2026 quod
1415 1986 1554 2017 offerunt
1569 1985 1630 2015 Deo
1648 1985 1775 2024 petitio-

1005 2052 1060 2073 nes
1076 2044 1212 2079 nostras,
1229 2041 1289 2070 hoc
1305 2040 1431 2077 dicitur,
1448 2039 1523 2078 quia
1538 2038 1643 2077 ipsum
1659 2047 1776 2068 00050-

1004 2097 1075 2126 lunt
1102 2103 1197 2134 super
1222 2093 1426 2133 petitionibus
1454 2091 1571 2122 nostris
1582 2114 1590 2128 ,
1615 2092 1651 2121 ut
1676 2091 1776 2121 sciant

1005 2149 1140 2189 qualiter
1154 2156 1232 2186 erga
1244 2155 1301 2177 nos
1315 2145 1451 2176 debeant
1468 2144 1657 2174 ministrare.
1675 2143 1708 2174 Si
1721 2153 1777 2174 au-

1006 2204 1069 2232 tem
1084 2202 1245 2240 quaeratur
1259 2199 1394 2239 qualiter
1410 2198 1481 2237 quis
1504 2198 1627 2228 invocet
1646 2197 1774 2227 beatum

1007 2254 1150 2290 Petrum,
1168 2262 1240 2283 cum
1263 2253 1303 2282 sit
1324 2253 1485 2287 mortuus,
1505 2250 1674 2280 dicendum
1690 2250 1776 2290 quod

1006 2308 1170 2338 invocatur
1180 2306 1308 2345 spiritus
1319 2304 1419 2335 Petri:
1435 2306 1464 2334 et
1479 2303 1632 2343 quoniam
1645 2303 1775 2342 spiritus

1006 2360 1102 2391 habet
1119 2368 1187 2389 esse
1205 2358 1381 2397 gloriosum
1397 2359 1428 2386 et
1445 2356 1631 2395 perfectum3
1650 2355 1719 2385 ideo
1735 2363 1774 2385 00

1008 2413 1174 2443 videamur
1188 2411 1257 2450 ejus
1271 2410 1407 2449 gloriam
1422 2408 1610 2444 diminuere,
1625 2407 1774 2446 synecdo-

1008 2466 1096 2496 chica
1110 2464 1277 2498 locutione,
1294 2462 1377 2501 quod
1390 2465 1435 2492 est
1453 2460 1557 2498 totIus,
1575 2459 1776 2490 attribuimus

1010 2518 1104 2558 parti;
1126 2517 1176 2548 vel
1198 2515 1409 2553 locutionem,
1433 2523 1528 2554 quam
1550 2513 1718 2551 dirigimus
1735 2512 1775 2542 ad

1009 2570 1160 2606 animam,
1178 2568 1281 2608 potius
1296 2568 1499 2598 attribuimus
1510 2566 1565 2596 toti
1577 2574 1584 2596 z
1596 2566 1627 2596 et
1636 2565 1679 2594 sic
1692 2566 1776 2604 patet

1011 2625 1110 2653 totum
1127 2622 1216 2651 illud.
