1991 3006
752 157 939 189 DISTINCT.
962 156 1053 188 XLII.
1638 157 1695 187 1229

558 305 1023 352 DISTINCTIO
1078 305 1241 349 XLII

105 426 143 448 DE
166 425 332 448 SPIRITUALI
356 424 558 454 COGNATIONE,
579 424 728 449 QUALITER
752 423 915 453 IMPEmAT3
943 423 979 444 ET
1003 423 1094 452 QUOD,
1116 421 1187 443 POST
1212 421 1320 443 PRIMAS
1345 422 1482 452 NUPTIAS,
1504 422 1582 443 ALiAE
1605 421 1697 443 ETIAM

661 475 832 502 SEQUENTES
855 475 915 497 NON
939 476 1134 497 DAMNANTUR.

148 569 197 602 De
218 569 435 613 parentalium
460 569 622 611 graduum
646 568 768 601 famosa
783 567 961 612 quaestione
984 568 1109 612 aliquid
1123 594 1131 610 ,
1149 567 1224 600 licet
1247 567 1360 599 minus
1375 566 1597 607 sufficienter,
1614 566 1696 598 dixi·
1714 577 1743 597 110
1754 577 1819 603 impe-

105 638 190 659 mUS.
207 626 279 659 Jam
294 626 334 658 de
349 626 511 670 spirituali
534 625 718 668 cognitione
734 625 912 664 addamus,
932 636 1005 669 ‹iuae
1028 625 1125 657 etiam
1146 636 1299 669 personas
1321 624 1457 668 impedit
1479 628 1516 656 ut
1539 635 1611 656 non
1634 624 1695 656 sint
1713 608 1819 659 ,ἷξᾉᾞῖἒξζ

105 684 262 727 legitimae
275 684 315 716 ad
332 683 492 716 ineundas
507 684 648 727 nuptias.
667 683 743 715 Tria
764 683 898 727 quidem
912 687 989 715 sunt
1002 709 1009 723 ‚
1026 682 1292 725 consanguinitas
1307 707 1314 722 ,
1331 680 1496 722 affinitas,
1515 681 1698 724 spiritualis
1713 670 1818 721 {¹2⁵,122w22

1727 739 1811 787 {23:133ss

1717 794 1820 844 spir'ilruaq

106 741 315 784 germanitas.
343 741 618 784 Consanguinitas
639 744 685 773 est
713 741 797 773 inter
821 751 893 781 eos,
911 740 968 784 qui
989 740 1179 783 junguntur
1203 739 1384 771 secundum
1411 738 1531 770 lineam
1555 738 1694 780 generis.

107 798 262 831 Affinitas
277 798 362 831 inter
377 810 430 831 eos
445 825 452 839 ,
470 799 527 842 qui
546 809 663 841 genere
679 798 812 842 quidem
836 809 902 830 non
927 802 1004 830 sunt
1026 798 1213 842 conjuncti,
1230 797 1285 829 sed
1308 796 1470 828 mediante
1485 807 1603 838 gfnere
1623 801 1699 828 sunt

104 856 228 897 sociati,
243 856 334 888 verbi
345 856 469 899 gratia:
488 856 578 888 Uxor
589 856 698 888 fratris
713 856 789 897 mei,
800 867 872 899 quae
888 856 927 899 (a)
943 867 1009 887 non
1020 855 1115 888 estde
1130 866 1334 898 generemeo,
1347 865 1404 898 per
1415 854 1521 897 ipsum
1537 853 1593 897 qui
1604 857 1650 885 est
1661 853 1700 885 de

106 924 223 956 genere
239 924 309 945 meo
323 939 331 954 ,
349 913 429 945 mihi
457 913 566 946 affinis
587 913 670 945 facta
685 917 752 954 est,
777 918 807 945 et
830 924 889 956 ego
914 913 976 945 illi.
994 916 1001 930 ¹
1017 913 1206 957 spiritualis
1230 912 1421 956 proximitas
1445 915 1491 944 est
1512 911 1597 943 inter
1614 922 1700 943 com-

108 975 232 1014 patrem
256 975 287 1003 et
308 975 519 1004 commatrem
531 998 539 1011 ,
558 976 588 1003 et
602 971 688 1003 inter
705 982 775 1011 eos,
793 982 935 1014 quorum
959 983 1046 1003 unus
1068 971 1207 1003 alterum
1223 970 1262 1002 de
1277 980 1366 1002 sacro
1382 969 1470 1001 fonte
1490 969 1631 1009 levavit,
1648 968 1700 1000 vel

110 1029 145 1059 in
160 1028 410 1061 catechizatione
424 1055 431 1069 ‚
454 1033 511 1061 aut
526 1028 774 1061 confirmatione
790 1029 905 1060 tenuit.
923 1028 979 1060 Est
993 1028 1089 1060 etiam
1106 1028 1191 1060 inter
1206 1027 1292 1059 filios
1311 1026 1456 1070 ejusdem
1477 1026 1619 1059 hominis
1633 1037 1701 1058 car-

110 1085 200 1118 nales
214 1090 245 1118 et
258 1085 454 1129 spirituales.

156 1143 350 1187 Spirituales
373 1143 434 1175 filii
455 1148 548 1184 sunt,
574 1155 656 1188 quos
677 1144 716 1176 de
735 1155 824 1176 sacro
845 1143 932 1176 fonte
953 1144 1120 1184 lemnam,
1138 1144 1190 1176 vel
1211 1144 1245 1176 in
1263 1143 1530 1182 catechizatione,
1549 1153 1607 1175 seu
1625 1153 1700 1175 con·
1716 1152 1754 1188 ou}
1780 1153 1819 1188 5³¹3·

116 1200 300 1233 firmatione
319 1205 479 1234 tenemus.
501 1201 578 1233 Filii
600 1201 696 1233 etiam
713 1205 743 1233 et
759 1201 836 1233 filiae
855 1201 1039 1245 spirituales
1061 1212 1175 1234 eorum
1198 1207 1274 1234 sunt
1289 1203 1313 1243 ²,
1331 1201 1388 1244 qui
1414 1201 1506 1233 trinae
1531 1199 1701 1232 mersionis
1716 1186 1821 1235 niiiuiss'sib

113 1258 272 1291 vocabulo
287 1269 340 1291 eos
354 1270 443 1291 sacro
459 1259 651 1302 baptismate
674 1259 817 1301 tingunt.
835 1258 961 1291 Dicitur
977 1259 1073 1291 etiam
1099 1259 1310 1302 spiriritualis
1331 1258 1400 1290 filia
1421 1258 1611 1297 sacerdotis,
1627 1268 1701 1301 quae

114 1316 143 1348 ei
155 1320 283 1359 peccata
297 1327 355 1348 sua
370 1316 554 1348 confitetur.
573 1316 666 1349 Unde
689 1316 906 1360 Symmachus
927 1316 1014 1360 Papa
1025 1320 1034 1336 ³
1050 1329 1056 1348 :
1073 1330 1089 1347 ι(
1112 1316 1233 1349 Omnes
1247 1328 1329 1360 qnos
1349 1316 1382 1348 in
1399 1316 1589 1360 poenitentia
1603 1315 1701 1348 susci-

113 1373 242 1417 pimus,
260 1373 304 1406 ita
319 1374 423 1406 nostri
439 1374 624 1417 spirituales
648 1378 724 1406 sunt
740 1374 821 1415 filii,
846 1378 882 1406 ut
907 1374 968 1418 ipsi
990 1385 1072 1418 qnos
1095 1374 1145 1406 vel
1172 1374 1265 1406 nobis
1279 1374 1552 1417 suscipientibus,
1570 1373 1621 1405 vel
1640 1373 1701 1405 sub

111 1431 207 1463 trinae
225 1431 395 1463 mersionis
416 1431 575 1463 vocabulo
597 1431 820 1474 mergentibus
836 1458 843 1471 ,
863 1431 950 1464 unda
970 1431 1124 1476 baptismi
1149 1432 1363 1474 regeneravit.
1391 1444 1407 1461 >v
1425 1431 1590 1474 Sylvester
1604 1431 1701 1463 etiam

112 1487 284 1528 admonet,
298 1493 331 1520 ut
349 1488 388 1520 ad
405 1500 496 1520 suam
513 1488 614 1520 filiam
630 1489 888 1532 poenitentialem
906 1489 1020 1521 nullus
1033 1489 1180 1521 sacerdos
1199 1489 1328 1521 accedat
1342 1515 1349 1529 ,
1367 1489 1445 1532 quia
1459 1489 1616 1532 scriptum
1633 1492 1679 1520 est
1693 1500 1698 1519 :

114 1544 259 1577 «Omnes
274 1557 355 1589 quos
371 1545 404 1577 in
422 1545 611 1588 poenitentia
625 1546 801 1590 accipimus
817 1546 861 1578 ita
877 1546 978 1578 nostri
993 1546 1052 1578 filii
1068 1551 1157 1587 sunt,
1170 1550 1205 1578 ut
1216 1546 1250 1578 in
1266 1546 1425 1590 baptismo
1440 1546 1579 1590 suscepti
1599 1558 1605 1578 :
1623 1557 1702 1590 quo-

111 1613 185 1635 rum
200 1603 350 1635 omnium
369 1603 529 1646 flagitiosa
544 1608 591 1635 est
606 1603 805 1636 commixtio.
821 1616 836 1632 n
856 1603 950 1642 Quod
966 1608 1075 1635 autem
1094 1608 1269 1648 compater,
1287 1608 1317 1636 et
1332 1608 1509 1637 commater
1529 1604 1591 1636 sibi
1604 1603 1703 1647 jungi

111 1665 294 1704 nequeant,
331 1672 389 1693 nec
414 1666 505 1704 pater
528 1661 707 1705 spiritualis
731 1673 790 1694 nec
815 1665 936 1702 mater,
974 1661 1049 1694 filim
1083 1662 1134 1694 vel
1169 1661 1239 1694 filio
1271 1662 1433 1705 spirituali
1448 1688 1456 1703 ,
1494 1673 1532 1693 ex
1567 1661 1703 1693 concilio

110 1717 354 1761 Moguntinensi
366 1725 393 1750 ⁶:
409 1719 479 1751 «De
489 1730 544 1760 eo,
561 1719 648 1763 quod
664 1719 890 1762 interrogasti,
905 1719 931 1751 si
949 1719 1069 1763 aliquis
1084 1719 1220 1751 filiolam
1238 1731 1331 1751 suam
1345 1719 1475 1751 duxerit
1492 1719 1527 1750 in
1543 1729 1678 1751 uxoren]
1690 1745 1698 1758 ,

110 1776 194 1808 etde
209 1787 246 1808 eo
262 1776 319 1819 qui
332 1776 508 1809 concubuit
526 1788 601 1825 cum
625 1781 726 1809 matre
747 1777 934 1821 spirituali,
952 1782 982 1809 ct
998 1777 1035 1809 de
1051 1788 1088 1809 eo
1114 1777 1172 1820 qui
1197 1776 1305 1809 filium
1331 1788 1429 1809 suum
1452 1776 1647 1820 baptizavit,
1672 1780 1703 1807 et

110 1844 194 1865 uxor
208 1833 277 1877 ejus
292 1844 365 1866 eum
382 1834 421 1866 de
437 1834 525 1866 fonte
540 1835 698 1878 suscepit,
716 1834 775 1866 hac
792 1845 889 1866 causa
910 1838 947 1866 ut
965 1834 1134 1866 dissidium
1157 1834 1249 1866 lieret
1263 1834 1427 1878 conjugii,
1445 1834 1472 1866 si
1495 1837 1565 1878 post
1587 1834 1621 1865 in
1644 1833 1700 1865 tali

109 1891 315 1934 copulatione
330 1891 452 1934 possint
468 1904 674 1935 permancre;
693 1892 737 1924 sie
755 1892 1017 1936 respondendum
1034 1896 1080 1924 est
1094 1904 1100 1923 z
1115 1892 1148 1923 Si
1161 1891 1297 1924 filiolam
1311 1896 1368 1924 aut
1383 1896 1592 1924 commatrem
1608 1902 1700 1923 suam

110 1948 230 1991 aliquis
244 1948 277 1980 in
292 1948 482 1992 conjuginm
499 1949 650 1991 duxerit,
668 1950 864 1994 separandos
884 1961 950 1982 esse
967 1950 1173 1993 judicamus,
1190 1953 1220 1981 et
1242 1950 1334 1992 gravi
1356 1949 1546 1993 poenitentia
1560 1949 1701 1993 plecten-

109 2005 177 2037 dos.
195 2005 230 2037 Si
248 2017 324 2038 vero
338 2006 492 2050 conjuges
507 2007 661 2049 legitimi,
682 2008 731 2040 vel
748 2019 834 2040 unus
847 2034 854 2048 ,
872 2007 924 2040 vel
939 2007 1036 2040 ambo
1053 2019 1093 2039 ex
1112 2007 1275 2039 industria
1289 2007 1349 2039 hoc
1365 2007 1519 2048 fecerint,
1539 2010 1575 2038 nt
1592 2006 1700 2038 filium

109 2074 206 2095 suum
222 2063 260 2095 de
275 2063 363 2095 fonte
380 2064 590 2108 susciperent,
607 2065 633 2096 si
646 2065 778 2108 innupti
796 2076 926 2097 manere
942 2065 1128 2103 voluerint,
1148 2065 1272 2097 bonum
1291 2068 1355 2105 cst3
1373 2064 1425 2096 sin
1442 2068 1552 2096 autem
1567 2090 1574 2105 ,
1591 2064 1701 2106 gravis

108 2120 300 2164 poenitentia
314 2121 498 2154 insidiatori
518 2121 726 2165 injungatur,
738 2127 767 2155 ct
783 2123 883 2155 simul
899 2127 1053 2155 maneant
1071 2135 1077 2154 :
1096 2127 1127 2155 et
1141 2122 1165 2154 si
1184 2122 1414 2166 praevaricator
1426 2121 1573 2165 conjugii
1589 2132 1701 2165 super-

108 2177 243 2219 vixerit,
260 2178 417 2210 aeerrima
438 2179 630 2222 poenitentia
652 2180 847 2220 mulctetur,
867 2185 897 2213 et
912 2180 981 2212 sine
1001 2192 1055 2224 spe
1071 2179 1217 2223 conjugii
1233 2184 1373 2212 mancat.
1388 2193 1403 2210 »
1423 2180 1471 2211 Ex
1487 2179 1536 2211 liis
1551 2184 1697 2223 apparot,

109 2235 197 2279 quod
213 2235 333 2278 aliquis
349 2235 485 2268 filiolam
502 2248 594 2268 suam
620 2237 671 2269 vel
696 2242 907 2270 commatrem
934 2249 999 2270 non
1023 2241 1125 2281 potest
1140 2237 1201 2269 sibi
1219 2237 1373 2281 copulare
1397 2236 1587 2281 nuptialiter
1605 2249 1611 2269 :
1629 2242 1659 2269 et
1674 2237 1701 2269 si

109 2296 344 2336 praesumptum
363 2293 477 2334 fuerit,
494 2294 665 2337 separandi
684 2299 771 2326 sunt.
789 2294 853 2333 Qui
877 2299 985 2327 antem
1002 2294 1146 2337 legitime
1162 2294 1327 2338 conjuncti
1343 2299 1431 2336 sunt,
1450 2306 1515 2327 non
1529 2295 1602 2327 ideo
1611 2306 1702 2339 sepa-

109 2350 203 2382 randi
218 2354 315 2391 sunt,
333 2350 413 2394 quia
434 2350 515 2383 alter
534 2362 647 2383 eorum
672 2351 825 2385 insidiose
842 2352 948 2385 tilium
973 2352 1012 2384 de
1035 2353 1122 2384 fonte
1151 2351 1281 2384 levavit.
1308 2352 1402 2390 Quod
1427 2352 1524 2385 ctiam
1548 2352 1702 2385 Nicolaus

110 2407 299 2449 confirmat,
317 2408 429 2440 dicens
441 2413 450 2428 ⁵
469 2422 475 2441 :
497 2422 513 2439 «
528 2408 627 2441 Nosse
649 2410 831 2451 desideras,
852 2414 963 2443 utrum
984 2410 1123 2449 mulier,
1141 2420 1213 2453 qnae
1239 2409 1299 2442 viri
1322 2409 1429 2442 filium
1446 2421 1484 2442 ex
1501 2410 1564 2442 alia
1580 2410 1701 2443 femina

110 2465 258 2507 genitum
274 2465 313 2497 de
329 2475 418 2498 sacro
433 2466 523 2498 fonte
538 2466 718 2509 levaverit,
747 2468 954 2512 postmodum
977 2468 1077 2512 possit
1099 2479 1175 2500 cum
1199 2467 1312 2500 eodem
1336 2467 1408 2500 viro
1428 2468 1586 2511 copulari.
1612 2468 1700 2506 Quos

110 2521 182 2555 ideo
197 2522 351 2566 conjungi
365 2535 456 2568 posse
470 2524 690 2567 decrevimus,
703 2526 781 2569 quia
794 2526 971 2559 secundnm
988 2537 1128 2558 canones
1141 2536 1258 2566 saci-05,
1272 2524 1334 2557 nisi
1353 2525 1527 2558 amborum
1539 2536 1697 2557 consensu

143 2594 150 2608 ¹
163 2593 238 2623 Hug„
254 2592 374 2621 Sentent„
390 2600 425 2625 ιν,
439 2602 462 2618 c.
479 2601 568 2619 xni.—
583 2596 725 2627 mmmm..
740 2604 808 2621 caus.
824 2604 884 2627 xxx,
902 2605 927 2628 q.
946 2604 965 2628 1,
980 2605 1001 2621 c.
1017 2597 1056 2621 Ad
1069 2597 1171 2626 lin-ina,
1188 2596 1212 2620 iu
1229 2596 1319 2620 fine.-
1334 2596 1342 2609 ³
1359 2597 1470 2620 Hahetur
1481 2603 1551 2620 cans.
1569 2601 1630 2625 xxx,
1646 2602 1670 2625 K1-
1683 2601 1700 2626 Ι,

112 2635 134 2652 0.
150 2627 237 2651 Omnes
251 2635 320 2660 quos.
330 2641 360 2647 —
375 2629 384 2644 ⁴
397 2629 508 2654 Habetin·
523 2637 590 2655 caus.
608 2637 670 2662 xxx,
685 2638 710 2663 q.
727 2638 746 2663 1,
761 2640 784 2656 c.
800 2633 836 2656 De
847 2640 882 2657 eo.
895 2645 925 2650 —-
940 2633 949 2649 ⁶
961 2632 1035 2663 ibid„
1050 2640 1073 2656 c.
1088 2632 1173 2656 Nosse.
1192 2645 1222 2649 -
1240 2632 1272 2662 (a)
1285 2631 1356 2656 Edit.
1376 2632 1429 2667 Van.
1448 2631 1497 2664 qui.
