1991 3006
646 155 740 186 nlS‘P.
765 155 870 186 XXlll.
896 155 983 185 An'r.
1010 156 1046 185 ll.
1072 156 1218 192 QUAEST.
1245 158 1293 187 ΙΙΙ.

444 282 667 315 CONCLUSIO.

172 374 203 399 In
231 375 353 399 eoetremoe
379 373 511 399 unctionis
537 374 703 398 sacramento
730 373 826 406 septem
850 373 940 405 partos

208 419 382 450 z’mmgyuntur,
413 423 465 442 non
491 417 572 442 totum
600 423 710 450 corpus‚·
737 423 837 448 orqanu
867 415 941 441 visle-

209 461 271 487 loe'cet
284 461 399 494 quinque
412 460 529 486 sensibus
546 461 735 490 deservientia‚
752 463 775 485 et
791 466 846 492 quae
862 466 940 492 qene-

207 506 304 530 rativoe
318 506 342 530 et
354 504 529 538 progressivoe
543 504 641 530 virtuti
656 503 815 530 deserviunt.

212 592 303 632 Resp.
320 591 360 622 ad
375 600 448 630 arg.
465 591 647 628 Dicendum,
663 591 748 630 quod
763 590 796 620 in
811 590 937 626 talibus,

171 649 208 676 ut
222 654 306 685 saepe
320 644 439 675 dictum
454 647 499 674 est
509 668 516 681 ‚
534 643 606 674 finis
621 643 755 683 imponit
771 643 938 673 necessita-

170 699 234 728 tem
249 697 300 728 his
314 705 388 737 quae
402 699 475 727 sunt
499 696 537 727 ad
558 696 668 727 finem.
685 696 839 733 Quoniam
862 704 941 733 ergo

171 749 255 781 istud
278 752 512 780 sacramentum
536 748 751 789 principaliter
777 748 941 779 ordinatur

171 802 211 834 ad
229 802 403 833 venialium
425 802 613 833 deletionem
625 826 633 840 ,
660 801 837 832 secundum
856 800 941 840 quod

171 864 210 886 ex
230 857 321 886 textu
341 855 424 886 beati
443 855 548 886 Jacobi
574 854 730 892 innuitur,
753 856 784 884 et
807 853 942 884 venialia

171 909 392 948 perpetrantur
407 909 446 938 ab
466 907 573 938 anima
590 907 765 938 secundum
789 906 941 937 unionem

171 961 272 1000 ipsius
286 961 325 992 ad
339 969 468 991 carnem
482 962 663 1000 corruptam
674 984 684 998 ,
707 962 737 990 et
751 959 812 990 hoc
826 962 872 990 est
887 967 942 998 per

172 1014 329 1053 potentias
352 1022 409 1053 per
432 1022 511 1052 quas
524 1013 635 1044 unitur
654 1013 778 1053 corpori
794 1015 829 1043 ut
845 1021 943 1051 orga—

172 1066 260 1104 nico;
279 1068 310 1096 et
324 1066 394 1096 ideo
409 1067 492 1096 recte
513 1066 547 1096 in
569 1066 725 1097 deletione
740 1065 852 1096 talium
867 1074 941 1105 pec—

172 1121 315 1150 catorum
330 1119 423 1150 debet
447 1119 715 1150 medicamentum
731 1119 871 1150 exterius
887 1118 941 1149 ad—

172 1172 295 1210 hiberi,
322 1172 495 1203 secundum
511 1172 541 1203 id
556 1172 641 1211 qnod
656 1172 751 1202 habet
773 1171 920 1202 sensibile
932 1196 939 1203 .

173 1226 254 1256 circa
268 1234 391 1265 organa
406 1225 549 1265 ipsarum
563 1225 790 1265 potentiarum.
813 1225 866 1255 Est
884 1234 942 1255 an-

174 1281 237 1318 tem
246 1278 361 1318 triplex
370 1278 508 1318 potentia
518 1274 644 1315 animae,
658 1278 834 1309 secundum
846 1286 942 1317 quam

174 1331 300 1371 regitur
314 1340 428 1371 corpus
440 1355 448 1368 ,
465 1333 496 1361 et
510 1331 664 1368 eruditur,
681 1334 711 1361 et
727 1331 879 1367 nutritur,
897 1341 944 1361 se—

174 1384 314 1415 cundnm
327 1393 424 1424 qnam
439 1384 477 1414 ad
494 1384 634 1414 exterius
651 1386 862 1423 comparatur,
882 1384 941 1414 sci-

176 1437 247 1467 licet
261 1436 410 1466 sensitiva
423 1460 431 1473 ‚
448 1437 633 1474 generativa
647 1460 653 1470 ,
671 1439 700 1466 et
717 1437 919 1475 progressiva
933 1448 940 1474 ;

175 1491 206 1520 et
220 1489 290 1520 ideo
307 1497 431 1528 organa
445 1489 578 1519 istarum
600 1490 813 1528 potentiarum
829 1489 943 1519 debent

172 1543 301 1582 inungi.
329 1543 367 1574 Et
390 1543 539 1582 quoniam
565 1544 706 1582 quinque
730 1546 803 1573 sunt
823 1552 943 1582 sagana

173 1595 382 1626 deservientia
397 1596 540 1635 quinque
562 1596 723 1632 sensibus,
750 1596 866 1626 scilicet
888 1606 938 1631 os,

173 1648 275 1686 oculi,
293 1657 397 1685 nares,
417 1658 520 1685 aureS,
537 1651 567 1678 et
582 1657 707 1686 manus,
724 1651 753 1678 et
768 1649 869 1679 lumbi
886 1649 942 1679 de-

175 1701 318 1733 serviunt
334 1702 541 1740 generativae,
554 1701 649 1741 pedes
661 1710 737 1732 vero
749 1701 859 1732 virtuti
874 1711 942 1741 pro-

174 1754 326 1793 gressivae
340 1766 347 1792 ;
375 1755 444 1785 ideo
474 1756 541 1785 istae
563 1756 682 1794 septem
714 1756 817 1794 partes
843 1755 942 1786 inun-

174 1809 317 1846 guntur3
335 1810 366 1838 et
388 1807 432 1838 sic
447 1809 552 1847 patet,
568 1807 653 1847 quod
670 1816 728 1838 nec
749 1809 849 1838 totum
872 1816 941 1837 cor-

172 1869 232 1900 pus
254 1860 345 1891 debet
364 1860 504 1899 inungi,
529 1868 587 1890 nec
610 1869 673 1890 una
698 1869 770 1899 pars
790 1860 940 1890 determi-

171 1915 256 1943 nata.

213 1968 227 1995 1
240 1988 251 2003 ,
266 1965 287 1994 2
301 1966 332 1995 et
352 1966 381 1995 3.
399 1965 446 1996 Ad
468 1965 546 1995 illud
566 1974 664 2004 ergo,
686 1965 771 2005 quod
794 1965 942 2004 objicitur

172 2017 210 2048 de
225 2017 408 2049 infirmitate
422 2018 599 2057 spirituali,
616 2018 701 2058 quod
716 2027 781 2049 non
795 2018 942 2049 determi-

171 2071 227 2101 nat
249 2072 392 2110 partem„
422 2071 590 2102 dicendum
611 2071 697 2111 quod
724 2080 839 2103 verum
869 2074 916 2102 est
930 2095 937 2109 ‚

171 2123 254 2162 quod
270 2132 334 2154 non
348 2123 537 2154 determinat
550 2124 721 2164 partemin
734 2133 799 2164 qua
813 2124 866 2162 fit,
883 2133 939 2155 ve-

170 2177 352 2207 rumtamen
380 2177 568 2207 determinat
601 2179 724 2216 partem
754 2186 809 2217 per
843 2185 940 2217 quam

170 2229 377 2260 contrahitur.
394 2229 433 2260 Et
449 2238 504 2268 per
524 2229 587 2260 hoc
602 2231 711 2269 patent
725 2229 788 2260 duo
802 2238 937 2269 sequen-

170 2281 213 2312 tia
227 2281 265 2312 de
274 2281 395 2320 anima,
410 2282 494 2322 quod
508 2284 555 2312 est
569 2282 602 2312 in
616 2282 757 2322 qualibet
771 2285 859 2322 parte
875 2292 939 2313 cor-

172 2334 276 2373 poris,
293 2336 323 2365 et
337 2334 375 2365 de
390 2335 529 2374 potentia
543 2334 734 2366 intellectiva
752 2346 760 2366 ;
775 2335 936 2374 quoniam,

171 2386 228 2417 etsi
241 2387 349 2417 anima
365 2388 538 2418 secundum
557 2388 725 2418 essentiam
740 2388 780 2418 sit
794 2388 827 2418 in
840 2387 940 2428 quali-

171 2439 225 2469 bet
238 2442 326 2479 parte
350 2440 490 2479 corporis
503 2442 569 2470 tota
581 2463 590 2478 ,
612 2442 662 2478 et,
690 2440 865 2471 secundum
882 2450 937 2480 po-

172 2491 303 2522 tentiam
315 2492 551 2529 intellectivam,
562 2495 685 2532 partem
697 2493 939 2524 determinatam

173 2544 311 2583 corporis
338 2554 404 2576 non
426 2547 609 2582 concernat,
633 2547 739 2577 tamen
764 2546 939 2577 secundum

172 2596 343 2635 potentiam
357 2598 541 2629 sensitivam
559 2600 589 2629 et
603 2599 803 2637 operativam
816 2624 823 2638 ‚
841 2599 940 2630 deter-

292 2658 366 2681 τοι.
389 2659 434 2682 νι.

1710 162 1767 190 145

1000 223 1100 252 minat
1114 223 1172 252 sibi
1191 223 1313 262 aliquas
1327 226 1431 263 partes
1446 224 1586 263 corporis
1601 225 1768 264 organiza-

999 276 1060 311 tas,
1079 275 1110 304 in
1126 275 1241 314 quibus
1257 275 1439 313 delectatur,
1457 279 1487 307 et
1501 277 1675 308 secundum
1691 287 1768 317 qua—

998 336 1070 357 rum
1087 327 1305 358 delectationes
1320 328 1459 360 diversas
1479 330 1613 360 incurrit
1627 333 1764 370 peccata.

1038 382 1066 410 4.
1091 380 1138 409 Ad
1159 380 1237 409 illud
1259 381 1343 420 quod
1364 382 1511 420 objicitur
1530 383 1568 413 de
1591 383 1766 423 baptismo,

999 432 1166 462 dicendum
1182 432 1264 471 quod
1282 442 1345 463 non
1360 436 1406 463 est
1418 434 1539 473 simile,
1557 445 1614 474 pro
1631 445 1667 466 eo
1682 437 1768 476 quod

998 485 1028 514 in
1041 485 1191 523 originali
1205 487 1269 515 tota
1283 495 1355 516 caro
1373 486 1522 525 foedatum
1541 489 1593 518 sed
1611 489 1644 519 in
1659 489 1766 520 venia-

998 538 1036 566 lis
1052 538 1168 577 peccati
1185 538 1406 568 commissione
1418 539 1534 578 aliquis
1549 544 1637 571 actus
1651 542 1768 581 specia-

998 590 1035 619 lis
1051 590 1197 629 potenliae
1214 592 1424 622 concernitur.

1044 645 1068 672 1.
1097 643 1142 673 Ad
1167 643 1244 673 illud
1259 644 1343 683 quod
1365 645 1515 684 objicitur
1535 646 1568 676 in
1589 648 1769 687 oppositum

998 697 1036 726 de
1051 696 1154 729 corde,
1170 696 1338 727 dicendum
1356 697 1458 736 quod,
1476 699 1533 728 etsi
1549 699 1586 729 de
1606 700 1707 730 cordis
1722 702 1767 731 af-

1000 750 1081 779 feetu
1096 748 1265 787 procedant
1289 750 1413 786 omnia,
1429 752 1536 782 tamen
1552 761 1608 791 per
1630 752 1769 784 diversas

999 802 1152 840 potentias
1168 802 1454 833 subministrantes

1039 857 1068 884 ⁹2.
1098 854 1146 884 Ad
1170 854 1248 885 illud
1270 855 1355 894 qnod
1381 856 1532 895 objicitur
1557 857 1595 887 de
1621 858 1768 889 unctione

999 907 1259 944 confirmationis9
1275 907 1444 939 dicendum
1460 909 1544 949 quod
1568 919 1632 940 non
1655 912 1702 940 est
1726 911 1767 941 si-

999 960 1084 996 mile,
1095 969 1151 998 pro
1166 968 1203 990 eo
1214 960 1300 999 quod
1317 961 1369 991 illa
1384 964 1431 992 est
1445 964 1554 993 contra
1565 962 1771 1002 pusillanimi-

999 1014 1095 1042 tatem
1107 1014 1138 1042 et
1152 1014 1376 1044 verecundiam
1392 1015 1598 1046 determinate
1611 1027 1617 1053 ;
1634 1016 1687 1047 sed
1702 1017 1771 1048 haec

999 1068 1044 1096 est
1059 1068 1168 1097 contra
1183 1067 1319 1098 venialia
1341 1071 1478 1107 peccata,
1496 1078 1568 1108 quae
1599 1070 1772 1109 respiciunt

999 1121 1087 1149 actus
1101 1120 1246 1150 omnium
1263 1121 1490 1160 potentiarum.

1040 1175 1069 1203 3.
1086 1173 1134 1203 Ad
1142 1173 1219 1204 illud
1232 1174 1317 1213 quod
1326 1175 1487 1214 objicitur,
1495 1176 1580 1216 quod
1590 1185 1668 1216 ergo
1679 1177 1771 1217 plura

1000 1228 1074 1255 sunt
1091 1230 1298 1264 sacramenta,
1310 1227 1479 1259 dicendum
1494 1229 1578 1268 quod
1589 1229 1652 1260 illae
1666 1232 1772 1269 partes

1000 1287 1063 1308 non
1078 1279 1294 1317 inunguntur,
1322 1280 1383 1310 nisi
1410 1283 1503 1320 prout
1523 1284 1717 1313 concurrunt
1737 1282 1772 1312 in

1000 1340 1112 1367 unum,
1132 1333 1181 1362 cni
1206 1332 1408 1371 deserviunt,
1425 1337 1455 1364 et
1479 1334 1654 1365 secundum
1680 1336 1771 1374 cnjus

1000 1386 1118 1414 nutum
1136 1388 1305 1416 moventur
1324 1397 1330 1416 :
1352 1390 1382 1416 et
1405 1386 1486 1424 ideo,
1506 1387 1582 1427 quia
1598 1387 1704 1418 unctio
1725 1389 1772 1417 est

1000 1438 1033 1467 iu
1044 1438 1094 1467 his
1108 1440 1281 1469 secundum
1298 1449 1397 1471 unam
1411 1443 1557 1471 naturam
1573 1443 1604 1471 et
1620 1451 1675 1481 per
1690 1450 1772 1472 com-

1000 1492 1195 1529 parationem
1211 1493 1249 1523 ad
1264 1502 1365 1523 unum
1378 1517 1386 1530 ‚
1404 1493 1473 1524 ideo
1490 1503 1591 1525 unum
1607 1496 1653 1524 est
1667 1504 1770 1525 sacra-

1000 1546 1155 1574 mentum.

1040 1599 1067 1626 ¹.
1087 1597 1134 1627 Ad
1149 1597 1224 1628 illud
1241 1598 1326 1637 quod
1339 1599 1486 1637 objicitur
1500 1600 1539 1629 de
1553 1599 1614 1629 illis
1628 1599 1682 1639 qui
1694 1608 1769 1639 per-

998 1650 1077 1679 dunt
1091 1650 1159 1679 heec
1171 1651 1502 1688 membrzndicendum
1512 1652 1608 1692 quod,
1622 1654 1769 1692 quamvis

999 1702 1060 1732 sint
1076 1703 1224 1741 mutilati,
1241 1706 1348 1734 tamen
1363 1705 1479 1735 debent
1493 1705 1620 1744 inungi.
1637 1705 1676 1736 Et
1690 1706 1715 1735 si
1733 1708 1770 1736 tu

998 1754 1139 1794 objicias,
1158 1757 1241 1796 quod
1263 1759 1309 1787 cst
1323 1758 1495 1797 implicatio
1515 1758 1583 1788 falsi
1601 1758 1633 1788 in
1654 1758 1767 1796 forma,

997 1807 1165 1839 dicendum
1181 1810 1266 1849 quod
1281 1810 1394 1840 falsum
1409 1813 1466 1849 est,
1484 1811 1560 1850 quia
1574 1811 1648 1841 caeci
1666 1811 1767 1843 liben-

998 1861 1172 1891 tervellent
1186 1862 1305 1900 videre,
1323 1865 1353 1893 et
1368 1863 1454 1893 surdi
1477 1864 1623 1894 auditum
1646 1864 1768 1895 deside-

997 1915 1085 1951 rant,
1108 1915 1257 1953 quamvis
1276 1924 1340 1946 non
1356 1915 1485 1946 audiant
1503 1927 1510 1946 ε
1528 1916 1598 1946 ideo
1621 1919 1704 1948 recte
1720 1918 1767 1948 di-

997 1968 1113 1997 cuntur
1128 1967 1167 2006 (a)
1183 1967 1216 1997 in
1232 1968 1346 1999 talibus
1369 1968 1519 1998 membris
1542 1968 1679 2008 inungi,
1694 1971 1768 2010 quia
1783 1980 1785 1982 ·

996 2028 1052 2058 per
1069 2019 1141 2050 talia
1156 2021 1312 2056 membra,
1328 2023 1383 2051 aut
1397 2024 1619 2060 peccaverunt,
1631 2025 1686 2053 aut
1700 2032 1768 2062 pee-

996 2080 1066 2102 care
1081 2072 1249 2104 voluerunt
1265 2097 1274 2111 ,
1291 2074 1402 2104 saltem
1424 2073 1540 2104 veniali
1563 2075 1715 2114 appetitu.
1734 2075 1768 2107 Si

996 2127 1030 2154 tu
1044 2134 1181 2164 quaeraS‚
1195 2135 1269 2156 cum
1280 2135 1336 2166 per
1347 2126 1491 2157 membra
1501 2127 1652 2166 genitalia
1668 2130 1769 2160 maxi—

996 2186 1046 2208 me
1071 2178 1163 2218 culpa
1184 2178 1216 2208 in
1240 2179 1426 2210 hominibus
1452 2180 1678 2219 contrahatur,
1701 2182 1768 2212 sive

996 2232 1194 2269 perpetretur
1208 2230 1343 2261 venialis
1356 2233 1386 2261 et
1399 2231 1552 2270 mortalis,
1564 2234 1600 2263 ut
1614 2233 1691 2273 quid
1702 2243 1768 2265 non

996 2282 1199 2321 inunguntur
1209 2284 1224 2313 ‘2
1239 2283 1407 2314 dicendum
1422 2284 1508 2323 quod
1522 2284 1582 2315 hoc
1604 2287 1651 2315 est
1676 2295 1768 2326 prop-

995 2337 1043 2365 ter
1054 2335 1224 2366 foeditatem
1240 2336 1387 2373 membri,
1401 2338 1529 2376 propter
1541 2347 1638 2377 quam
1650 2340 1768 2370 natura

996 2388 1157 2418 rationalis
1170 2389 1326 2419 erubescit
1341 2398 1405 2419 non
1420 2389 1524 2420 solum
1546 2393 1689 2430 tangere,
1713 2392 1767 2422 sed

996 2440 1121 2479 videre,
1155 2442 1207 2472 sed
1236 2442 1321 2481 quod
1347 2443 1418 2482 plus
1446 2445 1493 2474 est
1521 2445 1686 2476 nominare
1698 2468 1706 2482 ‚
1737 2447 1768 2475 ct

995 2493 1131 2532 amplius
1155 2495 1312 2525 erubescit
1335 2495 1477 2533 cogitare
1495 2506 1502 2527 :
1523 2498 1555 2527 et
1572 2497 1642 2528 ideo
1666 2497 1764 2535 absit,

995 2547 1080 2585 quod
1096 2548 1202 2578 oleum
1218 2550 1364 2578 sanctum
1375 2548 1486 2579 debeat
1506 2549 1550 2579 ibi
1563 2550 1697 2590 apponi,
1713 2550 1767 2580 sed

1028 2607 1061 2638 (n)
1081 2609 1140 2632 th.
1156 2610 1215 2634 edil.
1233 2611 1331 2633 dicunt.

1610 2657 1647 2685 10
