1991 3006
170 216 226 244 540

169 289 226 310 nec
239 281 336 311 verba
345 281 460 319 judicis
472 281 587 311 debent
599 281 720 319 audire,
735 282 815 311 sicnt
828 291 884 311 nec
896 282 940 311 in-

168 334 286 364 fideleS.

211 387 301 427 Resp.
321 387 506 424 Dicendum,
531 388 615 427 quod
635 389 713 419 sicut
731 387 865 418 Ecclesia
882 390 938 427 ,ju-

168 440 248 470 dicat
269 440 338 470 illos
353 449 432 479 quos
445 441 615 480 aliquando
632 442 831 480 regeneravit
854 441 939 471 unda

167 493 374 532 baptismatis,
391 494 468 524 alios
483 504 558 525 vcro
576 495 717 532 minime,
738 497 864 534 propter
880 494 939 525 hoc

168 546 253 585 quod
268 546 374 585 aliquo
388 547 481 577 modo
492 556 554 577 non
567 550 640 578 sunt
653 548 722 578 l'acti
734 548 771 578 de
783 547 935 578 Ecclesia:

167 599 209 629 ita
229 608 362 638 sponsus
383 599 529 630 Ecclesiae
551 600 646 639 filios,
668 603 703 631 ut
723 601 865 631 ostendat
885 610 939 631 eos

167 652 244 682 falso
270 655 409 691 gestasse
433 653 657 684 characterem.
684 654 771 684 Unde
797 655 871 693 quia
900 655 938 685 de

167 706 235 736 aliis
250 705 324 735 satis
338 709 478 746 apparet,
493 707 577 746 quod
590 716 609 737 a
622 707 674 737 Dei
691 716 791 746 regno
803 711 876 738 sunt
886 718 938 738 ex-

168 758 312 789 cludendi
328 761 453 798 propler
468 759 623 790 desectum
639 760 795 798 signaculi
812 760 935 798 Christi,

169 812 225 842 hos
240 821 364 842 necesse
375 822 437 843 non
449 815 494 843 est
509 814 613 852 argui,
631 815 666 843 ut
681 815 784 853 pateat
797 823 849 844 eos
861 814 938 845 salso

169 865 368 904 signaculum
384 866 497 896 Christi
512 869 661 905 gestasse.
675 867 762 903 Quod
778 868 936 906 objicitur,

167 919 250 958 quod
271 919 376 950 minus
397 923 568 955 merentur,
584 920 752 951 dicendum
772 921 855 960 quod
870 931 938 951 cre—

166 970 313 1001 dentibus
336 971 461 1010 prodest
484 980 522 1000 ex
551 973 638 1010 parte
667 971 849 1009 credidisse,
881 981 937 1012 pro

166 1025 306 1063 tempore
320 1033 382 1063 quo
397 1024 526 1054 fuerunt
543 1024 574 1054 in
590 1025 664 1062 fide3
682 1034 738 1065 pro
755 1025 816 1056 alio
831 1028 937 1056 autem

164 1078 306 1116 tempore
322 1079 430 1114 nocet;
452 1080 482 1107 et
497 1087 553 1117 pro
568 1078 671 1118 primo
688 1082 845 1118 tempore,
862 1080 937 1119 quia

164 1129 343 1160 habuerunt
366 1139 546 1168 assensum,
569 1134 599 1161 et
621 1131 821 1163 crediderunt
839 1133 936 1163 verbo

164 1182 229 1220 Dei,
248 1185 411 1214 merentur
425 1184 535 1214 audire
550 1185 685 1215 verbum
701 1185 773 1223 Dei;
792 1186 844 1216 sed
861 1196 937 1226 quo-

163 1236 291 1265 niamin
307 1236 389 1266 hono
404 1239 505 1276 coepto
518 1247 581 1267 non
598 1241 850 1277 permanserunt,
866 1240 936 1270 ideo

163 1287 297 1318 verbum
321 1289 506 1319 eruditionis
526 1291 721 1320 convertitur
741 1291 786 1321 eis
810 1292 843 1321 in
865 1301 936 1322 ver-

163 1341 239 1372 bum
254 1341 499 1380 redargutionis.

486 1445 553 1467 DUB.
577 1446 608 1467 11.

186 1506 325 1530 Ministerio
341 1507 493 1537 angelorum
509 1507 549 1531 illa
565 1507 664 1538 impleri
678 1509 844 1534 dubitandum
860 1517 911 1534 non

525 1545 571 1566 est.

204 1607 336 1639 Videtur
351 1609 433 1639 male
447 1609 560 1647 dicere,
578 1611 652 1649 quia
666 1612 773 1650 angeli
788 1615 862 1643 sunt
876 1623 933 1644 no-

164 1661 241 1691 biles
257 1661 405 1700 ministri,
422 1664 451 1692 et
466 1663 556 1701 qnasi
573 1663 629 1693 {ilii
644 1664 677 1694 in
691 1665 780 1695 curia
793 1665 844 1696 Dei
859 1675 866 1696 z
883 1667 935 1697 sed

163 1723 227 1744 non
246 1714 333 1744 decet
353 1716 508 1745 tortorum
529 1717 669 1747 officium
684 1719 838 1749 committi
857 1720 933 1757 silio,

164 1767 229 1797 sive
245 1767 329 1804 filiis,
344 1770 399 1798 aut
415 1769 618 1800 nobilissimis
633 1771 844 1810 principibus:
858 1782 935 1812 ergo

163 1821 289 1851 videtur
303 1821 388 1861 quod
407 1831 463 1852 nec
479 1823 688 1854 ministerium
709 1825 851 1855 mittendi
870 1835 936 1856 ma-

162 1874 207 1904 los
224 1875 255 1904 in
270 1875 392 1914 ignem.

202 1927 294 1967 Resp.
315 1928 486 1959 Dicendum
501 1931 586 1970 quod
606 1931 692 1962 aliud
714 1934 761 1962 est
781 1932 935 1964 deducere

164 1981 202 2011 ad
218 1984 387 2018 tormenta,
403 1983 488 2013 aliud
501 1985 547 2013 est
559 1984 672 2023 impios
686 1985 852 2015 tormentis
867 1995 936 2016 crn-

163 2035 255 2065 ciare.
280 2035 423 2066 Primum
438 2045 501 2066 non
516 2039 564 2066 est
582 2039 738 2067 tortorum
749 2062 757 2075 ,
776 2039 829 2068 sed
846 2040 935 2069 nobi-

163 2088 242 2118 lium
257 2088 487 2125 ministrornm,
504 2089 557 2128 qui
569 2090 720 2120 assistunt
734 2091 804 2130 regi
817 2092 855 2122 ad
866 2093 934 2131 eJus

158 2142 248 2179 jussa
262 2141 464 2181 complenda:
481 2142 563 2172 unde
580 2151 643 2173 non
658 2143 771 2173 dicitur
786 2145 870 2183 quod
883 2154 935 2175 an-

165 2193 229 2232 geli
244 2194 343 2224 sancti
360 2197 525 2234 torqueant
541 2195 573 2225 in
590 2195 679 2234 igne,
696 2197 749 2227 sed
764 2197 931 2235 deducent,

164 2249 194 2277 et
209 2249 217 2263 ¹
234 2248 361 2279 mittent
380 2248 417 2279 in
435 2249 598 2280 caminum
611 2259 621 2278 .·
636 2251 666 2279 et
681 2250 726 2280 sic
746 2253 829 2289 patet
844 2251 931 2282 illud.

478 2343 545 2365 DUB.
570 2344 614 2364 111.

164 2399 200 2422 Ad
215 2398 339 2429 judicium
353 2399 469 2423 veniente
485 2401 603 2430 Domino,
619 2402 748 2426 emittetur
758 2403 798 2427 illa
810 2410 869 2433 vox,
885 2405 931 2427 etc.

203 2461 363 2498 Quaeritur
372 2462 410 2492 de
424 2462 476 2492 illa
490 2471 577 2501 voce,
590 2473 688 2503 qnare
702 2465 852 2495 Dominus
863 2465 935 2495 isto-

164 2523 235 2545 rum
257 2514 356 2545 trium
381 2515 592 2546 ministerium
614 2517 793 2556 praemittit,
819 2518 934 2549 scilicet

162 2567 259 2606 ignis,
275 2568 393 2607 angeli,
410 2570 440 2599 et
455 2569 552 2607 vocis,
567 2579 639 2600 cum
655 2573 756 2601 totum
772 2571 838 2601 solo
853 2573 934 2602 nutu

163 2621 260 2660 possit
273 2621 385 2652 facere.

196 2682 203 2699 ¹
219 2682 322 2712 Manli„
339 2688 398 2713 ¹111,
415 2685 453 2712 42,
469 2685 507 2708 50.

724 214 1033 246 SENTENTIARUM
1058 215 1130 246 LlB.
1157 215 1206 246 IV.

1039 281 1129 322 Resp.
1148 282 1318 312 Dicendum
1334 283 1417 322 quod
1434 282 1514 313 Deus
1529 283 1560 312 in
1576 283 1678 322 prima
1693 293 1768 315 con-

996 334 1112 365 ditione
1143 335 1281 365 condidit
1311 335 1520 365 substantiam
1549 336 1766 375 spiritualem,

995 388 1207 428 corporalem,
1231 391 1261 418 et
1284 389 1438 426 mediam;
1461 391 1491 418 et
1511 390 1660 419 omnibus
1681 399 1767 420 com-

996 443 1169 473 municavit
1184 445 1214 473 et
1228 443 1312 474 dedit
1332 443 1505 483 potentiam
1521 454 1527 474 z
1543 446 1579 474 ut
1594 453 1674 483 ergo
1692 445 1769 476 ordo

995 498 1138 526 servetur
1155 496 1187 526 in
1202 497 1307 534 rebus,
1325 499 1355 526 et
1373 497 1557 527 ostendatur
1572 498 1672 528 virtus
1687 507 1769 528 crea·

995 550 1076 579 tura}
1089 549 1211 585 collata,
1223 551 1253 580 et
1263 549 1401 589 amplius
1410 550 1512 580 virtus
1522 550 1575 580 illa
1585 550 1769 582 ostendatur

994 611 1011 632 a
1027 602 1100 639 Deo,
1120 603 1220 633 voluit
1241 602 1393 633 Dominus
1413 603 1626 634 ministerium
1644 607 1766 635 creatu-

995 665 1102 686 rarum
1124 656 1180 686 sibi
1201 656 1377 693 deservire;
1402 659 1432 686 et
1453 657 1569 687 iterum
1590 659 1768 688 creaturam

994 709 1186 748 angelicam,
1211 710 1422 749 corporalem,
1446 712 1476 739 et
1496 710 1633 741 mediam
1656 720 1662 741 :
1685 710 1768 742 unde

995 762 1048 792 fiet
1075 762 1113 792 ad
1145 763 1358 792 ministerium
1389 763 1515 802 angeli,
1546 764 1584 793 ad
1611 764 1768 794 actionem

994 814 1092 853 ignis,
1116 817 1274 854 postremo
1293 815 1331 846 ad
1350 818 1466 846 nutum
1481 819 1511 846 et
1527 825 1636 847 vocem
1652 816 1767 847 Christi

994 867 1132 898 hominis
1155 879 1161 898 t
1185 870 1214 898 et
1240 878 1301 899 vox
1325 868 1444 908 aliquid
1469 869 1630 909 corporale
1654 869 1765 906 habet,

994 921 1202 952 nihilominus
1216 922 1311 952 etiam
1327 922 1446 962 aliquid
1461 923 1635 962 spirituale.

1315 1016 1383 1037 DcB.
1408 1017 1452 1038 lv.

1205 1073 1360 1101 Quibusdam
1376 1074 1476 1097 videtur
1488 1094 1494 1103 ,
1509 1076 1557 1098 etc.

1032 1133 1162 1164 Videtur
1176 1135 1256 1164 male
1266 1134 1379 1172 dicere,
1394 1135 1468 1174 qnia
1481 1135 1555 1165 boni
1567 1135 1674 1174 angeli
1688 1144 1766 1175 sug-

993 1191 1161 1226 gesserunt
1181 1191 1211 1217 et
1232 1188 1462 1218 consuluerunt
1485 1189 1586 1226 bona,
1609 1191 1639 1219 et
1660 1191 1766 1220 tamen

993 1250 1054 1270 non
1076 1243 1237 1280 praeerunt
1256 1241 1289 1271 in
1308 1242 1442 1280 praemio
1460 1252 1466 1271 :
1485 1250 1563 1280 ergo
1578 1250 1635 1272 nec
1656 1241 1766 1271 simili-

992 1296 1040 1323 ter
1059 1293 1132 1323 mali
1149 1294 1180 1323 in
1198 1294 1404 1324 contrarium.
1430 1293 1506 1324 Item
1526 1294 1571 1323 illi
1585 1294 1641 1333 qui
1658 1294 1762 1333 magis

992 1349 1217 1385 peccaverunt,
1249 1347 1363 1377 debent
1391 1347 1494 1386 magis
1523 1347 1659 1386 puniri:
1685 1355 1764 1386 ergo

991 1399 1152 1430 daemones
1174 1400 1285 1430 debent
1310 1399 1377 1429 fieri
1400 1399 1583 1429 hominibus
1602 1399 1765 1430 inferiores

992 1462 1046 1492 per
1064 1453 1103 1491 (a)
1121 1453 1333 1492 maj0ritatem
1348 1452 1504 1492 supplicii.
1528 1452 1606 1482 Item
1628 1452 1667 1482 ad
1685 1461 1764 1483 con-

991 1506 1147 1536 fusionem
1170 1507 1354 1536 daemonum
1378 1506 1570 1536 convertitur
1593 1505 1764 1536 multitudo

991 1557 1215 1588 damnatorum
1244 1559 1403 1597 quantum
1427 1557 1465 1587 ad
1489 1556 1615 1596 culpam
1643 1558 1674 1586 et
1697 1565 1763 1596 poe-

991 1621 1065 1641 nam
1095 1622 1101 1641 z
1134 1620 1213 1650 ergo
1241 1619 1305 1641 non
1333 1610 1459 1640 videtur
1486 1610 1570 1649 quod
1599 1610 1632 1640 in
1662 1609 1764 1649 poenis

991 1673 1101 1694 eorum
1123 1666 1200 1694 tunc
1218 1663 1413 1694 delectentur
1429 1672 1435 1693 :
1453 1672 1534 1701 ergo
1553 1671 1616 1693 non
1635 1664 1765 1702 torque-

991 1715 1071 1745 bunt
1084 1724 1136 1745 eos
1154 1715 1202 1754 (b).

1032 1768 1122 1808 Resp.
1145 1768 1316 1798 Dicendum
1336 1767 1422 1807 quod
1441 1767 1632 1806 probabilior
1646 1769 1692 1797 est
1711 1767 1765 1798 illa

990 1824 1107 1863 opinio,
1124 1823 1206 1863 quod
1223 1823 1384 1853 daemones
1398 1830 1464 1852 non
1476 1823 1569 1851 erunt
1583 1822 1716 1851 tortores
1729 1820 1764 1850 in

990 1886 1082 1916 poena
1110 1878 1180 1915 post
1204 1875 1380 1914 judicium,
1407 1874 1559 1914 quoniam
1584 1873 1644 1912 ipsi
1668 1875 1763 1903 erunt

990 1930 1126 1961 totaliter
1144 1929 1281 1968 absorpti
1303 1937 1395 1967 poena
1414 1939 1420 1957 :
1439 1930 1470 1957 et
1490 1926 1565 1956 illud
1582 1925 1667 1966 quod
1684 1925 1760 1956 dici-

990 1986 1051 2021 tur,
1073 1983 1157 2023 qnod
1180 1983 1273 2012 erunt
1293 1983 1443 2018 tortores,
1464 1980 1566 2010 solum
1586 1979 1763 2010 secundum

989 2039 1105 2066 statum
1129 2038 1200 2066 ante
1221 2035 1378 2074 judicium
1402 2033 1592 2072 intelligitur
1613 2042 1681 2064 esse
1706 2042 1762 2063 ve-

990 2099 1074 2120 rum.

1204 2157 1481 2191 ARTICULUS
1513 2157 1538 2189 Ι.

1028 2248 1074 2278 Ad
1095 2246 1336 2286 intelligentiam
1355 2244 1521 2284 praesentis
1542 2244 1761 2282 distinctionis,

989 2301 1163 2332 secundum
1182 2300 1246 2330 duo
1266 2307 1340 2338 quae
1360 2297 1549 2328 determinat
1564 2296 1714 2336 Magister
1729 2297 1763 2327 in

988 2365 1041 2392 ea,
1073 2355 1135 2384 duo
1162 2351 1376 2393 principaliter
1404 2352 1596 2389 quaeruntur
1622 2361 1629 2380 ι
1659 2350 1761 2389 primo

988 2407 1145 2448 quaeritur
1164 2406 1201 2435 de
1220 2403 1435 2444 judicantibus
1451 2405 1481 2433 et
1495 2402 1687 2441 judicandis;
1711 2412 1759 2433 se-

988 2460 1091 2491 cundo
1110 2459 1147 2489 de
1162 2459 1237 2497 igne
1257 2457 1312 2496 qui
1328 2465 1381 2496 pri
1395 2455 1482 2486 cedet
1502 2455 1613 2485 faciem
1631 2455 1759 2494 judicis.

989 2514 1076 2545 Circa
1096 2512 1235 2552 primum
1257 2511 1447 2550 quaeruntur
1468 2510 1604 2547 quatuor
1620 2517 1628 2538 z
1644 2508 1758 2548 primo,

988 2568 1144 2607 quantum
1160 2563 1292 2604 pertinet
1313 2562 1351 2592 ad
1364 2561 1555 2601 judicantes,
1572 2563 1762 2600 quaeruntur

988 2622 1052 2652 duo
1070 2631 1076 2650 :
1095 2618 1198 2659 primo
1218 2616 1374 2656 quaeritur
1395 2616 1505 2645 utrum
1524 2614 1655 2653 apostoli
1673 2614 1761 2654 judi-

1022 2684 1051 2713 (α)
1070 2682 1130 2706 Coet.
1141 2679 1199 2704 edit.
1213 2680 1326 2710 propter.
1340 2690 1370 2696 —-
1383 2676 1415 2705 (b)
1427 2675 1622 2706 torquebuntur.
