1991 3006
87 1915 191 1936 Fundam.

217 196 273 224 ,⁸394

214 262 380 292 dicendum
400 260 483 300 quod
499 268 611 289 verum
632 260 677 288 est
696 266 750 297 per
771 260 918 287 naturam
935 257 982 287 lu-

215 315 323 352 minis,
342 316 440 353 potest
455 315 560 343 tamen
580 320 634 351 per
649 312 796 340 naturam
814 309 985 349 spirituali-

214 367 284 396 tatis
299 369 329 396 et
345 364 536 395 subtilitatis.

252 422 280 449 2.
304 419 349 448 Ad
374 418 448 447 illud
472 416 556 456 quod
577 415 740 454 objicitur,
765 414 849 453 quod
874 413 929 443 lux
951 423 984 444 se

212 472 390 502 manifestat
408 469 634 506 illuminando,
657 468 725 498 ‹lico
740 467 825 507 quod
842 476 904 496 non
918 469 984 496 tan-

211 527 279 555 tum
300 523 523 560 illuminando,
547 522 601 551 sed
623 521 717 551 etium
740 520 839 550 oculis
862 520 984 549 intuen-

209 578 288 607 tium
305 587 337 608 se
352 576 527 617 objiciendo
543 587 548 606 :
567 577 597 605 et
612 575 687 614 quia
703 575 804 613 potest
818 582 884 602 esse
900 571 982 611 quod

209 640 340 670 corpora
363 630 502 669 gloriosa
528 628 632 658 radios
657 629 820 666 penetrent
844 625 982 655 visibiles

208 684 347 723 corporis
363 692 426 713 non
441 681 586 721 gloriosi,
604 680 682 717 ideo,
703 682 761 710 etc.

248 739 277 767 3.
295 737 342 767 Ad
357 736 442 767 uliud
457 735 641 771 dicendum,
665 733 750 773 quod
769 731 919 762 occultari
935 734 982 762 est

207 790 372 830 dupliciter
385 801 390 819 :
404 799 469 820 una
483 791 610 828 propter
625 787 849 817 obscuritatem
863 795 882 815 a
893 787 982 824 parte

207 844 337 883 objecti,
357 846 387 873 et
406 843 443 873 de
463 843 522 873 hae
544 850 657 872 verum
673 843 720 870 est
739 839 823 879 quod
839 839 895 869 lux
919 847 980 868 uon

207 899 307 936 potest
325 897 489 932 occultari;
513 896 573 926 alin
595 897 641 925 est
658 903 713 934 per
729 892 944 933 impotentiam
963 901 981 922 a

206 954 294 990 parto
309 951 389 981 oeuli
401 974 410 988 ,
428 950 503 989 quia
522 958 586 979 non
601 949 702 988 potest
716 947 757 976 ibi
782 946 838 984 figi
854 948 981 985 propter

205 1004 411 1034 excellentem
435 1002 640 1034 subtilitatem
661 1010 668 1031 ε
691 1003 720 1030 et
741 1000 809 1030 haee
831 999 892 1029 luci
916 1008 980 1028 non

205 1060 363 1097 repugnat
375 1081 382 1094 ,
401 1057 481 1086 sicut
502 1055 692 1096 passibilitas
711 1052 953 1092 impassibilitati
972 1061 979 1081 :

205 1113 236 1140 et
250 1111 351 1149 primo
365 1110 458 1140 modo
475 1107 666 1148 impossibile
681 1109 728 1137 est
749 1107 850 1136 lucem
871 1105 979 1135 occul-

205 1163 280 1200 tari3
304 1163 440 1193 secundo
457 1162 548 1192 modo
564 1163 610 1191 est
624 1168 755 1196 verum,
773 1162 803 1189 et
820 1158 977 1198 possibile.

456 1283 588 1315 SECTIO
617 1281 652 1315 (ss)
677 1282 729 1313 111.

244 1378 479 1416 Consequenter
489 1376 646 1415 quaeritur
655 1375 692 1404 de
703 1374 773 1404 dote
784 1372 978 1409 subtilitatis,

205 1432 242 1461 de
260 1440 321 1470 qua
342 1430 404 1459 duo
418 1431 609 1468 quaeruntur
627 1438 633 1458 :
653 1428 754 1467 primo
770 1426 927 1466 quaeritur
943 1425 980 1454 de

204 1485 272 1523 ipsu
288 1493 343 1523 per
358 1482 624 1522 comparationem
641 1481 679 1510 ad
695 1480 756 1510 alia
771 1488 918 1518 corpor&
936 1487 980 1508 se-

205 1538 326 1574 eundo,
354 1537 391 1567 de
414 1537 481 1575 ipsa
505 1545 560 1575 per
583 1533 851 1573 comparationem
877 1532 915 1562 ad
943 1531 977 1570 (b)

205 1593 324 1621 tactum
339 1592 494 1620 nostruin.

452 1696 674 1735 QUAESTIO
707 1697 728 1725 l.

208 1787 247 1811 An
267 1791 360 1819 corpus
381 1783 521 1816 gloriosum
541 1781 627 1815 possit
649 1781 789 1814 penetrare
809 1785 882 1804 omne
904 1778 983 1804 aliud

534 1832 627 1858 corpus
641 1829 657 1848 ¹.

248 1911 358 1941 Utrum
375 1918 489 1948 corpus
504 1907 679 1946 gloriosum
701 1905 797 1944 possit
817 1906 980 1944 penetrare

208 1973 301 1994 omne
327 1962 413 1993 uliud
437 1970 551 2000 corpus
577 1968 640 1989 non
665 1958 841 1996 gloriosum
867 1957 897 1986 iu
923 1965 980 1986 suo

208 2020 314 2054 motu3
337 2019 368 2046 et
387 2015 471 2055 quod
488 2014 541 2051 sic,
559 2013 685 2043 videtur
701 2021 708 2042 t
727 2011 801 2051 quia
820 2011 932 2041 dicitur
944 2013 953 2028 ²
972 2020 977 2039 ε

209 2073 286 2101 Cum
309 2071 390 2108 fores
405 2070 507 2100 essent
527 2067 659 2104 olaus-ce,
681 2065 765 2104 quod
785 2065 874 2095 Jesus
894 2064 981 2095 stetit

207 2126 243 2155 in
259 2123 380 2161 meatim·
396 2124 427 2152 et
445 2120 617 2159 Gregorius
633 2118 723 2156 dicit,
747 2117 831 2157 quod
853 2119 980 2155 propter

207 2177 411 2207 subtilitatem
436 2175 516 2205 ostia
540 2173 645 2202 elausa
669 2180 731 2201 non
754 2170 945 2200 obstiterunt
970 2179 976 2199 :

207 2239 294 2269 ergo,
312 2232 368 2260 ete.

246 2283 323 2313 lteni
341 2282 460 2312 ratione
476 2280 601 2309 videtur
618 2288 625 2308 :
642 2277 718 2317 quia
734 2285 846 2315 corpus
861 2276 977 2314 glorio·

204 2346 275 2367 sum
291 2336 323 2365 in
338 2344 395 2365 suo
411 2336 501 2363 motu
515 2342 576 2362 non
593 2333 692 2371 potest
709 2329 862 2360 retardari
879 2340 884 2358 :
901 2338 978 2367 ergo

203 2399 260 2420 nee
287 2388 431 2428 impediri
458 2397 464 2416 z
491 2389 522 2415 et
547 2386 572 2415 si
600 2394 660 2414 non
687 2385 786 2423 potest
812 2382 976 2421 impediri,

203 2454 281 2482 ergo
307 2441 384 2472 nihil
408 2442 506 2480 potest
527 2440 555 2469 ei
580 2439 746 2469 resistere:
765 2446 842 2474 ergo
864 2437 896 2466 in
920 2445 977 2466 suo

203 2498 291 2526 niotu
308 2497 407 2535 potest
423 2502 516 2523 omne
532 2501 646 2531 corpus
664 2492 837 2530 penetrare.

235 2561 238 2571 ¹
252 2558 291 2588 Cf.
306 2559 330 2581 5,
342 2558 444 2580 Tliom..
455 2556 481 2579 in
494 2554 579 2585 Suppl.
593 2561 616 2583 p.
633 2554 710 2582 unq.
726 2557 833 2580 Lxxxnl,
848 2553 895 2574 art.
911 2555 934 2578 1;
952 2554 976 2575 vt

204 2594 233 2617 IV
250 2594 329 2621 Sem„
345 2593 402 2616 dist.
418 2597 489 2620 xmv,
505 2598 529 2621 q.
547 2596 574 2617 11,
593 2591 640 2612 aut.
656 2591 683 2617 23
700 2587 828 2615 nit-imru,
849 2587 879 2610 lt*
898 2588 976 2613 fient„

201 2630 258 2652 dist.
282 2635 357 2657 xmx,
377 2631 423 2651 art.
451 2629 474 2657 ι,
498 2634 522 2657 q.
547 2633 574 2655 η
597 2624 686 2647 Ήιυω.
708 2624 822 2652 Argeut„
846 2622 875 2644 ΙΥ
897 2623 976 2651 Sent„

201 2664 258 2688 dist.
281 2670 356 2694 nix,
381 2670 404 2694 q.
430 2669 453 2693 1,
479 2664 525 2686 art.
549 2662 574 2690 43
598 2659 686 2689 steph.
712 2657 814 2686 BruleL,
841 2657 869 2680 tv
896 2658 975 2687 Sent,

774 190 1047 221 sEN'rtcN'rlARU
1055 191 1080 221 u
1105 191 1175 221 ΜΒ,
1207 190 1253 220 lV.

1084 258 1177 295 Item,
1201 258 1226 287 si
1251 266 1314 287 nou
1336 259 1437 297 potest
1451 259 1615 296 penetrare
1631 266 1726 288 omne
1744 267 1812 289 cor-

1043 320 1113 350 pus,
1125 320 1198 341 eum
1210 310 1357 350 possibile
1371 310 1411 340 sit
1427 310 1504 341 illud
1519 310 1650 348 includi,
1668 311 1814 350 possibile

1041 366 1121 393 esset
1144 363 1219 393 illud
1243 363 1428 393 incarcerari
1447 363 1523 393 :sed
1545 373 1613 394 esse
1632 364 1666 393 in
1690 372 1814 394 carcere

1041 419 1087 446 est
1103 416 1239 446 miseriae
1256 427 1262 445 ;
1279 424 1357 455 ergo
1373 415 1518 455 possibile
1533 418 1579 446 est
1598 416 1727 446 beatum
1745 416 1814 446 fieri

1042 470 1205 499 miserum.

1081 522 1158 552 item
1188 522 1398 553 Damascenus
1424 522 1483 559 ait,
1514 522 1598 561 quod
1626 522 1664 552 de
1691 522 1814 554 Christo

1043 576 1172 606 Domino
1201 578 1270 615 post
1299 575 1559 605 resurrectionem
1586 575 1734 615 quaedam
1762 576 1814 606 di-

1039 632 1156 660 cuntur
1177 629 1352 659 secundum
1373 629 1656 668 dispensationem,
1677 631 1713 659 ut
1727 629 1813 660 cica-

1039 683 1144 719 trices,
1169 682 1298 720 cibatio,
1321 682 1452 721 potatio,
1472 682 1620 722 quaedam
1636 682 1812 714 seeundum

1038 739 1198 773 naturam,
1215 738 1250 766 ut
1265 736 1396 766 transire
1411 735 1450 765 de
1467 735 1534 766 loco
1548 735 1587 766 ad
1602 735 1709 766 locum
1727 735 1811 766 insa·

1038 789 1222 827 tigabiliter,
1237 791 1267 818 et
1281 788 1397 819 clausis
1408 788 1517 827 ‚ianuis
1532 788 1650 819 intrare
1667 798 1674 818 :
1692 797 1771 828 ergo
1786 789 1811 819 si

1038 842 1098 873 hoc
1108 845 1154 872 est
1165 842 1202 872 de
1213 844 1327 872 natura
1336 841 1476 881 eorporis
1487 841 1631 880 gloriosi,
1643 843 1738 881 patet,
1751 843 1810 872 etc.

1078 894 1214 925 Contra:
1234 898 1260 924 l.
1285 894 1364 924 (lum
1389 894 1503 924 subtile
1526 896 1557 924 et
1575 902 1685 924 rarum
1707 893 1813 924 obviet

1037 949 1128 986 duro,
1145 958 1208 979 non
1222 949 1376 988 penetrat,
1392 947 1444 978 sed
1458 948 1653 986 penetratur,
1668 948 1704 977 ut
1716 948 1810 986 patet,

1037 1002 1111 1041 qnia
1122 1002 1200 1041 lapis
1209 1001 1319 1031 dividit
1329 1009 1446 1037 aerem,
1457 1002 1487 1030 et
1498 1000 1609 1030 transit
1623 1008 1679 1038 per
1690 999 1810 1039 ipsum:

1038 1055 1062 1084 si
1075 1064 1152 1093 ergo
1165 1064 1277 1094 corpus
1289 1053 1463 1092 gloriosum
1474 1055 1520 1083 est
1530 1051 1656 1088 subtile,
1668 1060 1746 1091 ergo
1757 1060 1813 1092 per

1037 1108 1124 1138 illam
1137 1108 1240 1139 dotem
1257 1116 1320 1138 non
1333 1107 1481 1137 convenit
1492 1106 1551 1136 sibi
1566 1108 1742 1145 penetrare,
1758 1105 1811 1136 sed

1038 1160 1141 1198 potius
1161 1158 1330 1198 penetrari.

1077 1215 1106 1243 2.
1124 1212 1202 1242 Item
1218 1221 1331 1251 eorpus
1347 1211 1524 1250 gloriosum
1540 1219 1604 1241 non
1620 1212 1667 1240 est
1682 1210 1812 1249 majoris

1037 1266 1227 1304 subtilitatis,
1245 1275 1341 1305 quam
1357 1265 1464 1295 radius
1479 1264 1528 1295 vel
1544 1273 1598 1294 aer
1613 1275 1619 1294 :
1633 1264 1688 1294 sed
1703 1263 1811 1294 radius

1037 1329 1093 1350 sua
1104 1319 1275 1349 subtilitate
1286 1327 1348 1348 non
1360 1320 1503 1358 penetrat
1515 1326 1647 1356 corpora
1659 1325 1768 1356 opaca,
1781 1319 1812 1347 et

1036 1381 1090 1402 aer
1109 1381 1173 1402 non
1195 1374 1337 1412 penetrat
1359 1371 1420 1401 nisi
1443 1379 1556 1410 porosa
1575 1380 1580 1399 z
1599 1378 1677 1409 ergo
1698 1377 1812 1409 eorpus

1037 1426 1213 1465 gloriosum
1231 1435 1292 1455 non
1310 1427 1410 1464 potest
1426 1424 1532 1454 omnia
1548 1425 1723 1463 penetrare.

1077 1482 1105 1509 3.
1120 1479 1208 1516 item,
1221 1479 1245 1508 si
1265 1480 1418 1518 penetrat,
1430 1480 1485 1507 aut
1499 1477 1557 1507 hoc
1569 1478 1616 1507 est
1630 1475 1810 1514 dividendo,

1037 1536 1091 1563 aut
1115 1533 1321 1563 subintrando
1346 1541 1402 1571 per
1427 1540 1536 1571 poros,
1562 1533 1617 1560 aut
1637 1529 1733 1559 simul
1759 1537 1811 1559 co—

1036 1587 1199 1617 existendo
1216 1597 1222 1616 :
1241 1586 1265 1615 si
1288 1585 1473 1622 dividendo,
1497 1583 1551 1614 sed
1572 1582 1720 1623 quaedam
1737 1584 1812 1612 sunt

1037 1648 1169 1678 corpora
1180 1639 1384 1669 indivisibilia
1395 1640 1425 1668 et
1436 1637 1615 1667 insecabilia
1626 1646 1633 1673 ;
1648 1636 1723 1666 item
1737 1636 1811 1665 sunt

1036 1693 1109 1728 alia,
1126 1702 1199 1731 quae
1219 1702 1293 1722 cum
1310 1691 1503 1728 dividantur,
1522 1697 1688 1729 nunquam
1702 1688 1812 1727 rejun-

1037 1748 1173 1783 gentur·,
1189 1747 1261 1775 sunt
1275 1747 1305 1774 et
1320 1744 1391 1781 alia,
1408 1753 1480 1783 quae
1497 1743 1522 1773 si
1534 1742 1730 1779 dividantur,
1746 1749 1813 1771 cor-

1036 1801 1232 1838 rumpuntur
1260 1808 1266 1828 2
1293 1806 1371 1835 ergo
1397 1805 1470 1827 cum
1496 1804 1611 1836 corpus
1637 1794 1812 1834 gloriosum

1036 1852 1116 1881 nihil
1127 1851 1278 1888 destruet,
1291 1859 1354 1880 uon
1368 1850 1470 1880 solum
1486 1850 1520 1888 (c)
1538 1848 1623 1888 quod
1638 1856 1701 1878 non
1715 1847 1812 1887 possit

1036 1905 1171 1942 destrui,
1192 1904 1245 1934 sed
1259 1904 1355 1934 etiam
1369 1902 1455 1941 quod
1470 1901 1583 1940 possit,
1600 1909 1664 1930 non
1678 1900 1809 1930 omnino

1036 1958 1150 1998 poterit
1165 1959 1330 1997 penetrare
1345 1955 1455 1986 saltem
1470 1963 1669 1994 empyreum.
1687 1952 1720 1984 Si
1734 1953 1810 1984 sub-

1037 2011 1185 2041 intrando
1198 2019 1253 2050 per
1264 2018 1368 2049 poros,
1382 2008 1435 2038 sed
1447 2008 1515 2046 pori
1526 2009 1600 2037 sunt
1609 2006 1810 2037 discontinui:

1035 2074 1115 2103 ergo
1130 2072 1256 2094 necesse
1272 2064 1354 2093 esset
1368 2070 1482 2100 corpus
1497 2060 1674 2099 gloriosum
1688 2059 1811 2090 discon-

1035 2117 1164 2148 tinuari.
1178 2116 1210 2146 Si
1223 2116 1319 2145 simul
1329 2113 1541 2150 coexistendo,
1554 2112 1606 2143 sed
1620 2111 1812 2152 impossihile

1035 2176 1080 2202 est
1100 2181 1156 2211 per
1175 2173 1321 2201 naturam
1333 2173 1343 2188 ³
1363 2170 1426 2199 duo
1449 2176 1581 2207 corpora
1599 2176 1667 2197 esse
1688 2166 1784 2197 simul
1801 2177 1807 2196 :

1035 2225 1089 2256 sed
1113 2224 1216 2263 gloria
1238 2232 1300 2253 non
1325 2222 1426 2252 aufert
1444 2223 1618 2251 naturam:
1637 2228 1729 2258 ergo,
1751 2221 1810 2250 etc.

1035 2278 1122 2314 Quod
1139 2279 1246 2307 autem
1265 2276 1328 2306 duo
1344 2283 1475 2314 corpora
1493 2282 1559 2303 esse
1575 2272 1671 2303 simul
1692 2272 1725 2302 in
1740 2271 1811 2312 phi-

1035 2331 1176 2370 losophia
1186 2330 1227 2359 sit
1240 2327 1445 2368 impossibile,
1458 2327 1532 2357 dicit
1548 2326 1626 2356 ratio
1637 2325 1808 2362 ostensiva,

1033 2384 1109 2422 quia
1123 2382 1246 2422 corpori
1263 2381 1395 2412 debetur
1407 2380 1505 2416 locus,
1522 2382 1557 2409 ut
1572 2379 1699 2418 propria
1718 2387 1807 2409 men-

1033 2469 1089 2491 dist.
1121 2474 1193 2496 xux,
1217 2474 1243 2496 «ι.
1275 2472 1341 2495 xix3
1369 2466 1456 2488 Petrus
1481 2464 1512 2487 de
1535 2464 1652 2493 'rai-unt,
1676 2464 1705 2487 tV
1727 2463 1808 2490 Sem„

1033 2504 1090 2526 dist.
1106 2508 1179 2529 xmx,
1193 2508 1217 2532 q.
1235 2507 1320 2524 xxi.—
1336 2502 1343 2514 '-'
1357 2502 1440 2528 Joan„
1455 2505 1495 2528 xx,
1516 2500 1584 2523 19.—
1601 2499 1611 2515 ³
1623 2497 1806 2529 Arist.,1¹hys.‚

1033 2540 1074 2562 lib.
1093 2539 1134 2567 lv,
1151 2540 1219 2562 cont.
1235 2539 1258 2560 4.

1065 2589 1097 2615 (a)
1108 2586 1166 2610 Coet.
1179 2586 1241 2609 edit.
1259 2590 1442 2609 animums—
1456 2582 1491 2612 (b)
1510 2583 1571 2607 Coel.
1587 2582 1646 2607 edit.
1663 2583 1745 2606 omitt.
1758 2581 1806 2606 aliu

1032 2629 1153 2653 corpora2
1167 2621 1295 2651 secundo,
1314 2621 1344 2644 de
1359 2620 1413 2650 ipsa
1430 2626 1475 2650 per
1490 2618 1708 2649 comparationem
1723 2617 1764 2642 ad.
1776 2630 1803 2635 —

1035 2659 1062 2688 (c)
1079 2659 1140 2682 Coet.
1154 2657 1214 2680 edit.
1231 2664 1277 2680 non
1292 2656 1382 2679 habent
1395 2661 1448 2678 non
1460 2654 1552 2678 solum.

1828 907 1859 927 Ad
1881 912 1932 933 opp.
