1991 3006
77 541 180 564 Fundam,

64 1552 96 1572 Ad
117 1559 168 1579 opp,

491 199 586 230 DIST.
609 197 711 229 XLIX.
735 197 850 228 PART.
874 197 911 227 Il.
935 196 1025 227 ART.
1049 197 1086 227 ΙΙ.
1111 196 1215 228 SECT.
1239 197 1277 228 ΙΙ.
1301 196 1450 234 QUAEST.
1474 196 1497 227 l.

464 328 640 365 QUAESTlo
659 328 696 358 Il.

200 410 244 435 An
255 416 365 443 corpora
375 409 493 442 ,qlorz'osa
507 410 609 442 possint
623 410 775 435 claritatem
789 415 863 434 suam
877 415 967 434 secun-

233 452 294 478 dnm
304 454 445 487 imperium
455 454 552 479 animoe
563 453 645 479 oculis
659 454 759 479 nostris
774 453 904 478 occultare
920 454 937 477 ¹.

237 531 279 562 De
295 532 433 562 claritate
449 532 482 561 in
497 532 730 570 comparatione
743 542 750 568 3
767 533 798 561 et
812 531 966 570 quaeritur

196 586 306 614 utrum
331 593 464 624 corpora
489 584 627 623 gloriosa
648 585 767 623 possint
792 583 965 613 claritatem

197 646 286 667 suam
316 637 489 668 secundum
518 637 689 676 imperium
721 637 837 667 animae
867 637 966 667 oculis

196 690 311 720 nostris
326 689 495 720 occultare.
514 689 550 719 Et
565 690 646 728 quod
664 690 719 727 sic,
737 690 872 728 videtur,
890 690 965 729 quia

196 741 336 773 Christus
358 745 427 782 post
447 743 711 773 resurrectionem
732 744 879 783 apparuit
898 743 963 772 ‹lis-

195 795 307 835 cipulis
330 796 361 826 in
384 796 493 826 eadem
513 796 637 835 effigie,
659 800 688 826 et
707 796 828 833 colore,
850 797 882 826 in
901 806 964 836 quo

194 849 282 888 prius
297 858 304 879 :
321 849 373 879 sed
387 849 468 880 sicut
482 849 554 879 dicit
567 850 765 888 Augustinus
777 849 815 881 de
828 850 963 881 Civitace

194 902 290 933 Dei’:
313 914 327 931 (ι
342 902 483 933 Christus
503 912 560 933 sua
580 903 809 933 resurrectione
829 904 963 934 ostendit

192 955 285 994 quale
307 956 347 985 sit
369 956 513 986 futurum
536 965 651 995 corpus
671 958 855 987 nostrum.»
878 956 963 995 Ergo

191 1008 253 1038 alia
268 1018 400 1048 corpora
415 1009 560 1039 similiter
575 1011 734 1048 poterunt.

232 1061 309 1092 Item
324 1071 439 1101 corpus
457 1061 533 1091 illud
550 1064 595 1091 est
611 1062 643 1091 in
660 1062 795 1100 perfecta
811 1062 961 1092 obedien-

190 1114 233 1144 tia
256 1116 399 1153 respectu
420 1114 535 1144 animae
554 1125 560 1144 :
586 1123 665 1152 ergo
688 1116 817 1153 apparet
841 1117 870 1144 et
895 1124 959 1144 res-

189 1166 314 1206 plendet
329 1167 505 1197 secundum
521 1167 591 1206 plus
607 1170 636 1197 et
653 1168 758 1197 minus
770 1191 777 1204 ,
795 1170 829 1197 ut
845 1168 960 1198 animae

188 1219 298 1258 placet.

229 1273 305 1302 Item
321 1273 443 1303 claritas
457 1273 509 1303 illu
523 1273 623 1303 oculis
636 1282 699 1303 non
715 1273 899 1312 glorificatis
914 1277 959 1304 est

186 1325 505 1365 improportionabilis
520 1337 526 1355 :
546 1335 625 1365 ergo
642 1327 725 1366 quor‘l
743 1327 782 1357 ab
797 1328 841 1357 eis
855 1327 960 1358 videa-

187 1381 248 1416 tur,
266 1381 312 1409 est
328 1379 599 1410 condescensionis
615 1391 620 1409 :
641 1389 720 1419 ergo
735 1380 901 1411 occultatio
915 1381 958 1420 ip-

186 1433 251 1462 sius
266 1442 284 1463 a
300 1433 414 1463 nostris
424 1433 523 1463 oculis
536 1437 581 1463 est
592 1433 629 1463 de
643 1435 758 1463 natura
774 1434 872 1473 ipsius
886 1434 956 1472 glo-

185 1486 277 1516 riosae
291 1486 381 1516 lucis,

224 1539 337 1570 Contra
352 1550 358 1569 :
377 1543 404 1570 1.
423 1540 546 1576 Quanto
559 1540 678 1580 aliquid
692 1540 882 1570 luminosius
896 1543 953 1578 est,

183 1594 270 1622 tanto
286 1593 391 1622 minus
405 1594 505 1632 potest
518 1593 622 1623 visum
636 1593 731 1623 latvre
747 1604 752 1623 :
773 1593 824 1623 sed
841 1602 955 1632 corpus

183 1644 359 1682 gloriosum
371 1648 417 1675 est
433 1646 538 1684 magis
551 1646 762 1683 luminosum,
781 1655 875 1685 quam
891 1655 954 1676 non

183 1696 358 1735 gloriosum
372 1708 378 1727 ε
402 1698 455 1728 sed
470 1698 530 1729 hoe
544 1707 609 1728 non
625 1701 725 1737 potest
740 1699 836 1729 latere
851 1710 856 1729 z
874 1708 954 1738 ergo

183 1758 240 1780 nec
254 1750 343 1781 illud.

222 1804 251 1832 Ξ.
277 1802 354 1833 Item
379 1803 434 1833 lux
459 1812 491 1833 se
517 1804 696 1833 manifestat
722 1803 950 1834 illuminando:

182 1856 235 1886 sed
259 1856 440 1886 illuminare
467 1859 513 1886 est
536 1858 625 1886 actus
650 1856 727 1886 lucis
746 1857 898 1887 naturalis
923 1860 952 1887 et

181 1909 380 1939 essentialis:
407 1918 487 1948 ergo
510 1918 582 1939 cum
609 1909 686 1939 nihil
712 1910 809 1949 possit
834 1910 951 1949 privari

182 1963 252 1992 actu
266 1962 422 1992 essentiali
436 1986 443 2000 ,
462 1963 529 2001 ipso
545 1962 665 1992 salvato
679 1962 712 1992 in
729 1971 796 1992 esse
806 1973 813 1999 ;
832 1963 950 2002 impos-

181 2014 269 2045 sibile
291 2018 337 2045 est
359 2015 436 2054 quin
462 2024 576 2054 corpus
599 2015 773 2054 gloriosum
799 2015 948 2047 irradiet:

181 2076 258 2107 ergo
282 2068 478 2108 impossibile
499 2070 545 2098 est
565 2068 641 2107 quin
666 2067 841 2105 illuminet⁷
869 2071 899 2098 ct
919 2079 950 2099 se

180 2121 261 2151 visui
279 2121 465 2151 manifestet.

221 2176 250 2204 3.
276 2173 351 2204 ltem
364 2198 372 2211 ,
397 2174 478 2204 sicut
496 2183 528 2204 se
549 2174 643 2204 hahet
664 2174 727 2213 peti
747 2174 785 2204 ad
806 2174 948 2214 impassi-

181 2226 253 2264 bile,
270 2227 315 2257 ita
327 2227 476 2257 occultari
492 2227 531 2256 ad
546 2227 647 2257 lucem
664 2237 670 2256 :
688 2227 741 2256 sed
756 2236 871 2266 corpus
885 2228 951 2265 glo-

180 2279 300 2310 riosum
324 2289 385 2310 non
410 2282 507 2319 potest
533 2279 593 2319 pati
608 2303 615 2315 ,
640 2280 714 2319 quia
739 2282 784 2310 est
805 2280 948 2320 impassi-

180 2332 261 2362 bile:
292 2341 372 2371 ergo
402 2341 457 2362 nec
488 2333 660 2368 occultari,
691 2342 764 2362 cum
788 2333 827 2363 sit
853 2333 947 2363 lumi-

179 2394 305 2416 nosum.

212 2449 216 2460 “
237 2448 278 2477 Cf.
296 2448 322 2472 S.
336 2448 437 2477 Thomu,
453 2449 478 2472 in
494 2448 582 2478 Suppl.
598 2455 622 2478 p.
641 2449 686 2474 ill.
707 2456 731 2479 q.
754 2455 846 2477 Lxxxv,
859 2451 905 2472 art.
922 2452 947 2479 :3;

181 2484 260 2511 Soet„
277 2483 307 2506 iv
323 2483 400 2509 Sent.,
417 2483 474 2506 dist.
488 2490 558 2513 xmx,
572 2491 596 2513 q.
610 2489 668 2513 xrv5
684 2483 810 2513 luchard„
827 2485 856 2506 lV
871 2486 949 2508 Sem..

180 2517 237 2541 dist.
255 2524 328 2548 xLix,
349 2520 395 2541 art.
419 2520 442 2548 4,
462 2526 486 2549 q.
507 2524 546 2547 v1;
569 2518 659 2541 Thom.
682 2520 794 2548 Argent.⁷
818 2520 846 2543 lv
869 2521 949 2549 sumt„

180 2553 237 2577 dist.
260 2559 336 2583 xm,
357 2560 381 2584 q.
406 2560 428 2583 1,
452 2556 497 2577 ert.
524 2555 550 2583 13
575 2553 661 2584 Steph.
688 2554 790 2584 Brulet'.,
816 2555 845 2578 ΙΥ
870 2555 949 2584 Sem„

180 2588 236 2612 «list.
263 2594 338 2619 xLix,
364 2596 389 2619 q.
415 2594 493 2617 xvim
518 2589 606 2611 Petrus
629 2589 660 2612 de
683 2589 795 2619 Tarant.,
819 2590 848 2613 lV
872 2591 950 2618 Sent.,

181 2624 237 2647 dist.
253 2630 323 2654 xle,
340 2632 365 2655 q.
383 2631 427 2648 xx.
438 2637 468 2642 —-
482 2625 491 2638 ²
506 2627 580 2655 Aug„
596 2624 626 2647 tle
646 2624 722 2648 Civis.
743 2625 798 2655 Dei,
813 2625 855 2649 lib.
874 2627 948 2656 xxii,

181 2666 200 2683 e.
218 2665 250 2683 xv
265 2662 290 2683 et
305 2665 356 2683 xV1.
374 2673 399 2677 —
411 2660 421 2676 ³
433 2660 489 2684 Vid.
506 2662 552 2683 art.
566 2667 622 2690 sup.

302 2713 376 2736 Tou.
399 2713 443 2736 Vl.

1731 199 1789 228 593

1297 325 1517 357 CONCLUSIO.

1024 410 1142 445 Corpora
1166 411 1281 443 gloriosa
1300 412 1412 444 possunt
1434 410 1586 436 claritatem
1603 417 1679 436 suam
1699 417 1789 436 secun-

1058 455 1120 481 dum
1135 455 1276 488 imperium
1291 455 1388 480 animm
1400 454 1484 480 oculis
1497 454 1594 480 nostris
1607 453 1749 484 occultare,
1767 456 1792 480 ec

1058 499 1137 525 etiam
1153 497 1293 524 ostendere.

1062 581 1153 621 Resp.
1171 581 1210 612 ad
1224 590 1296 620 arg.
1314 581 1359 611 Ad
1376 582 1436 611 hoc
1450 582 1558 612 dicunt
1572 582 1690 622 aliqui,
1706 582 1790 622 quod

1022 634 1146 664 claritas
1167 635 1305 674 eorporis
1328 634 1458 672 gloriosi
1482 635 1566 664 visui
1587 635 1726 674 glorioso
1745 638 1791 666 est

1023 688 1204 724 manifesta,
1228 690 1257 718 et
1274 688 1302 718 ei
1318 688 1464 718 occultari
1481 698 1545 719 non
1560 691 1660 728 potest
1675 699 1682 726 ;
1699 689 1790 719 oculo

1022 749 1087 770 non
1102 740 1277 779 glorificato
1295 743 1340 771 est
1362 740 1483 771 occulta
1494 764 1503 778 ,
1525 743 1555 770 et
1569 741 1596 771 ei
1610 750 1673 771 non
1689 744 1791 780 potest

1021 793 1213 823 manifestari
1226 817 1234 830 ,
1255 793 1331 832 quia
1345 795 1392 823 est
1406 793 1434 823 ei
1453 793 1787 832 improportionabilis.

1022 845 1122 884 Unde,
1139 847 1213 885 quia
1227 846 1383 876 occultare
1397 849 1443 876 est
1460 846 1497 876 de
1513 846 1676 876 manifesto
1690 847 1790 877 oecul-

1021 902 1088 930 tum
1113 900 1231 935 faeere;
1260 898 1329 929 ideo
1353 899 1461 929 dicunt
1485 899 1678 938 simpliciter,
1705 900 1789 939 quod

1020 962 1083 983 non
1108 955 1217 993 potest.
1245 951 1307 982 Nee
1330 954 1377 982 est
1401 952 1590 982 trahendum
1616 953 1655 983 ad
1677 962 1785 984 conse-

1019 1006 1181 1044 quentiam
1203 1005 1240 1035 de
1261 1005 1400 1042 Christo,
1426 1005 1501 1044 quia
1523 1005 1603 1035 Deus
1626 1009 1703 1036 erat.
1728 1006 1786 1037 Sed

1018 1058 1100 1089 istud
1123 1060 1169 1088 est
1190 1057 1308 1087 mirum
1330 1057 1449 1093 dicere,
1472 1058 1557 1097 quod
1580 1059 1703 1089 claritas
1719 1068 1785 1090 cor-

1018 1111 1132 1150 poralis
1147 1111 1277 1141 omnino
1297 1110 1336 1140 sit
1355 1110 1677 1150 improportionabilis
1691 1114 1720 1142 et
1735 1121 1786 1142 oc-

1017 1164 1120 1201 culta3
1144 1167 1174 1193 et
1193 1164 1285 1203 quia,
1307 1164 1331 1192 si
1352 1172 1414 1193 non
1435 1163 1468 1193 in
1486 1173 1535 1201 se,
1558 1164 1668 1194 saltem
1690 1166 1786 1204 possit

1018 1217 1116 1247 videri
1141 1217 1172 1246 in
1193 1216 1406 1247 irradiatione.
1434 1216 1468 1246 Et
1489 1220 1640 1256 praeterea
1663 1218 1786 1249 videtur

1017 1270 1160 1300 Christus
1184 1279 1247 1299 nou
1273 1269 1426 1299 miracula
1449 1270 1574 1307 secisse,
1607 1271 1658 1300 sed
1683 1280 1783 1310 ergu-

1015 1326 1120 1353 menla
1136 1322 1375 1353 resurrectionis
1390 1323 1569 1353 ostendisse.
1588 1322 1625 1353 Et
1641 1323 1709 1353 ideo
1724 1324 1783 1354 ali-

1014 1379 1061 1406 ter
1082 1375 1247 1406 (licendum
1261 1399 1268 1413 ,
1304 1375 1388 1414 quod
1413 1376 1552 1414 corporis
1575 1375 1710 1415 qualitas
1733 1386 1780 1407 se-

1014 1428 1155 1458 cundum
1170 1427 1364 1466 exigentiam
1380 1428 1449 1466 ejus
1461 1452 1468 1464 ,
1490 1428 1522 1457 in
1542 1437 1605 1467 quo
1620 1430 1682 1466 est,
1699 1429 1778 1467 agit.

1013 1482 1132 1522 Corpus
1146 1485 1252 1513 autem
1270 1482 1445 1520 gloriosum
1467 1484 1513 1512 est
1532 1482 1664 1519 subtile,
1682 1485 1713 1512 et
1728 1492 1783 1522 per

1011 1535 1217 1566 subtilitatem
1237 1543 1328 1565 suam
1348 1537 1448 1574 potest
1467 1543 1561 1565 omne
1580 1544 1643 1566 non
1664 1535 1783 1574 glorio-

1011 1598 1081 1619 sum
1091 1591 1265 1628 penetrare,
1276 1591 1311 1618 ut
1320 1588 1400 1618 infra
1411 1589 1537 1627 patebit.
1550 1588 1654 1619 Potest
1664 1590 1757 1620 etiam
1770 1592 1780 1608 ⁸

1010 1643 1164 1672 resistere.
1193 1642 1229 1672 Et
1253 1642 1322 1672 ideo
1345 1641 1414 1671 dico
1440 1641 1544 1680 quod,
1570 1642 1645 1682 quia
1666 1652 1779 1682 corpus

1010 1696 1186 1735 gloriosum
1208 1704 1264 1734 per
1278 1694 1425 1724 effectum
1442 1694 1615 1734 spiritualis
1629 1697 1776 1734 potentiae

1010 1751 1110 1788 potest
1124 1758 1217 1778 omne
1232 1757 1348 1787 corpus
1366 1749 1528 1786 penetrare
1539 1772 1548 1785 ,
1566 1750 1666 1787 potest
1681 1751 1711 1778 et
1722 1758 1777 1788 pe-

1008 1803 1132 1830 netrare
1147 1800 1294 1836 oculum;
1320 1801 1350 1829 et
1371 1800 1449 1828 tunc
1464 1807 1527 1828 non
1543 1798 1600 1828 erit
1616 1799 1775 1837 ohJectum

1007 1859 1094 1894 ejns;
1112 1857 1142 1884 et
1157 1855 1226 1884 ideo
1241 1856 1343 1893 potest
1357 1853 1464 1883 latere.
1482 1851 1619 1890 Rursus,
1635 1853 1709 1892 quin
1723 1862 1776 1892 po-

1008 1910 1067 1938 test
1082 1908 1204 1947 corpori
1220 1917 1252 1937 se
1266 1907 1402 1946 objicere
1412 1930 1419 1943 ‚
1440 1908 1541 1945 potest
1555 1909 1585 1935 et
1601 1906 1774 1937 claritatem

1007 1971 1096 1991 suam
1112 1961 1242 1991 omnino
1256 1960 1438 1996 ostendere,
1454 1959 1526 1989 licet
1539 1959 1649 1989 oculus
1663 1953 1785 1990 obtun-=

1007 2015 1109 2052 datur,
1126 2016 1157 2044 et
1171 2023 1234 2043 non
1249 2012 1507 2052 comprehendat.
1532 2011 1568 2042 Et
1583 2012 1658 2052 quia
1675 2015 1776 2052 potest

1007 2067 1137 2097 omnino
1156 2067 1252 2096 latere
1266 2065 1458 2105 penetrando
1473 2065 1641 2102 subtiliter,
1660 2067 1691 2095 et
1705 2075 1775 2096 om-

1006 2121 1082 2151 nino
1093 2123 1199 2160 patere
1209 2129 1241 2149 se
1251 2119 1429 2158 objiciendo
1442 2118 1618 2156 visibiliter,
1633 2120 1731 2158 potest
1744 2121 1775 2149 et

1008 2174 1110 2204 medio
1136 2173 1227 2203 inodo
1258 2173 1328 2212 plns
1356 2175 1386 2203 et
1414 2173 1519 2202 minus
1543 2182 1574 2202 se
1598 2173 1772 2203 ostendere.

1007 2227 1093 2257 Unde
1111 2227 1135 2256 si
1157 2227 1208 2256 hie
1228 2228 1309 2256 osset
1324 2226 1431 2256 anima
1453 2225 1592 2264 gloriosa
1613 2234 1686 2255 cnm
1705 2234 1775 2256 cor-

1006 2289 1081 2319 pore
1096 2279 1289 2318 glorificato,
1306 2279 1376 2317 plus
1393 2281 1423 2308 et
1438 2278 1544 2308 minus
1560 2282 1663 2317 posset
1675 2279 1713 2308 de
1724 2279 1773 2308 sui

1005 2333 1144 2372 corporis
1165 2332 1305 2362 claritate
1326 2332 1424 2362 oculis
1444 2332 1560 2362 nostris
1579 2331 1724 2362 claudere
1744 2334 1774 2361 et

1005 2386 1167 2416 ostendere
1183 2397 1189 2415 ι
1211 2388 1241 2415 et
1262 2386 1320 2415 boe
1334 2394 1390 2425 per
1407 2387 1555 2415 naturam
1571 2384 1656 2415 illam
1670 2395 1677 2421 ;
1699 2384 1774 2423 quia

1006 2449 1067 2469 non
1085 2441 1207 2468 tantuin
1223 2438 1344 2468 clarum
1358 2440 1423 2475 est,
1445 2439 1498 2469 sed
1518 2438 1748 2478 penetrativum
1761 2460 1772 2474 ,

1006 2494 1034 2522 et
1060 2491 1241 2531 spirituale,
1267 2491 1295 2520 id
1319 2494 1363 2521 est
1386 2492 1480 2530 agile.
1508 2491 1543 2521 Et
1567 2490 1772 2521 concedendae

1005 2548 1080 2575 sunt
1096 2546 1230 2575 rationes
1245 2545 1283 2575 ad
1299 2545 1380 2575 hanc
1394 2548 1528 2584 partem.

1047 2602 1074 2629 ¹.
1098 2598 1143 2629 Ad
1166 2598 1242 2628 illud
1266 2598 1349 2637 quod
1372 2598 1531 2637 objicitur,
1552 2597 1635 2636 qnod
1655 2600 1774 2637 quanto

1006 2652 1206 2688 luminosius,
1219 2652 1423 2681 tantominus
1436 2653 1535 2690 potest
1548 2651 1650 2681 visum
1663 2652 1771 2689 latere;

1619 2704 1656 2734 38

1820 593 1897 621 Opinio

1805 626 1902 648 aliorum.

1803 1020 1898 1050 Improb.

1818 1337 1881 1365 Opin.

1819 1370 1879 1393 noct.
