1991 3006
99 1112 132 1133 Ad
144 1119 195 1139 opp.

100 2500 205 2520 Fundam.

206 177 263 206 44⁶2

206 241 287 281 galis
307 252 325 272 a
343 244 431 281 patre
448 243 702 274 communicatur
723 243 818 274 siliis:
844 252 907 273 non
929 243 972 273 sic

205 297 342 334 oportet,
368 304 425 325 nec
447 295 560 325 debent
581 297 816 327 communicare
837 297 975 336 parenti-

206 349 279 385 bus;
297 349 382 378 etsie
399 351 479 388 patet
496 351 610 379 totum.

426 468 668 502 ARTICULUS
693 469 750 501 III.

246 560 489 600 Consequenter⁷
513 564 668 601 quantum
693 563 729 592 ad
753 562 882 592 tertium
899 562 975 592 arti-

206 614 330 651 culum,
354 614 512 653 quaeritur
536 615 574 645 de
595 615 731 645 secundo
756 615 870 645 foenere
895 624 975 654 nup-

207 669 290 705 tiali;
316 671 346 699 et
370 669 453 699 circa
476 670 535 699 hoc
556 672 744 709 quaeruntur
767 670 847 699 tria:
875 669 977 708 primo

206 722 373 761 quaeritur,
386 725 495 752 utrum
507 723 653 753 secundae
665 723 784 761 nuptiae
796 723 857 752 sint
868 722 975 759 licitae;

207 775 355 813 secundo,
377 777 484 805 utrum
510 776 571 805 sint
592 775 852 812 sacramentales;
873 775 976 811 tertio.

207 831 315 859 utrum
328 828 389 858 sint
405 828 613 858 honorabiles.

481 935 661 973 QUAESTlo
687 936 708 966 Ι.

325 1018 369 1044 An
394 1017 515 1044 secmzcloe
541 1018 642 1051 uuptz‘oe
666 1018 721 1043 sint
747 1016 859 1043 Ιίοίταιὶ.

251 1097 336 1128 Circa
355 1098 495 1137 primum
519 1097 695 1127 ostenditur
721 1097 805 1136 quod
832 1097 979 1127 seeundae

210 1151 330 1190 nuptiae
352 1160 417 1181 non
438 1153 512 1181 sunt
536 1151 640 1181 licitae.
663 1153 690 1180 1.
708 1149 951 1189 chrysostomus
973 1160 979 1180 ι

215 1203 417 1234 «Secundum
429 1204 536 1233 virum
553 1204 703 1243 accipere,
714 1202 887 1233 secundum
904 1212 982 1241 prae-

210 1259 334 1296 ceptum
351 1257 489 1297 Apostoli
515 1257 651 1294 licitum,
675 1255 849 1286 secundum
872 1256 982 1285 verita·

209 1313 273 1341 tem
288 1310 451 1340 fornicatio
465 1312 545 1340 est.»
563 1310 623 1340 Sed
635 1310 673 1340 de
688 1318 883 1348 unoquoque
894 1308 980 1348 J'udi-

209 1364 345 1394 candum
375 1366 421 1393 est
450 1363 624 1393 secundum
667 1363 833 1393 veritatem
865 1373 871 1392 :
902 1371 982 1400 ergo

209 1417 356 1447 secundae
377 1417 497 1456 nuptiae
518 1425 581 1446 non
606 1418 681 1446 sunt
702 1416 806 1452 licitae,
830 1424 903 1446 oum
926 1424 983 1445 nec

209 1470 381 1501 fornicatio.

250 1527 279 1554 Ξ.
296 1523 374 1554 Item
390 1523 596 1553 Ambrosius:
617 1535 631 1551 c<
644 1523 671 1553 A
686 1523 824 1553 secundo
842 1522 892 1553 die
907 1522 984 1552 sub-

210 1578 306 1609 traxit
322 1577 403 1608 Deus
418 1577 680 1613 benedictionem,
698 1577 789 1606 nobis
808 1576 983 1615 intelligen-

211 1631 286 1662 tiam
309 1630 547 1669 derelinquens⁷
564 1638 627 1659 non
650 1629 769 1659 honum
785 1638 852 1659 esse
873 1629 982 1659 matri»

212 1685 355 1715 monium
371 1684 503 1724 duplex,
526 1684 600 1723 quia
621 1684 660 1713 ab
683 1683 804 1713 unitate
827 1683 979 1713 dividit.»

214 1738 273 1768 Sed
297 1738 337 1768 ibi
360 1738 611 1777 praefigurantur
633 1737 843 1767 secundarum
866 1737 985 1767 foedera

212 1791 415 1831 nuptiarum:
432 1799 520 1829 ergo,
537 1793 595 1820 etc.

252 1847 281 1875 3.
304 1844 381 1875 Item
406 1844 527 1874 ratione
553 1843 703 1873 videtur:
732 1842 806 1882 quia
832 1842 985 1881 bigamus

212 1906 276 1928 non
290 1899 389 1936 potest
404 1896 585 1936 promoveri
600 1896 638 1926 ad
649 1904 755 1926 sacros
765 1895 891 1925 ordines
906 1907 911 1925 :
930 1896 983 1926 sed

214 1960 307 1990 poena
320 1960 385 1981 non
400 1950 559 1988 infligitur
572 1949 632 1979 nisi
649 1958 705 1988 pro
722 1949 815 1988 culpa
831 1960 838 1978 :
861 1957 939 1986 ergo
954 1949 986 1978 in

215 2004 359 2043 bigamia
373 2006 419 2034 est
433 2003 535 2043 culpa.

255 2060 284 2087 4.
298 2057 375 2087 Item
387 2058 549 2096 peccatum
561 2057 606 2085 est
620 2055 737 2085 habere
748 2054 855 2093 plures
869 2063 987 2084 uxores

217 2111 321 2149 simul⁷
341 2110 400 2140 nisi
415 2109 613 2149 dispensetur
628 2117 646 2138 a
661 2108 742 2138 Deo:
760 2116 840 2145 ergo
856 2108 923 2146 pari
941 2116 989 2137 ra-

217 2165 302 2194 tione
326 2163 452 2194 videtur
471 2171 537 2193 esse
561 2163 721 2201 peccatum
741 2161 847 2200 plures
872 2160 988 2191 habere

217 2217 404 2247 successive.
430 2215 462 2246 Si
485 2216 585 2253 dicas,
610 2214 694 2254 quod
718 2223 781 2244 non
803 2216 849 2244 est
873 2213 985 2251 simile,

217 2270 292 2310 quia
302 2278 375 2299 cum
387 2269 449 2298 sint
463 2268 567 2305 simul,
582 2267 618 2297 sit
630 2267 744 2306 injuria
758 2267 869 2306 primae
879 2267 986 2304 uxori,

218 2332 280 2353 non
308 2322 366 2359 ita,
399 2322 426 2351 si
448 2321 486 2361 (a)
518 2320 714 2356 successive3
745 2321 854 2349 contra
882 2330 888 2349 z
922 2321 988 2349 esto

218 2375 302 2415 quod
319 2375 422 2414 prima
437 2383 518 2404 uxor
536 2374 620 2411 velit,
637 2372 845 2403 nihilominus
861 2376 908 2403 est
922 2382 989 2412 pec-

219 2430 325 2459 catum
341 2438 347 2458 :
364 2436 454 2466 ergo,
472 2428 531 2456 etc.

259 2481 391 2512 Contra:
413 2480 575 2510 Abraham
596 2479 749 2509 secundas
771 2479 898 2518 nuptias
913 2488 987 2509 con-

253 2543 313 2573 ¹Cf.
332 2544 357 2567 S.
375 2543 475 2571 Thom.y
495 2541 520 2565 in
540 2540 626 2571 Suppl.
647 2548 671 2570 p.
695 2541 737 2570 ΙΙΙ,
757 2547 781 2570 q.
802 2546 880 2566 ani.
898 2543 945 2564 art.
965 2543 989 2570 1;

221 2580 251 2603 lv
266 2579 344 2607 Sem„
358 2578 414 2602 dist.
432 2583 500 2606 ηπ,
515 2584 539 2607 q.
554 2582 598 2604 ιιι,
615 2578 661 2599 art.
679 2578 703 2605 v13
720 2575 846 2604 Richard„
864 2576 893 2598 lV
912 2576 990 2607 Sena,

220 2614 277 2638 dist.
305 2619 374 2644 xm,
397 2614 445 2637 art.
467 2614 494 2642 3,
519 2619 544 2643 q.
569 2617 593 2641 13
615 2611 701 2641 Steph.
730 2610 832 2639 Brulef„
853 2611 884 2634 tv
911 2612 991 2639 Sent..

221 2649 278 2673 dist.
292 2654 356 2680 nu,
369 2655 393 2680 q.
408 2654 457 2679 v115
471 2649 537 2672 Petr.
550 2647 580 2671 de
594 2647 706 2677 Tarant„
719 2646 747 2671 lv
764 2645 844 2676 Sem..
855 2647 912 2670 dist.
927 2652 990 2678 an,

767 175 1073 208 SENTENTlARUM
1098 178 1128 208 Li
1136 178 1167 208 Β.
1194 178 1242 210 Ν.

1032 244 1129 274 traxit
1145 245 1155 261 ⁸
1170 254 1241 275 cuin
1266 244 1418 283 Genium,
1439 248 1470 275 et
1492 246 1524 275 in
1545 246 1605 276 hoc
1618 255 1682 276 non
1698 248 1735 285 (b)
1750 256 1800 278 re-

1032 298 1254 336 prehenditur:
1270 308 1349 337 ergo
1366 298 1485 329 licitum
1496 299 1555 329 fuit
1569 299 1616 329 ei:
1632 301 1663 329 et
1672 299 1727 337 sic,
1741 302 1801 331 etc.

1074 351 1149 381 hem
1164 352 1174 367 ¹³
1192 363 1197 382 :
1222 352 1295 384 Volo
1308 352 1457 391 juniores
1471 352 1603 390 nubere,
1621 353 1705 392 filios
1727 361 1804 392 pro-

1032 412 1151 441 creare,
1178 408 1292 437 matres
1314 406 1460 444 familias
1483 414 1571 437 esse:
1600 406 1741 445 loquitur
1766 406 1805 437 de

1033 457 1148 488 viduis.

1074 510 1150 540 Item
1175 511 1296 541 ratione
1319 511 1468 542 videtur:
1493 511 1569 551 quia
1592 512 1713 552 nuptiae
1732 514 1806 543 sunt

1033 564 1065 594 in
1081 564 1257 594 remedium
1271 575 1277 594 :
1296 564 1348 594 sesi
1366 573 1439 594 cum
1457 564 1570 594 mulier
1586 565 1721 595 moritur
1734 565 1804 596 viro

1034 617 1176 653 vivente,
1195 617 1244 647 vel
1261 627 1277 647 e
1300 626 1469 654 converso,
1486 619 1593 647 manet
1609 618 1756 655 morbus,
1776 620 1808 649 et

1034 679 1096 700 non
1119 670 1204 699 adest
1228 670 1423 700 remedium:
1448 680 1527 709 ergo
1548 670 1670 701 licitum
1691 674 1736 702 est
1755 681 1806 702 re-

1034 724 1174 754 medium
1199 723 1348 754 adhibere
1370 734 1376 752 :
1401 733 1479 762 ergo
1507 726 1537 754 et
1566 725 1806 756 matrimonium

1034 777 1171 807 secundo
1188 777 1384 806 contrahere.

1076 830 1151 860 item
1167 830 1287 869 nuptiae
1308 832 1382 860 sunt
1405 830 1437 860 in
1462 829 1618 867 officinm,
1639 829 1700 860 hoc
1714 832 1761 860 est
1775 831 1807 861 in

1035 883 1285 923 procreatmnem
1312 883 1451 913 filiorum
1467 883 1506 913 ad
1523 882 1643 913 cultum
1659 882 1732 914 Dei:
1754 883 1808 914 sed

1036 938 1126 968 multi
1142 940 1210 978 post
1224 938 1345 968 obitum
1362 947 1501 968 uxorum
1515 940 1589 968 sunt
1605 937 1710 968 idonei
1726 938 1809 969 filios

1037 1000 1218 1031 proerearffi
1248 991 1392 1021 similiter
1421 991 1530 1021 multae
1563 990 1712 1021 mulieres
1738 993 1809 1031 post

1036 1045 1157 1075 obitum
1174 1044 1332 1075 virorum:
1351 1054 1429 1084 ergo
1446 1044 1517 1075 licet
1529 1045 1574 1074 eis
1586 1044 1724 1074 secundo
1737 1053 1809 1074 con-

1037 1098 1170 1128 trahere.

1309 1167 1533 1198 CONCLUSIO.

1038 1249 1096 1275 Non
1110 1249 1193 1275 solum
1210 1249 1329 1275 secundae
1343 1249 1445 1282 nuptz‘oe
1465 1252 1525 1274 sunt
1551 1248 1649 1280 Iz'cz'coe,
1664 1248 1710 1275 sed
1731 1248 1811 1274 etiam

1073 1295 1174 1326 terme,
1194 1296 1311 1328 quartoe,
1329 1295 1352 1319 et
1374 1294 1487 1326 qztintoe,
1511 1292 1649 1319 dummodo
1669 1293 1725 1319 sint
1747 1292 1810 1319 bono

1073 1339 1123 1371 fine
1135 1339 1222 1370 factae.

1079 1416 1170 1457 Resp.
1184 1417 1222 1447 ad
1235 1426 1306 1455 arg.
1322 1417 1492 1447 Dicendum
1505 1417 1589 1456 quod
1606 1425 1670 1447 non
1684 1418 1811 1446 tantum

1039 1470 1184 1500 secundae
1200 1471 1337 1509 nuptiae,
1355 1470 1407 1499 sed
1423 1470 1518 1500 etiam
1536 1470 1649 1507 tertiae,
1666 1471 1696 1500 et
1712 1477 1810 1509 quar-

1039 1527 1097 1561 tae,
1123 1526 1153 1554 et
1177 1524 1346 1563 ampliores
1368 1526 1441 1553 sunt
1464 1523 1574 1560 licitae,
1600 1523 1679 1553 dum
1703 1524 1813 1552 tamen

1039 1578 1117 1607 fiant
1135 1577 1218 1607 bono
1240 1578 1317 1614 fine,
1341 1577 1455 1607 scilicet
1475 1578 1603 1616 propter
1624 1576 1744 1615 prolem
1759 1584 1814 1614 ge-

1040 1629 1228 1667 nerandam,
1246 1630 1296 1660 vel
1315 1631 1442 1668 propter
1457 1628 1695 1659 fornicationem
1712 1628 1814 1658 vitan-

1040 1683 1128 1721 dam,
1153 1683 1203 1713 vel
1227 1684 1352 1722 propter
1376 1682 1594 1712 necessitatem
1615 1690 1706 1711 snam
1722 1681 1814 1711 susti-

1041 1736 1194 1772 nendam,
1211 1738 1246 1765 ut
1263 1744 1337 1766 cum
1351 1735 1508 1765 contrahit
1523 1735 1573 1765 vir
1591 1743 1665 1764 cum
1681 1733 1815 1764 muliere

1042 1792 1077 1819 ut
1100 1789 1206 1828 ipsum
1226 1790 1343 1825 foveat,
1367 1790 1396 1818 et
1419 1797 1436 1817 e
1456 1796 1621 1818 converso.
1638 1786 1726 1818 Unde
1747 1787 1812 1817 Au-

1043 1843 1190 1881 gustinus
1210 1842 1285 1871 dicit
1301 1842 1329 1870 ⁴:
1360 1852 1374 1867 (ε
1393 1840 1461 1871 Non
1481 1840 1714 1871 contemnimus
1733 1849 1813 1880 quo-

1042 1895 1165 1925 taslibet
1183 1894 1322 1934 nuptias,
1340 1905 1353 1921 »
1374 1893 1409 1923 Et
1425 1893 1658 1932 Hieronymus:
1682 1904 1696 1921 (ι
1710 1891 1816 1923 Etiam

1042 1948 1126 1987 quod
1146 1947 1297 1977 Dominus
1312 1956 1376 1977 non
1391 1946 1554 1976 damnavit
1570 1945 1738 1976 mulierem
1751 1953 1817 1984 sep-

1043 2001 1223 2037 temviram,
1236 2011 1249 2028 n
1263 2000 1292 2030 id
1309 2002 1354 2029 est
1369 2008 1442 2039 quae
1454 1999 1566 2029 habuit
1581 2000 1701 2038 septem
1717 1999 1814 2029 viros.

1085 2057 1112 2083 1.
1126 2053 1173 2083 Ad
1189 2053 1266 2083 illud
1281 2062 1359 2091 ergo
1370 2052 1454 2091 quod
1471 2052 1546 2082 dicit
1560 2051 1815 2091 ChrysostomuS,

1043 2106 1128 2145 quod
1143 2105 1318 2135 secundum
1334 2104 1499 2135 veritatem
1514 2106 1560 2133 est
1578 2103 1754 2141 fornicatio,
1771 2103 1816 2134 di-

1044 2159 1180 2189 cendum
1201 2158 1287 2198 quod
1311 2158 1376 2197 ipse
1399 2159 1490 2188 vocat
1507 2157 1673 2186 veritatem
1692 2157 1815 2196 conjec-

1044 2215 1148 2242 turam
1174 2211 1319 2248 rationis‚
1345 2219 1417 2250 quae
1441 2212 1548 2240 tamen
1575 2218 1659 2248 saepe
1686 2208 1815 2247 fallitur,

1044 2265 1114 2295 licet
1130 2263 1473 2304 probabiliterjudicet.
1481 2261 1537 2293 Vei
1549 2261 1719 2292 dicendum
1730 2262 1817 2302 quod

1044 2318 1208 2349 fornicatio
1227 2317 1340 2347 dicitur
1359 2315 1506 2356 quaedam
1528 2315 1691 2345 immersio
1710 2314 1815 2345 libidi-

1044 2371 1111 2408 nis,
1135 2371 1209 2410 quia
1233 2370 1310 2400 illud
1335 2369 1476 2399 maxime
1497 2367 1659 2398 consuevit
1687 2376 1817 2399 movere

1045 2425 1084 2455 ad
1099 2424 1253 2454 secundas
1267 2422 1393 2462 nuptias
1409 2420 1648 2452 contrahendas.

1086 2480 1114 2508 2.
1142 2476 1189 2506 Ad
1208 2476 1285 2506 illud
1307 2474 1392 2515 quod
1411 2473 1483 2504 dicit
1502 2473 1706 2510 Ambrosius,
1731 2473 1814 2513 quod

1047 2568 1071 2592 q.
1087 2567 1123 2584 21.
1135 2573 1163 2577 —-
1179 2560 1187 2574 ²
1198 2560 1292 2588 Genes„
1308 2560 1402 2588 xxv,1.
1415 2571 1444 2575 -
1457 2557 1467 2573 ²³
1481 2557 1488 2580 Ι
1502 2557 1573 2585 T1'm.,
1590 2562 1614 2585 v,
1633 2558 1668 2581 Η.
1680 2557 1728 2574 —⁴
1742 2558 1815 2588 Aug,

1048 2598 1133 2620 Contr.
1148 2595 1274 2619 adversar.
1291 2595 1339 2626 leq.
1352 2595 1376 2618 et
1389 2592 1477 2624 proph.
1493 2592 1536 2616 lib.
1554 2593 1582 2622 ΙΙ,
1601 2599 1623 2616 c.
1640 2598 1674 2616 xx.

1079 2645 1111 2677 (a)
1127 2644 1186 2668 Coec.
1197 2643 1258 2668 edit.
1274 2646 1368 2668 tamen.
1380 2655 1410 2660 —
1424 2641 1457 2673 (b)
1469 2641 1529 2666 Item
1541 2641 1623 2664 omitt.
1638 2647 1700 2665 non.
