1991 3006
21 1188 105 1215 Explic.

22 2623 86 2652 Resp.
98 2625 124 2645 ad

47 2662 98 2683 opp.

756 207 849 237 nIST.
873 207 977 238 xxxi.
1002 208 1090 239 All'l'.
1114 208 1151 237 ll.

421 356 642 388 CONCLUSIO.

145 456 219 483 Bona
234 458 304 488 tria,
321 458 398 491 fides,
413 458 516 492 proles,
533 461 559 485 et
577 461 784 490 sacramentum,
803 461 867 485 sunt
886 459 918 485 de

180 502 332 527 necessitate
349 502 515 527 matrimonii
521 510 530 532 ;
547 502 607 528 licet
622 503 690 535 duo,
705 503 766 536 fides
781 504 805 528 et
819 501 914 536 proles,

178 544 293 577 quodam
310 545 386 571 modo
406 546 458 571 sint
481 545 516 571 ad
538 553 607 579 esse,
623 549 647 571 et
663 547 777 580 quodam
793 545 867 572 modo
882 546 918 571 ad

179 587 240 614 bene
254 595 314 615 esse.

182 695 274 736 Resp.
292 697 331 727 ad
344 707 416 736 arg.
433 697 521 728 Sicut
537 699 639 736 tangit
656 698 809 737 Magister
823 698 856 727 in
869 698 916 727 lit-

142 750 208 779 tera
220 773 227 786 ‚
244 752 275 780 et
289 751 400 789 accipit
414 751 453 780 ab
467 751 667 790 Augustino,
687 761 761 781 cum
776 752 839 781 sint
854 751 915 781 tria

142 802 224 833 bona
248 804 457 838 matrimonii,
479 806 595 836 scilicet
611 806 687 836 fides
702 830 709 843 ‚
726 806 829 844 proles
841 830 848 841 ,
865 815 914 835 sa-

141 859 339 886 cramentnm
365 868 370 887 :
390 867 504 895 unum,
522 858 636 888 scilicet
653 860 887 888 swramentum
904 882 911 895 7

141 911 188 938 est
199 909 237 939 de
251 910 434 940 necessitate
446 911 639 941 matrimonii
653 921 660 941 :
678 913 913 941 sacramentum

142 962 227 992 enim
242 963 330 993 venit
343 972 384 993 ex
401 966 512 993 mutua
527 964 739 1002 obligatione,
762 967 792 994 et
806 965 913 994 divina

140 1015 336 1046 institutione
347 1040 354 1052 ,
369 1019 399 1047 et
414 1017 596 1055 signatione
611 1017 697 1047 illius
713 1017 841 1047 unionis
858 1029 864 1046 2
883 1019 914 1047 et

141 1067 219 1104 ideo,
237 1069 313 1107 quia
329 1069 387 1099 ista
402 1071 477 1099 sunt
491 1070 528 1100 de
543 1070 729 1100 necessitate
748 1070 911 1100 matrimo-

139 1120 203 1156 nii,
229 1130 284 1160 per
302 1131 499 1161 consequens
525 1125 554 1152 et
579 1125 824 1153 sacramentum.
853 1123 912 1154 Sed

140 1172 200 1203 alia
214 1173 277 1204 duo
294 1174 375 1204 bona
395 1175 532 1214 quodam
553 1176 647 1206 modo
666 1178 743 1205 sunt
761 1176 799 1206 de
823 1185 910 1213 esse,

140 1227 277 1266 quodam
294 1228 388 1259 modo
402 1229 440 1259 de
456 1229 535 1259 bene
550 1238 628 1259 esse.
647 1229 679 1260 Si
700 1230 785 1259 enim
801 1230 909 1269 loqua-

140 1289 214 1311 mur
225 1284 379 1320 quantum
395 1283 433 1312 ad
445 1283 641 1313 matrimonii
658 1292 764 1319 usum,
781 1283 824 1313 sic
837 1286 911 1313 sunt

141 1335 178 1364 de
191 1334 269 1365 bene
283 1344 363 1373 esse,
379 1336 531 1375 quoniam
542 1346 618 1366 usus
632 1337 828 1367 matrimonii
845 1337 912 1367 abs-

140 1396 201 1426 que
211 1387 261 1418 his
271 1397 337 1418 esse
350 1391 467 1428 potest,
481 1389 563 1419 sicut
576 1390 715 1429 quotidie
725 1393 788 1426 est;
805 1392 835 1420 et
846 1399 910 1420 non

139 1440 242 1471 solum
263 1443 308 1471 est
329 1442 447 1481 absque
467 1442 531 1479 his⁷
558 1442 610 1472 sed
637 1443 731 1472 etiam
750 1452 823 1473 cum
847 1443 911 1473 suis

140 1494 301 1533 oppositis.
319 1494 408 1524 Unde
423 1495 597 1525 sterilitatis
612 1497 643 1525 et
657 1496 786 1526 abortus
802 1505 911 1534 procu-

140 1547 218 1577 ratio
229 1571 237 1584 ,
254 1549 283 1577 et
298 1547 369 1578 fidei
385 1548 495 1578 fractio
508 1572 515 1586 ,
533 1558 596 1578 non
612 1549 789 1579 dissolvunt
805 1549 911 1579 matri-

139 1599 276 1631 moniale
294 1601 459 1631 vinculum
476 1604 683 1632 contractum.
701 1602 733 1631 Si
747 1604 853 1632 autem
869 1602 910 1632 lo-

139 1662 278 1692 quamur
296 1656 455 1693 quantum
479 1655 518 1685 ad
545 1655 739 1685 matrimonii
766 1657 908 1685 00111100-

139 1707 209 1736 tum
218 1731 226 1743 ‚
238 1707 293 1746 qui
304 1710 350 1737 est
360 1717 416 1747 per
427 1708 693 1738 matrimonialem
705 1717 859 1738 consensu
865 1717 907 1744 m,

138 1759 182 1789 sic
197 1762 297 1799 potest
310 1770 377 1791 esse
392 1764 571 1792 contractus
587 1763 706 1801 absque
720 1762 770 1792 his
786 1762 910 1792 duobus

138 1812 243 1850 honis,
270 1815 382 1853 utputa
397 1815 430 1844 in
451 1814 612 1845 sterilibus
624 1839 631 1851 7
650 1817 677 1845 et
695 1815 728 1844 in
745 1815 908 1845 continen-

138 1866 234 1904 tibus,
260 1867 286 1896 si
307 1870 414 1898 tamen
436 1877 499 1898 non
520 1871 566 1898 est
587 1871 696 1898 contra
717 1869 796 1899 haec.
823 1868 911 1898 Tunc

139 1922 245 1950 autem
267 1922 314 1950 est
339 1930 511 1951 consensus
534 1922 643 1951 contra
670 1921 758 1959 haec,
784 1921 910 1960 quando

139 1972 198 2002 sub
215 1973 267 2002 tali
284 1976 374 2012 pacto
391 1974 595 2011 consentitur,
609 1977 643 2004 ut
655 1974 752 2013 prolis
763 1975 911 2004 sterilitas

140 2028 338 2064 procuretur,
356 2027 406 2057 vel
421 2036 503 2057 uxor
518 2027 569 2057 alii
586 2028 794 2066 prostituatur
809 2038 815 2057 τ
836 2030 910 2057 tunc

139 2078 224 2108 enim
239 2088 303 2109 non
323 2082 370 2109 est
391 2089 576 2117 consensus,
602 2080 653 2110 vel
672 2080 774 2119 pactio
801 2080 909 2110 matri-

138 2132 255 2170 monii,
273 2132 325 2163 sed
340 2133 445 2172 potius
459 2133 623 2170 adulterii,
642 2142 715 2163 cum
730 2133 845 2163 directe
860 2142 909 2163 re-

139 2188 262 2225 pugnet
276 2185 315 2224 (α)
333 2185 518 2216 institutioni
549 2186 756 2216 matrimonii.
779 2186 839 2216 Sed
859 2196 909 2216 ca-

138 2239 262 2275 rentia,
288 2239 355 2269 sive
381 2239 523 2269 absentia
547 2239 662 2269 horum
684 2239 821 2269 duorum
847 2249 909 2269 non

139 2293 312 2330 repugnat,
337 2292 412 2331 quia
435 2292 512 2322 fides
528 2293 614 2323 venit
638 2302 678 2323 ex
698 2294 782 2323 recto
801 2293 909 2323 matri-

140 2343 237 2373 monii
254 2353 315 2374 usu
334 2355 340 2374 :
357 2348 387 2375 et
403 2345 478 2384 quia
504 2348 635 2385 possunt
653 2346 800 2376 homines
823 2346 910 2376 abuti

140 2396 218 2436 ipso,
233 2396 302 2427 ideo
313 2400 412 2436 potest
422 2398 529 2429 deesse
540 2399 627 2429 fides.
644 2398 796 2430 Similiter
807 2399 911 2439 proles

141 2449 229 2479 venit
243 2458 283 2480 ex
296 2451 400 2481 fructu
415 2452 535 2482 ventris
550 2461 557 2482 :
574 2455 604 2482 et
618 2452 693 2491 quia
708 2452 829 2482 steriles
845 2462 911 2492 pos-

141 2504 215 2532 sunt
230 2511 296 2533 esse
311 2503 361 2534 vel
375 2506 504 2542 natura,
530 2505 581 2535 vel
596 2507 662 2535 arte
673 2529 680 2541 ‚
704 2505 774 2536 ideo
799 2506 911 2535 inatri-

141 2555 286 2585 monium
301 2556 359 2587 hoc
373 2557 454 2588 bono
469 2560 570 2597 potest
583 2567 699 2588 carere.

180 2611 208 2638 1.
232 2609 279 2639 Ad
306 2609 383 2640 illud
410 2619 487 2650 ergo
513 2611 597 2650 quod
625 2611 772 2650 objicitur
785 2635 793 2649 ,
824 2612 910 2651 qnod

171 2671 203 2701 (a)
223 2670 283 2695 Caet.
303 2670 364 2695 edic.
383 2675 514 2703 repugnat.
530 2686 560 2690 —
580 2673 612 2703 (st)
633 2674 716 2697 bonae.
729 2686 759 2691 —
780 2674 810 2704 (c)
826 2674 907 2698 bonis.

1683 213 1740 241 275

973 275 1160 304 sacramenti
1181 275 1302 305 bonum
1326 285 1390 306 non
1413 278 1458 306 est
1482 277 1514 307 in
1538 277 1740 308 matrimonio

973 329 1045 357 ante
1076 327 1234 357 carnalem
1262 327 1407 366 copulam
1419 352 1428 366 ,
1460 329 1629 360 dicendum
1657 330 1741 369 quod

973 380 1085 410 falsum
1097 383 1153 417 est,
1168 380 1244 419 quia
1258 383 1305 410 est
1316 381 1397 411 inter
1407 383 1560 421 conjuges
1574 383 1740 413 insolubile

973 432 1149 470 vinculum,
1166 442 1223 463 nec
1238 433 1370 464 solvitur
1383 434 1442 463 nisi
1458 445 1512 473 per
1528 438 1662 466 mortem
1677 436 1739 475 spi-

973 486 1135 523 ritualem,
1152 487 1202 517 vel
1226 487 1368 523 civilem,
1394 488 1476 518 sicut
1499 492 1568 528 post
1590 499 1739 520 consum-

974 540 1143 569 mationem
1160 549 1215 579 per
1235 542 1369 569 mortem
1393 542 1585 580 corporalem
1604 554 1610 573 2
1628 552 1741 573 verum

972 595 1018 621 est
1041 595 1148 622 tamen
1174 593 1258 632 quod
1283 602 1346 623 non
1371 595 1417 623 est
1441 593 1483 622 ibi
1508 597 1741 625 sacramentum

973 646 1147 675 secundum
1172 646 1360 685 completam
1385 648 1415 676 et
1443 647 1617 686 plenariam
1646 649 1743 678 ratio-

972 707 1058 728 nem.

1011 754 1039 780 2.
1058 752 1103 781 Ad
1120 752 1196 781 illud
1211 752 1295 791 quod
1311 752 1469 791 objicitur,
1489 753 1574 792 quod
1587 754 1664 784 fides
1678 763 1741 784 non

972 805 1007 835 sit
1025 806 1062 835 de
1078 807 1276 842 necessitate,
1294 807 1368 846 quia
1387 808 1441 846 qui
1459 808 1502 837 sic
1518 808 1690 845 consensit,
1710 811 1742 838 ut

971 858 1064 888 aliam
1094 860 1207 890 ducere
1237 860 1336 899 possit
1359 862 1446 899 post,
1474 870 1538 891 non
1566 861 1739 898 contrahit;

970 911 1137 942 dicendum
1152 912 1237 951 quod
1256 913 1316 942 hoc
1334 922 1399 943 non
1414 915 1461 943 est
1476 915 1599 944 tantum
1615 916 1742 953 propter

970 965 1125 995 desectum
1144 965 1233 1002 fidei7
1250 966 1303 995 sed
1324 966 1419 996 etiam
1439 969 1568 1006 propter
1587 967 1741 997 defectum

969 1018 1167 1048 sacramenti.
1185 1018 1261 1057 quia
1276 1027 1339 1048 non
1355 1019 1424 1048 vult
1439 1019 1490 1049 isti
1505 1020 1658 1058 conjungi
1674 1029 1742 1059 per-

970 1072 1083 1109 petuo,
1100 1074 1130 1100 et
1143 1071 1218 1110 quia
1232 1072 1265 1100 in
1285 1072 1426 1110 pactione
1441 1072 1651 1102 introducitur
1665 1082 1739 1103 con-

969 1123 1044 1153 ditio
1052 1124 1208 1154 contraria
1219 1124 1301 1154 bono
1314 1124 1349 1164 (b)
1362 1125 1437 1154 fidei
1448 1136 1454 1155 z
1464 1134 1522 1155 nec
1530 1128 1656 1165 propter
1666 1125 1741 1155 infi-

967 1177 1126 1208 delitatem
1141 1178 1275 1209 solvitur
1288 1179 1481 1209 matrimonii
1493 1182 1739 1218 sacramentum,

968 1231 1020 1261 sed
1049 1231 1184 1262 solvitur
1214 1232 1366 1271 obligatio
1395 1232 1432 1262 ad
1462 1233 1657 1264 reddendum
1686 1233 1739 1264 de-

970 1283 1085 1314 bitum.

1008 1339 1035 1366 3.
1062 1337 1108 1367 Ad
1128 1337 1204 1367 illud
1226 1339 1311 1378 quod
1327 1339 1401 1368 dicit
1416 1338 1635 1377 Augustinus,
1654 1339 1740 1378 quod

967 1390 1021 1427 qui
1038 1399 1158 1420 venena
1182 1396 1451 1430 procuraverunt,
1475 1395 1532 1422 etc.
1545 1415 1552 1428 ‚
1572 1392 1740 1423 dicendum

967 1442 1050 1480 quod
1072 1443 1130 1473 hoc
1160 1453 1223 1473 non
1248 1445 1321 1475 dicit
1344 1446 1419 1485 quia
1440 1455 1496 1485 per
1518 1446 1578 1475 hoc
1600 1445 1740 1476 solvatur

967 1496 1161 1526 matrimonii
1181 1498 1345 1528 vinculum
1357 1522 1366 1535 ,
1384 1498 1437 1528 sed
1457 1498 1533 1537 quia
1552 1498 1740 1528 sacramenti

966 1548 1131 1580 amittatur
1148 1551 1306 1589 meritum,
1323 1554 1352 1581 et
1371 1560 1471 1589 grave
1486 1551 1651 1581 incurrant
1664 1560 1738 1590 pec-

966 1604 1082 1632 catum.
1111 1602 1199 1633 Unie
1223 1613 1285 1634 non
1310 1606 1385 1634 sunt
1407 1606 1584 1643 conjuges,
1610 1604 1737 1644 supple,

966 1655 1031 1684 veri
1048 1658 1076 1685 et
1094 1656 1212 1686 fideles,

1006 1708 1052 1737 Αι1
1068 1709 1145 1739 illud
1160 1710 1243 1748 quod
1260 1710 1408 1749 objicitur
1424 1710 1462 1741 de
1477 1711 1559 1741 bono
1574 1711 1607 1749 (c)
1626 1710 1736 1750 prolis,
1754 1719 1818 1745 Resp.
1829 1719 1856 1739 aa

966 1762 1050 1800 quod
1067 1765 1193 1801 propter
1209 1764 1267 1793 1100
1290 1764 1471 1793 institutum
1488 1766 1548 1801 est,
1569 1764 1737 1794 dicendum
1752 1752 1803 1802 ςῗζῃά
1843 1796 1848 1802 ,

965 1816 1051 1854 qnod
1069 1826 1133 1845 non
1150 1819 1273 1846 tantum
1291 1820 1418 1857 propter
1434 1818 1492 1847 hoc
1503 1842 1511 1855 ,
1528 1818 1582 1848 sed
1597 1818 1691 1848 etiam
1706 1818 1739 1848 in

966 1869 1141 1898 remedium
1164 1872 1194 1899 et
1216 1870 1249 1899 in
1271 1870 1423 1908 signum:
1445 1873 1475 1900 et
1495 1871 1575 1908 ideo,
1593 1871 1739 1910 quamvis

965 1930 1029 1950 non
1047 1921 1087 1951 sit
1104 1921 1145 1951 ibi
1165 1921 1224 1951 hoc
1241 1922 1378 1959 bonum,
1398 1926 1531 1961 possunt
1550 1925 1656 1953 tamen
1672 1933 1739 1954 esse

965 1974 1026 2004 alia
1056 1975 1148 2004 bona.
1179 1974 1210 2005 Si
1236 1978 1341 2005 autem
1363 1975 1460 2006 homo
1483 1976 1635 2013 stetisset,
1664 1979 1739 2007 tunc

968 2036 1093 2066 semper
1122 2027 1230 2057 fuisset
1255 2028 1314 2058 hoc
1342 2027 1479 2066 honum,
1511 2029 1586 2068 quia
1613 2032 1738 2060 tantum

965 2081 1076 2111 suisset
1097 2081 1128 2111 in
1146 2082 1304 2119 ofticium3
1320 2084 1351 2112 et
1364 2082 1424 2113 11οο
1439 2083 1559 2113 bonnm
1574 2092 1640 2113 non
1654 2083 1739 2113 dees-

966 2137 1022 2170 set,
1040 2134 1116 2173 quia
1129 2134 1217 2164 nulla
1232 2137 1311 2165 esset
1325 2135 1497 2165 sterilitatis
1513 2145 1616 2175 poena.

1199 2254 1439 2287 ARTICULUS
1464 2255 1505 2287 II.

1007 2348 1253 2386 Consequentur,
1271 2350 1426 2386 quantum
1442 2348 1481 2378 ad
1496 2349 1671 2380 secundum
1685 2360 1736 2380 ar-

967 2400 1097 2430 ticulum
1113 2424 1120 2436 ,
1154 2400 1312 2439 quaeritur
1345 2401 1382 2430 (le
1417 2402 1617 2432 excusatione
1651 2405 1739 2433 actus

966 2453 1145 2492 conjugalis
1169 2462 1224 2492 per
1250 2453 1335 2483 bona
1362 2453 1569 2483 matrimonii.
1601 2454 1639 2484 Et
1665 2464 1738 2484 cum

966 2506 1130 2543 contingat
1145 2505 1228 2536 coire
1249 2515 1322 2535 cum
1344 2516 1443 2537 uxore
1458 2516 1552 2537 causa
1573 2508 1738 2547 concupis-

966 2559 1076 2589 centiae
1091 2558 1258 2598 implendae
1271 2583 1278 2596 ‚
1294 2568 1389 2589 causa
1403 2559 1617 2591 fornicationis
1631 2560 1735 2590 vitan-

965 2612 1029 2649 dae,
1046 2613 1077 2641 et
1096 2620 1191 2642 causa
1206 2611 1302 2650 prolis
1322 2613 1524 2650 procreandae
1538 2624 1545 2649 ;
1562 2613 1644 2642 circa
1663 2612 1733 2649 hoc,

966 2665 1140 2695 secundum
1153 2665 1223 2694 haec
1239 2665 1312 2702 tria,
1329 2665 1389 2695 tria
1403 2668 1594 2704 quaeruntur
1611 2676 1617 2695 ε
1635 2665 1737 2705 primo
