<?xml version="1.0" encoding="UTF-8"?>
<!DOCTYPE html PUBLIC "-//W3C//DTD XHTML 1.0 Transitional//EN"
    "http://www.w3.org/TR/xhtml1/DTD/xhtml1-transitional.dtd">
<html xmlns="http://www.w3.org/1999/xhtml" xml:lang="en" lang="en">
 <head>
  <title>
</title>
<meta http-equiv="Content-Type" content="text/html;charset=utf-8" />
  <meta name='ocr-system' content='tesseract 3.04.00' />
  <meta name='ocr-capabilities' content='ocr_page ocr_carea ocr_par ocr_line ocrx_word'/>
</head>
<body>
  <div class='ocr_page' id='page_1' title='image "./operaomniasixtiv06bonauoft/operaomniasixtiv06bonauoft_0623.png"; bbox 0 0 1991 3006; ppageno 0'>
   <div class='ocr_carea' id='block_1_1' title="bbox 72 507 176 535">
    <p class='ocr_par' dir='ltr' id='par_1_1' title="bbox 72 507 176 535">
     <span class='ocr_line' id='line_1_1' title="bbox 72 507 176 535; baseline 0.01 -7"><span class='ocrx_word' id='word_1_1' title='bbox 72 507 106 528; x_wconf 78' lang='lat' dir='ltr'>Ad</span> <span class='ocrx_word' id='word_1_2' title='bbox 124 514 176 535; x_wconf 82' lang='lat' dir='ltr'>opp.</span> 
     </span>
    </p>
   </div>
   <div class='ocr_carea' id='block_1_2' title="bbox 74 2320 159 2347">
    <p class='ocr_par' dir='ltr' id='par_1_2' title="bbox 74 2320 159 2347">
     <span class='ocr_line' id='line_1_2' title="bbox 74 2320 159 2347; baseline 0 -7"><span class='ocrx_word' id='word_1_3' title='bbox 74 2320 159 2347; x_wconf 77' lang='lat' dir='ltr'>Explic.</span> 
     </span>
    </p>
   </div>
   <div class='ocr_carea' id='block_1_3' title="bbox 484 273 1501 311">
    <p class='ocr_par' dir='ltr' id='par_1_3' title="bbox 484 273 1501 311">
     <span class='ocr_line' id='line_1_3' title="bbox 484 273 1501 311; baseline -0.004 -5"><span class='ocrx_word' id='word_1_4' title='bbox 484 276 577 307; x_wconf 76' lang='lat' dir='ltr'>nisT.</span> <span class='ocrx_word' id='word_1_5' title='bbox 598 275 700 307; x_wconf 87' lang='lat' dir='ltr'>XLIX.</span> <span class='ocrx_word' id='word_1_6' title='bbox 726 274 841 306; x_wconf 83' lang='lat' dir='ltr'><strong>PART.</strong></span> <span class='ocrx_word' id='word_1_7' title='bbox 866 274 900 305; x_wconf 90' lang='grc'>11.</span> <span class='ocrx_word' id='word_1_8' title='bbox 926 274 1016 305; x_wconf 86' lang='lat' dir='ltr'><strong>ART.</strong></span> <span class='ocrx_word' id='word_1_9' title='bbox 1043 274 1079 304; x_wconf 86' lang='grc' dir='ltr'>ΙΙ.</span> <span class='ocrx_word' id='word_1_10' title='bbox 1102 274 1209 304; x_wconf 88' lang='lat' dir='ltr'>SECT.</span> <span class='ocrx_word' id='word_1_11' title='bbox 1234 274 1280 304; x_wconf 92' lang='lat' dir='ltr'>lV.</span> <span class='ocrx_word' id='word_1_12' title='bbox 1306 273 1453 311; x_wconf 76' lang='lat' dir='ltr'>QUAEST.</span> <span class='ocrx_word' id='word_1_13' title='bbox 1479 273 1501 303; x_wconf 88' lang='lat'>1.</span> 
     </span>
    </p>
   </div>
   <div class='ocr_carea' id='block_1_4' title="bbox 186 342 962 1493">
    <p class='ocr_par' dir='ltr' id='par_1_4' title="bbox 190 342 962 480">
     <span class='ocr_line' id='line_1_4' title="bbox 232 342 962 382; baseline -0.004 -8"><span class='ocrx_word' id='word_1_14' title='bbox 232 343 309 374; x_wconf 87' lang='lat' dir='ltr'>Item</span> <span class='ocrx_word' id='word_1_15' title='bbox 330 351 444 382; x_wconf 84' lang='lat' dir='ltr'>eorpus</span> <span class='ocrx_word' id='word_1_16' title='bbox 468 342 645 382; x_wconf 86' lang='lat' dir='ltr'>gloriosum</span> <span class='ocrx_word' id='word_1_17' title='bbox 668 344 770 381; x_wconf 89' lang='lat' dir='ltr'>potest</span> <span class='ocrx_word' id='word_1_18' title='bbox 792 342 962 371; x_wconf 87' lang='lat' dir='ltr'>immutare</span> 
     </span>
     <span class='ocr_line' id='line_1_5' title="bbox 191 395 962 435; baseline -0.004 -8"><span class='ocrx_word' id='word_1_19' title='bbox 191 397 294 427; x_wconf 86' lang='lat' dir='ltr'>visum</span> <span class='ocrx_word' id='word_1_20' title='bbox 309 407 315 427; x_wconf 70' lang='grc' dir='ltr'>ς</span> <span class='ocrx_word' id='word_1_21' title='bbox 328 405 405 435; x_wconf 84' lang='lat' dir='ltr'>ergo</span> <span class='ocrx_word' id='word_1_22' title='bbox 419 396 528 427; x_wconf 69' lang='lat' dir='ltr'>eadem</span> <span class='ocrx_word' id='word_1_23' title='bbox 544 396 663 426; x_wconf 81' lang='lat' dir='ltr'>ratione</span> <span class='ocrx_word' id='word_1_24' title='bbox 679 397 778 434; x_wconf 87' lang='lat' dir='ltr'>potest</span> <span class='ocrx_word' id='word_1_25' title='bbox 793 395 962 425; x_wconf 86' lang='lat' dir='ltr'>immutare</span> 
     </span>
     <span class='ocr_line' id='line_1_6' title="bbox 190 451 320 480; baseline -0.008 0"><span class='ocrx_word' id='word_1_26' title='bbox 190 451 320 480; x_wconf 82' lang='lat' dir='ltr'>tactum.</span> 
     </span>
    </p>

    <p class='ocr_par' dir='ltr' id='par_1_5' title="bbox 189 500 961 690">
     <span class='ocr_line' id='line_1_7' title="bbox 231 500 961 541; baseline -0.004 -9"><span class='ocrx_word' id='word_1_27' title='bbox 231 502 342 533; x_wconf 79' lang='lat' dir='ltr'>Contra</span> <span class='ocrx_word' id='word_1_28' title='bbox 359 513 365 532; x_wconf 72' lang='grc' dir='ltr'><strong>ε</strong></span> <span class='ocrx_word' id='word_1_29' title='bbox 385 505 412 532; x_wconf 88' lang='lat'>1.</span> <span class='ocrx_word' id='word_1_30' title='bbox 436 502 494 532; x_wconf 90' lang='lat' dir='ltr'>Per</span> <span class='ocrx_word' id='word_1_31' title='bbox 515 501 723 541; x_wconf 85' lang='lat' dir='ltr'>Gregorium¹</span> <span class='ocrx_word' id='word_1_32' title='bbox 742 512 748 530; x_wconf 88' lang='lat'>:</span> <span class='ocrx_word' id='word_1_33' title='bbox 767 512 780 529; x_wconf 86' lang='lat'>«</span> <span class='ocrx_word' id='word_1_34' title='bbox 797 500 961 539; x_wconf 83' lang='lat' dir='ltr'>Corrumpi</span> 
     </span>
     <span class='ocr_line' id='line_1_8' title="bbox 189 553 960 594; baseline -0.004 -9"><span class='ocrx_word' id='word_1_35' title='bbox 189 564 315 585; x_wconf 87' lang='lat' dir='ltr'>necesse</span> <span class='ocrx_word' id='word_1_36' title='bbox 332 558 378 585; x_wconf 89' lang='lat' dir='ltr'>est</span> <span class='ocrx_word' id='word_1_37' title='bbox 396 555 480 594; x_wconf 88' lang='lat' dir='ltr'>quod</span> <span class='ocrx_word' id='word_1_38' title='bbox 501 554 654 593; x_wconf 78' lang='lat' dir='ltr'>palpatur.</span> <span class='ocrx_word' id='word_1_39' title='bbox 672 564 686 580; x_wconf 75' lang='grc' dir='ltr'>ι)</span> <span class='ocrx_word' id='word_1_40' title='bbox 705 554 763 584; x_wconf 88' lang='lat' dir='ltr'>Sed</span> <span class='ocrx_word' id='word_1_41' title='bbox 786 553 960 592; x_wconf 79' lang='lat' dir='ltr'>gloriosum</span> 
     </span>
     <span class='ocr_line' id='line_1_9' title="bbox 191 605 959 646; baseline -0.004 -9"><span class='ocrx_word' id='word_1_42' title='bbox 191 616 305 646; x_wconf 86' lang='lat' dir='ltr'>corpus</span> <span class='ocrx_word' id='word_1_43' title='bbox 323 609 367 637; x_wconf 89' lang='lat' dir='ltr'>est</span> <span class='ocrx_word' id='word_1_44' title='bbox 389 607 628 646; x_wconf 80' lang='lat' dir='ltr'>incorruptibile</span> <span class='ocrx_word' id='word_1_45' title='bbox 646 617 652 636; x_wconf 91' lang='lat'><strong>:</strong></span> <span class='ocrx_word' id='word_1_46' title='bbox 669 615 748 644; x_wconf 87' lang='lat' dir='ltr'>ergo</span> <span class='ocrx_word' id='word_1_47' title='bbox 763 608 793 636; x_wconf 88' lang='lat' dir='ltr'>et</span> <span class='ocrx_word' id='word_1_48' title='bbox 807 605 959 644; x_wconf 80' lang='lat' dir='ltr'>impalpa-</span> 
     </span>
     <span class='ocr_line' id='line_1_10' title="bbox 191 659 263 690; baseline 0.014 -1"><span class='ocrx_word' id='word_1_49' title='bbox 191 659 263 690; x_wconf 86' lang='lat' dir='ltr'>bile.</span> 
     </span>
    </p>

    <p class='ocr_par' dir='ltr' id='par_1_6' title="bbox 189 711 962 954">
     <span class='ocr_line' id='line_1_11' title="bbox 230 711 961 752; baseline -0.001 -10"><span class='ocrx_word' id='word_1_50' title='bbox 230 714 260 742; x_wconf 70' lang='grc' dir='ltr'>Ξ.</span> <span class='ocrx_word' id='word_1_51' title='bbox 278 712 354 743; x_wconf 87' lang='lat' dir='ltr'>Item</span> <span class='ocrx_word' id='word_1_52' title='bbox 369 713 504 744; x_wconf 74' lang='lat' dir='ltr'>Ioannes</span> <span class='ocrx_word' id='word_1_53' title='bbox 522 712 763 752; x_wconf 69' lang='lat' dir='ltr'>chrysostomus</span> <span class='ocrx_word' id='word_1_54' title='bbox 778 712 810 741; x_wconf 87' lang='lat' dir='ltr'>in</span> <span class='ocrx_word' id='word_1_55' title='bbox 825 711 961 751; x_wconf 86' lang='lat' dir='ltr'>quadam</span> 
     </span>
     <span class='ocr_line' id='line_1_12' title="bbox 189 764 962 805; baseline -0.001 -10"><span class='ocrx_word' id='word_1_56' title='bbox 189 765 320 795; x_wconf 84' lang='lat' dir='ltr'>homilia</span> <span class='ocrx_word' id='word_1_57' title='bbox 346 776 352 795; x_wconf 75' lang='grc' dir='ltr'>ε</span> <span class='ocrx_word' id='word_1_58' title='bbox 375 777 389 794; x_wconf 89' lang='lat'>«</span> <span class='ocrx_word' id='word_1_59' title='bbox 412 766 552 805; x_wconf 88' lang='lat' dir='ltr'>Dignum</span> <span class='ocrx_word' id='word_1_60' title='bbox 575 768 620 796; x_wconf 89' lang='lat' dir='ltr'>est</span> <span class='ocrx_word' id='word_1_61' title='bbox 645 774 802 805; x_wconf 79' lang='lat' dir='ltr'>quaerere,</span> <span class='ocrx_word' id='word_1_62' title='bbox 828 764 962 803; x_wconf 74' lang='lat' dir='ltr'>qualiter</span> 
     </span>
     <span class='ocr_line' id='line_1_13' title="bbox 190 817 961 858; baseline -0.001 -11"><span class='ocrx_word' id='word_1_63' title='bbox 190 826 303 857; x_wconf 88' lang='lat' dir='ltr'>corpus</span> <span class='ocrx_word' id='word_1_64' title='bbox 326 818 563 858; x_wconf 77' lang='lat' dir='ltr'>incorruptibile</span> <span class='ocrx_word' id='word_1_65' title='bbox 582 818 736 857; x_wconf 77' lang='lat' dir='ltr'>tangibile</span> <span class='ocrx_word' id='word_1_66' title='bbox 758 817 816 847; x_wconf 83' lang='lat' dir='ltr'>suit</span> <span class='ocrx_word' id='word_1_67' title='bbox 836 817 961 846; x_wconf 75' lang='lat' dir='ltr'>mortali</span> 
     </span>
     <span class='ocr_line' id='line_1_14' title="bbox 190 870 962 908; baseline -0.001 -8"><span class='ocrx_word' id='word_1_68' title='bbox 190 880 288 901; x_wconf 86' lang='lat' dir='ltr'>manu</span> <span class='ocrx_word' id='word_1_69' title='bbox 305 880 312 901; x_wconf 91' lang='lat'>:</span> <span class='ocrx_word' id='word_1_70' title='bbox 329 872 383 901; x_wconf 87' lang='lat' dir='ltr'>sed</span> <span class='ocrx_word' id='word_1_71' title='bbox 399 880 437 902; x_wconf 88' lang='lat' dir='ltr'>ne</span> <span class='ocrx_word' id='word_1_72' title='bbox 451 871 673 908; x_wconf 86' lang='lat' dir='ltr'>tumultueris;</span> <span class='ocrx_word' id='word_1_73' title='bbox 691 870 962 900; x_wconf 73' lang='lat' dir='ltr'>condescensionis</span> 
     </span>
     <span class='ocr_line' id='line_1_15' title="bbox 189 924 391 954; baseline -0.01 -1"><span class='ocrx_word' id='word_1_74' title='bbox 189 924 273 954; x_wconf 90' lang='lat' dir='ltr'>enim</span> <span class='ocrx_word' id='word_1_75' title='bbox 291 924 360 954; x_wconf 84' lang='lat' dir='ltr'>fuit.</span> <span class='ocrx_word' id='word_1_76' title='bbox 378 936 391 951; x_wconf 88' lang='lat'>»</span> 
     </span>
    </p>

    <p class='ocr_par' dir='ltr' id='par_1_7' title="bbox 186 976 962 1378">
     <span class='ocr_line' id='line_1_16' title="bbox 229 976 961 1016; baseline 0 -9"><span class='ocrx_word' id='word_1_77' title='bbox 229 979 258 1007; x_wconf 89' lang='lat'>3.</span> <span class='ocrx_word' id='word_1_78' title='bbox 276 976 352 1007; x_wconf 86' lang='lat' dir='ltr'>Item</span> <span class='ocrx_word' id='word_1_79' title='bbox 368 977 489 1007; x_wconf 84' lang='lat' dir='ltr'>ratione</span> <span class='ocrx_word' id='word_1_80' title='bbox 504 977 631 1008; x_wconf 88' lang='lat' dir='ltr'>videtur</span> <span class='ocrx_word' id='word_1_81' title='bbox 647 988 653 1007; x_wconf 77' lang='grc' dir='ltr'>ε</span> <span class='ocrx_word' id='word_1_82' title='bbox 672 977 748 1016; x_wconf 85' lang='lat' dir='ltr'>quia</span> <span class='ocrx_word' id='word_1_83' title='bbox 762 985 855 1006; x_wconf 89' lang='lat' dir='ltr'>omne</span> <span class='ocrx_word' id='word_1_84' title='bbox 876 977 961 1016; x_wconf 86' lang='lat' dir='ltr'>quod</span> 
     </span>
     <span class='ocr_line' id='line_1_17' title="bbox 188 1031 960 1070; baseline 0 -9"><span class='ocrx_word' id='word_1_85' title='bbox 188 1031 322 1061; x_wconf 83' lang='lat' dir='ltr'>sentitur</span> <span class='ocrx_word' id='word_1_86' title='bbox 336 1033 432 1068; x_wconf 82' lang='lat' dir='ltr'>tactu,</span> <span class='ocrx_word' id='word_1_87' title='bbox 449 1031 582 1061; x_wconf 90' lang='lat' dir='ltr'>sentitur</span> <span class='ocrx_word' id='word_1_88' title='bbox 597 1036 651 1061; x_wconf 84' lang='lat' dir='ltr'>aut</span> <span class='ocrx_word' id='word_1_89' title='bbox 667 1032 722 1070; x_wconf 87' lang='lat' dir='ltr'>per</span> <span class='ocrx_word' id='word_1_90' title='bbox 737 1031 960 1068; x_wconf 77' lang='lat' dir='ltr'>resistentiam,</span> 
     </span>
     <span class='ocr_line' id='line_1_18' title="bbox 188 1084 962 1123; baseline 0 -9"><span class='ocrx_word' id='word_1_91' title='bbox 188 1086 243 1114; x_wconf 83' lang='lat' dir='ltr'>aut</span> <span class='ocrx_word' id='word_1_92' title='bbox 253 1093 308 1123; x_wconf 90' lang='lat' dir='ltr'>per</span> <span class='ocrx_word' id='word_1_93' title='bbox 323 1084 360 1123; x_wconf 79' lang='lat' dir='ltr'>(a)</span> <span class='ocrx_word' id='word_1_94' title='bbox 378 1084 562 1123; x_wconf 77' lang='lat' dir='ltr'>qualitatem</span> <span class='ocrx_word' id='word_1_95' title='bbox 575 1085 721 1120; x_wconf 86' lang='lat' dir='ltr'>activam,</span> <span class='ocrx_word' id='word_1_96' title='bbox 736 1085 817 1114; x_wconf 86' lang='lat' dir='ltr'>sicut</span> <span class='ocrx_word' id='word_1_97' title='bbox 829 1085 962 1114; x_wconf 85' lang='lat' dir='ltr'>sentitur</span> 
     </span>
     <span class='ocr_line' id='line_1_19' title="bbox 187 1137 960 1176; baseline 0 -10"><span class='ocrx_word' id='word_1_98' title='bbox 187 1145 241 1167; x_wconf 87' lang='lat' dir='ltr'>aer</span> <span class='ocrx_word' id='word_1_99' title='bbox 256 1137 392 1175; x_wconf 86' lang='lat' dir='ltr'>frigidus</span> <span class='ocrx_word' id='word_1_100' title='bbox 411 1148 416 1167; x_wconf 93' lang='lat'>:</span> <span class='ocrx_word' id='word_1_101' title='bbox 434 1137 487 1167; x_wconf 89' lang='lat' dir='ltr'>sed</span> <span class='ocrx_word' id='word_1_102' title='bbox 503 1146 617 1176; x_wconf 85' lang='lat' dir='ltr'>corpus</span> <span class='ocrx_word' id='word_1_103' title='bbox 632 1137 807 1175; x_wconf 81' lang='lat' dir='ltr'>gloriosum</span> <span class='ocrx_word' id='word_1_104' title='bbox 824 1146 889 1166; x_wconf 90' lang='lat' dir='ltr'>non</span> <span class='ocrx_word' id='word_1_105' title='bbox 902 1146 960 1176; x_wconf 88' lang='lat' dir='ltr'>po-</span> 
     </span>
     <span class='ocr_line' id='line_1_20' title="bbox 187 1190 959 1229; baseline 0.001 -10"><span class='ocrx_word' id='word_1_106' title='bbox 187 1191 247 1219; x_wconf 87' lang='lat' dir='ltr'>test</span> <span class='ocrx_word' id='word_1_107' title='bbox 271 1190 381 1220; x_wconf 88' lang='lat' dir='ltr'>sentiri</span> <span class='ocrx_word' id='word_1_108' title='bbox 405 1199 461 1229; x_wconf 85' lang='lat' dir='ltr'>per</span> <span class='ocrx_word' id='word_1_109' title='bbox 484 1190 709 1227; x_wconf 83' lang='lat' dir='ltr'>resistentiam,</span> <span class='ocrx_word' id='word_1_110' title='bbox 731 1190 807 1229; x_wconf 85' lang='lat' dir='ltr'>quia</span> <span class='ocrx_word' id='word_1_111' title='bbox 830 1190 909 1220; x_wconf 90' lang='lat' dir='ltr'>nihil</span> <span class='ocrx_word' id='word_1_112' title='bbox 932 1191 959 1220; x_wconf 87' lang='lat' dir='ltr'>ei</span> 
     </span>
     <span class='ocr_line' id='line_1_21' title="bbox 188 1243 960 1282; baseline 0.001 -10"><span class='ocrx_word' id='word_1_113' title='bbox 188 1243 320 1280; x_wconf 83' lang='lat' dir='ltr'>resistit3</span> <span class='ocrx_word' id='word_1_114' title='bbox 343 1252 406 1273; x_wconf 93' lang='lat' dir='ltr'>non</span> <span class='ocrx_word' id='word_1_115' title='bbox 428 1252 482 1282; x_wconf 89' lang='lat' dir='ltr'>per</span> <span class='ocrx_word' id='word_1_116' title='bbox 506 1243 689 1282; x_wconf 82' lang='lat' dir='ltr'>qualitatem</span> <span class='ocrx_word' id='word_1_117' title='bbox 711 1243 862 1280; x_wconf 86' lang='lat' dir='ltr'>activam,</span> <span class='ocrx_word' id='word_1_118' title='bbox 885 1243 960 1282; x_wconf 86' lang='lat' dir='ltr'>quia</span> 
     </span>
     <span class='ocr_line' id='line_1_22' title="bbox 187 1294 959 1334; baseline 0.001 -10"><span class='ocrx_word' id='word_1_119' title='bbox 187 1294 275 1324; x_wconf 88' lang='lat' dir='ltr'>nulla</span> <span class='ocrx_word' id='word_1_120' title='bbox 299 1295 369 1325; x_wconf 86' lang='lat' dir='ltr'>talis</span> <span class='ocrx_word' id='word_1_121' title='bbox 397 1295 577 1326; x_wconf 85' lang='lat' dir='ltr'>immutatio</span> <span class='ocrx_word' id='word_1_122' title='bbox 607 1296 650 1326; x_wconf 89' lang='lat' dir='ltr'>ibi</span> <span class='ocrx_word' id='word_1_123' title='bbox 679 1298 821 1326; x_wconf 85' lang='lat' dir='ltr'>remanet</span> <span class='ocrx_word' id='word_1_124' title='bbox 845 1306 851 1325; x_wconf 90' lang='lat'>:</span> <span class='ocrx_word' id='word_1_125' title='bbox 881 1304 959 1334; x_wconf 85' lang='lat' dir='ltr'>ergo</span> 
     </span>
     <span class='ocr_line' id='line_1_23' title="bbox 186 1347 398 1378; baseline 0.009 -2"><span class='ocrx_word' id='word_1_126' title='bbox 186 1347 274 1377; x_wconf 92' lang='lat' dir='ltr'>nullo</span> <span class='ocrx_word' id='word_1_127' title='bbox 296 1348 398 1378; x_wconf 89' lang='lat' dir='ltr'>modo.</span> 
     </span>
    </p>

    <p class='ocr_par' dir='ltr' id='par_1_8' title="bbox 188 1400 960 1493">
     <span class='ocr_line' id='line_1_24' title="bbox 226 1400 960 1439; baseline 0.003 -9"><span class='ocrx_word' id='word_1_128' title='bbox 226 1402 255 1430; x_wconf 72' lang='lat'>4.</span> <span class='ocrx_word' id='word_1_129' title='bbox 274 1400 351 1431; x_wconf 84' lang='lat' dir='ltr'>Item</span> <span class='ocrx_word' id='word_1_130' title='bbox 365 1403 466 1432; x_wconf 87' lang='lat' dir='ltr'>tactus</span> <span class='ocrx_word' id='word_1_131' title='bbox 479 1401 618 1432; x_wconf 79' lang='lat' dir='ltr'>maxime</span> <span class='ocrx_word' id='word_1_132' title='bbox 631 1404 676 1432; x_wconf 88' lang='lat' dir='ltr'>est</span> <span class='ocrx_word' id='word_1_133' title='bbox 693 1402 878 1439; x_wconf 76' lang='lat' dir='ltr'>materialis3</span> <span class='ocrx_word' id='word_1_134' title='bbox 895 1411 960 1432; x_wconf 86' lang='lat' dir='ltr'>cor-</span> 
     </span>
     <span class='ocr_line' id='line_1_25' title="bbox 188 1454 841 1493; baseline 0.003 -10"><span class='ocrx_word' id='word_1_135' title='bbox 188 1462 246 1492; x_wconf 87' lang='lat' dir='ltr'>pus</span> <span class='ocrx_word' id='word_1_136' title='bbox 261 1456 369 1484; x_wconf 87' lang='lat' dir='ltr'>autem</span> <span class='ocrx_word' id='word_1_137' title='bbox 384 1454 462 1485; x_wconf 89' lang='lat' dir='ltr'>illud</span> <span class='ocrx_word' id='word_1_138' title='bbox 476 1454 636 1493; x_wconf 83' lang='lat' dir='ltr'>spirituale</span> <span class='ocrx_word' id='word_1_139' title='bbox 653 1465 660 1485; x_wconf 79' lang='lat' dir='ltr'>z</span> <span class='ocrx_word' id='word_1_140' title='bbox 677 1463 766 1493; x_wconf 61' lang='lat' dir='ltr'>ergo„</span> <span class='ocrx_word' id='word_1_141' title='bbox 783 1458 841 1485; x_wconf 88' lang='lat' dir='ltr'>etc.</span> 
     </span>
    </p>
   </div>
   <div class='ocr_carea' id='block_1_5' title="bbox 459 1568 683 1601">
    <p class='ocr_par' dir='ltr' id='par_1_9' title="bbox 459 1568 683 1601">
     <span class='ocr_line' id='line_1_26' title="bbox 459 1568 683 1601; baseline 0.004 -2"><span class='ocrx_word' id='word_1_142' title='bbox 459 1568 683 1601; x_wconf 81' lang='lat' dir='ltr'>CONCLUSIO.</span> 
     </span>
    </p>
   </div>
   <div class='ocr_carea' id='block_1_6' title="bbox 185 1653 958 1768">
    <p class='ocr_par' dir='ltr' id='par_1_10' title="bbox 185 1653 958 1768">
     <span class='ocr_line' id='line_1_27' title="bbox 185 1653 957 1688; baseline 0.003 -9"><span class='ocrx_word' id='word_1_143' title='bbox 185 1653 287 1688; x_wconf 77' lang='lat' dir='ltr'>Corpus</span> <span class='ocrx_word' id='word_1_144' title='bbox 306 1655 450 1687; x_wconf 74' lang='lat' dir='ltr'>qloriosum</span> <span class='ocrx_word' id='word_1_145' title='bbox 471 1656 557 1688; x_wconf 79' lang='lat' dir='ltr'>potest</span> <span class='ocrx_word' id='word_1_146' title='bbox 578 1662 604 1680; x_wconf 81' lang='lat' dir='ltr'>se</span> <span class='ocrx_word' id='word_1_147' title='bbox 620 1654 738 1688; x_wconf 77' lang='lat' dir='ltr'>proebere</span> <span class='ocrx_word' id='word_1_148' title='bbox 761 1656 908 1688; x_wconf 69' lang='lat' dir='ltr'>tarzqibile,</span> <span class='ocrx_word' id='word_1_149' title='bbox 934 1658 957 1681; x_wconf 78' lang='lat' dir='ltr'>et</span> 
     </span>
     <span class='ocr_line' id='line_1_28' title="bbox 219 1698 958 1733; baseline 0.001 -9"><span class='ocrx_word' id='word_1_150' title='bbox 219 1705 245 1724; x_wconf 87' lang='lat' dir='ltr'>se</span> <span class='ocrx_word' id='word_1_151' title='bbox 271 1698 421 1730; x_wconf 74' lang='lat' dir='ltr'>occultare,</span> <span class='ocrx_word' id='word_1_152' title='bbox 450 1700 514 1731; x_wconf 75' lang='lat' dir='ltr'>quia</span> <span class='ocrx_word' id='word_1_153' title='bbox 544 1700 629 1732; x_wconf 73' lang='lat' dir='ltr'>potest</span> <span class='ocrx_word' id='word_1_154' title='bbox 656 1702 798 1733; x_wconf 73' lang='lat' dir='ltr'>penetrare</span> <span class='ocrx_word' id='word_1_155' title='bbox 826 1707 958 1733; x_wconf 62' lang='lat' dir='ltr'>organum</span> 
     </span>
     <span class='ocr_line' id='line_1_29' title="bbox 223 1744 319 1768; baseline 0.01 -1"><span class='ocrx_word' id='word_1_156' title='bbox 223 1744 319 1768; x_wconf 77' lang='lat' dir='ltr'>tactus.</span> 
     </span>
    </p>
   </div>
   <div class='ocr_carea' id='block_1_7' title="bbox 182 1825 959 2608">
    <p class='ocr_par' dir='ltr' id='par_1_11' title="bbox 182 1825 959 2608">
     <span class='ocr_line' id='line_1_30' title="bbox 224 1825 958 1866; baseline 0.004 -11"><span class='ocrx_word' id='word_1_157' title='bbox 224 1825 317 1865; x_wconf 87' lang='lat' dir='ltr'>Resp.</span> <span class='ocrx_word' id='word_1_158' title='bbox 341 1826 378 1856; x_wconf 78' lang='lat' dir='ltr'>ad</span> <span class='ocrx_word' id='word_1_159' title='bbox 395 1835 465 1865; x_wconf 85' lang='lat' dir='ltr'>arg.</span> <span class='ocrx_word' id='word_1_160' title='bbox 486 1826 656 1857; x_wconf 80' lang='lat' dir='ltr'>Dicendum</span> <span class='ocrx_word' id='word_1_161' title='bbox 677 1827 778 1866; x_wconf 85' lang='lat' dir='ltr'>quod,</span> <span class='ocrx_word' id='word_1_162' title='bbox 800 1836 871 1858; x_wconf 83' lang='lat' dir='ltr'>cum</span> <span class='ocrx_word' id='word_1_163' title='bbox 890 1828 958 1858; x_wconf 84' lang='lat' dir='ltr'>dico</span> 
     </span>
     <span class='ocr_line' id='line_1_31' title="bbox 183 1878 956 1919; baseline 0 -10"><span class='ocrx_word' id='word_1_164' title='bbox 183 1878 351 1917; x_wconf 61' lang='lat' dir='ltr'>cammite,</span> <span class='ocrx_word' id='word_1_165' title='bbox 367 1878 430 1908; x_wconf 89' lang='lat' dir='ltr'>duo</span> <span class='ocrx_word' id='word_1_166' title='bbox 447 1878 531 1915; x_wconf 82' lang='lat' dir='ltr'>dico,</span> <span class='ocrx_word' id='word_1_167' title='bbox 551 1879 666 1909; x_wconf 85' lang='lat' dir='ltr'>scilicet</span> <span class='ocrx_word' id='word_1_168' title='bbox 680 1880 761 1918; x_wconf 84' lang='lat' dir='ltr'>quod</span> <span class='ocrx_word' id='word_1_169' title='bbox 780 1882 879 1919; x_wconf 86' lang='lat' dir='ltr'>potest</span> <span class='ocrx_word' id='word_1_170' title='bbox 897 1881 956 1909; x_wconf 75' lang='lat' dir='ltr'>iin-</span> 
     </span>
     <span class='ocr_line' id='line_1_32' title="bbox 183 1931 959 1970; baseline 0.003 -10"><span class='ocrx_word' id='word_1_171' title='bbox 183 1933 307 1961; x_wconf 80' lang='lat' dir='ltr'>mutare</span> <span class='ocrx_word' id='word_1_172' title='bbox 327 1939 471 1968; x_wconf 86' lang='lat' dir='ltr'>sensum,</span> <span class='ocrx_word' id='word_1_173' title='bbox 494 1932 524 1960; x_wconf 84' lang='lat' dir='ltr'>et</span> <span class='ocrx_word' id='word_1_174' title='bbox 544 1931 604 1961; x_wconf 82' lang='lat' dir='ltr'>hoo</span> <span class='ocrx_word' id='word_1_175' title='bbox 621 1934 668 1961; x_wconf 89' lang='lat' dir='ltr'>est</span> <span class='ocrx_word' id='word_1_176' title='bbox 690 1932 906 1970; x_wconf 70' lang='lat' dir='ltr'>perfecti011is3</span> <span class='ocrx_word' id='word_1_177' title='bbox 928 1935 959 1962; x_wconf 90' lang='lat' dir='ltr'>et</span> 
     </span>
     <span class='ocr_line' id='line_1_33' title="bbox 183 1983 958 2023; baseline 0.004 -11"><span class='ocrx_word' id='word_1_178' title='bbox 183 1983 268 2022; x_wconf 89' lang='lat' dir='ltr'>quod</span> <span class='ocrx_word' id='word_1_179' title='bbox 289 1992 352 2013; x_wconf 85' lang='lat' dir='ltr'>non</span> <span class='ocrx_word' id='word_1_180' title='bbox 371 1985 470 2022; x_wconf 88' lang='lat' dir='ltr'>potest</span> <span class='ocrx_word' id='word_1_181' title='bbox 491 1983 587 2014; x_wconf 82' lang='lat' dir='ltr'>latere</span> <span class='ocrx_word' id='word_1_182' title='bbox 608 1986 724 2014; x_wconf 86' lang='lat' dir='ltr'>tactum</span> <span class='ocrx_word' id='word_1_183' title='bbox 745 1987 905 2023; x_wconf 84' lang='lat' dir='ltr'>nostrum,</span> <span class='ocrx_word' id='word_1_184' title='bbox 929 1988 958 2015; x_wconf 91' lang='lat' dir='ltr'>et</span> 
     </span>
     <span class='ocr_line' id='line_1_34' title="bbox 184 2036 959 2077; baseline 0.004 -11"><span class='ocrx_word' id='word_1_185' title='bbox 184 2037 243 2066; x_wconf 89' lang='lat' dir='ltr'>hoc</span> <span class='ocrx_word' id='word_1_186' title='bbox 266 2039 313 2066; x_wconf 90' lang='lat' dir='ltr'>est</span> <span class='ocrx_word' id='word_1_187' title='bbox 336 2036 591 2075; x_wconf 79' lang='lat' dir='ltr'>imperfectionis.</span> <span class='ocrx_word' id='word_1_188' title='bbox 620 2037 656 2067; x_wconf 88' lang='lat' dir='ltr'>Et</span> <span class='ocrx_word' id='word_1_189' title='bbox 681 2038 757 2077; x_wconf 87' lang='lat' dir='ltr'>quia</span> <span class='ocrx_word' id='word_1_190' title='bbox 781 2039 959 2069; x_wconf 82' lang='lat' dir='ltr'>remanebit</span> 
     </span>
     <span class='ocr_line' id='line_1_35' title="bbox 183 2089 958 2130; baseline 0.001 -10"><span class='ocrx_word' id='word_1_191' title='bbox 183 2089 267 2128; x_wconf 84' lang='lat' dir='ltr'>quod</span> <span class='ocrx_word' id='word_1_192' title='bbox 291 2091 336 2119; x_wconf 88' lang='lat' dir='ltr'>est</span> <span class='ocrx_word' id='word_1_193' title='bbox 359 2089 573 2128; x_wconf 75' lang='lat' dir='ltr'>perfeetionis,</span> <span class='ocrx_word' id='word_1_194' title='bbox 599 2093 629 2119; x_wconf 87' lang='lat' dir='ltr'>et</span> <span class='ocrx_word' id='word_1_195' title='bbox 654 2090 780 2120; x_wconf 87' lang='lat' dir='ltr'>tolletur</span> <span class='ocrx_word' id='word_1_196' title='bbox 801 2091 885 2130; x_wconf 88' lang='lat' dir='ltr'>quod</span> <span class='ocrx_word' id='word_1_197' title='bbox 912 2095 958 2121; x_wconf 89' lang='lat' dir='ltr'>est</span> 
     </span>
     <span class='ocr_line' id='line_1_36' title="bbox 183 2142 955 2184; baseline 0.004 -12"><span class='ocrx_word' id='word_1_198' title='bbox 183 2142 444 2182; x_wconf 74' lang='lat' dir='ltr'>impert&#39;ectioni53</span> <span class='ocrx_word' id='word_1_199' title='bbox 468 2142 538 2172; x_wconf 89' lang='lat' dir='ltr'>ideo</span> <span class='ocrx_word' id='word_1_200' title='bbox 559 2143 627 2173; x_wconf 83' lang='lat' dir='ltr'>dico</span> <span class='ocrx_word' id='word_1_201' title='bbox 649 2144 734 2183; x_wconf 90' lang='lat' dir='ltr'>quod</span> <span class='ocrx_word' id='word_1_202' title='bbox 754 2153 868 2184; x_wconf 88' lang='lat' dir='ltr'>corpus</span> <span class='ocrx_word' id='word_1_203' title='bbox 886 2145 955 2184; x_wconf 82' lang='lat' dir='ltr'>glo-</span> 
     </span>
     <span class='ocr_line' id='line_1_37' title="bbox 184 2196 958 2238; baseline 0.005 -13"><span class='ocrx_word' id='word_1_204' title='bbox 184 2196 305 2225; x_wconf 88' lang='lat' dir='ltr'>riosum</span> <span class='ocrx_word' id='word_1_205' title='bbox 321 2198 421 2235; x_wconf 87' lang='lat' dir='ltr'>potest</span> <span class='ocrx_word' id='word_1_206' title='bbox 437 2205 470 2225; x_wconf 86' lang='lat' dir='ltr'>se</span> <span class='ocrx_word' id='word_1_207' title='bbox 484 2196 626 2235; x_wconf 79' lang='lat' dir='ltr'>praebere</span> <span class='ocrx_word' id='word_1_208' title='bbox 640 2197 804 2235; x_wconf 77' lang='lat' dir='ltr'>tangibile,</span> <span class='ocrx_word' id='word_1_209' title='bbox 816 2200 846 2228; x_wconf 90' lang='lat' dir='ltr'>et</span> <span class='ocrx_word' id='word_1_210' title='bbox 857 2201 958 2238; x_wconf 87' lang='lat' dir='ltr'>potest</span> 
     </span>
     <span class='ocr_line' id='line_1_38' title="bbox 184 2248 957 2287; baseline 0.006 -10"><span class='ocrx_word' id='word_1_211' title='bbox 184 2256 217 2278; x_wconf 88' lang='lat' dir='ltr'>se</span> <span class='ocrx_word' id='word_1_212' title='bbox 240 2257 303 2278; x_wconf 90' lang='lat' dir='ltr'>non</span> <span class='ocrx_word' id='word_1_213' title='bbox 328 2248 483 2287; x_wconf 84' lang='lat' dir='ltr'>praebere,</span> <span class='ocrx_word' id='word_1_214' title='bbox 506 2249 573 2280; x_wconf 91' lang='lat' dir='ltr'>sive</span> <span class='ocrx_word' id='word_1_215' title='bbox 596 2249 707 2287; x_wconf 64' lang='lat' dir='ltr'>latere,</span> <span class='ocrx_word' id='word_1_216' title='bbox 733 2252 763 2281; x_wconf 91' lang='lat' dir='ltr'>et</span> <span class='ocrx_word' id='word_1_217' title='bbox 783 2250 843 2281; x_wconf 86' lang='lat' dir='ltr'>hoc</span> <span class='ocrx_word' id='word_1_218' title='bbox 863 2251 957 2283; x_wconf 84' lang='lat' dir='ltr'>habet</span> 
     </span>
     <span class='ocr_line' id='line_1_39' title="bbox 183 2301 957 2344; baseline 0.006 -14"><span class='ocrx_word' id='word_1_219' title='bbox 183 2301 359 2331; x_wconf 89' lang='lat' dir='ltr'>secundum</span> <span class='ocrx_word' id='word_1_220' title='bbox 380 2301 521 2332; x_wconf 81' lang='lat' dir='ltr'>diversas</span> <span class='ocrx_word' id='word_1_221' title='bbox 540 2302 746 2334; x_wconf 85' lang='lat' dir='ltr'>conditiones.</span> <span class='ocrx_word' id='word_1_222' title='bbox 766 2303 846 2334; x_wconf 85' lang='lat' dir='ltr'>Nam</span> <span class='ocrx_word' id='word_1_223' title='bbox 866 2305 957 2344; x_wconf 77' lang='lat' dir='ltr'>tangi</span> 
     </span>
     <span class='ocr_line' id='line_1_40' title="bbox 185 2355 955 2396; baseline 0.004 -11"><span class='ocrx_word' id='word_1_224' title='bbox 185 2356 298 2393; x_wconf 79' lang='lat' dir='ltr'>potest,</span> <span class='ocrx_word' id='word_1_225' title='bbox 317 2355 390 2394; x_wconf 79' lang='lat' dir='ltr'>quia</span> <span class='ocrx_word' id='word_1_226' title='bbox 405 2357 505 2394; x_wconf 88' lang='lat' dir='ltr'>potest</span> <span class='ocrx_word' id='word_1_227' title='bbox 518 2356 692 2396; x_wconf 87' lang='lat' dir='ltr'>impellenti</span> <span class='ocrx_word' id='word_1_228' title='bbox 705 2357 864 2395; x_wconf 86' lang='lat' dir='ltr'>resistere,</span> <span class='ocrx_word' id='word_1_229' title='bbox 881 2367 955 2388; x_wconf 89' lang='lat' dir='ltr'>cum</span> 
     </span>
     <span class='ocr_line' id='line_1_41' title="bbox 183 2408 954 2450; baseline 0.006 -14"><span class='ocrx_word' id='word_1_230' title='bbox 183 2408 222 2437; x_wconf 67' lang='lat' dir='ltr'>sit</span> <span class='ocrx_word' id='word_1_231' title='bbox 243 2417 356 2447; x_wconf 85' lang='lat' dir='ltr'>corpus</span> <span class='ocrx_word' id='word_1_232' title='bbox 378 2418 509 2446; x_wconf 85' lang='lat' dir='ltr'>verum,</span> <span class='ocrx_word' id='word_1_233' title='bbox 533 2418 599 2440; x_wconf 91' lang='lat' dir='ltr'>non</span> <span class='ocrx_word' id='word_1_234' title='bbox 620 2419 757 2448; x_wconf 85' lang='lat' dir='ltr'>vanum,</span> <span class='ocrx_word' id='word_1_235' title='bbox 780 2410 831 2441; x_wconf 91' lang='lat' dir='ltr'>vel</span> <span class='ocrx_word' id='word_1_236' title='bbox 854 2411 954 2450; x_wconf 85' lang='lat' dir='ltr'>phan-</span> 
     </span>
     <span class='ocr_line' id='line_1_42' title="bbox 183 2461 955 2503; baseline 0.005 -13"><span class='ocrx_word' id='word_1_237' title='bbox 183 2461 327 2491; x_wconf 78' lang='lat' dir='ltr'>tasticum</span> <span class='ocrx_word' id='word_1_238' title='bbox 340 2472 346 2498; x_wconf 91' lang='grc'>;</span> <span class='ocrx_word' id='word_1_239' title='bbox 365 2461 461 2491; x_wconf 87' lang='lat' dir='ltr'>latere</span> <span class='ocrx_word' id='word_1_240' title='bbox 473 2464 583 2501; x_wconf 82' lang='lat' dir='ltr'>potest,</span> <span class='ocrx_word' id='word_1_241' title='bbox 595 2463 669 2502; x_wconf 85' lang='lat' dir='ltr'>quia</span> <span class='ocrx_word' id='word_1_242' title='bbox 680 2465 779 2502; x_wconf 77' lang='lat' dir='ltr'>potest</span> <span class='ocrx_word' id='word_1_243' title='bbox 793 2466 955 2503; x_wconf 83' lang='lat' dir='ltr'>penetrare</span> 
     </span>
     <span class='ocr_line' id='line_1_43' title="bbox 182 2514 955 2555; baseline 0.005 -12"><span class='ocrx_word' id='word_1_244' title='bbox 182 2522 340 2552; x_wconf 82' lang='lat' dir='ltr'>organum</span> <span class='ocrx_word' id='word_1_245' title='bbox 352 2516 462 2544; x_wconf 82' lang='lat' dir='ltr'>tactus.</span> <span class='ocrx_word' id='word_1_246' title='bbox 478 2514 621 2545; x_wconf 81' lang='lat' dir='ltr'>Primum</span> <span class='ocrx_word' id='word_1_247' title='bbox 632 2516 727 2546; x_wconf 85' lang='lat' dir='ltr'>habet</span> <span class='ocrx_word' id='word_1_248' title='bbox 738 2526 793 2555; x_wconf 87' lang='lat' dir='ltr'>per</span> <span class='ocrx_word' id='word_1_249' title='bbox 804 2517 955 2547; x_wconf 88' lang='lat' dir='ltr'>virtutem</span> 
     </span>
     <span class='ocr_line' id='line_1_44' title="bbox 183 2567 955 2608; baseline 0.005 -12"><span class='ocrx_word' id='word_1_250' title='bbox 183 2569 319 2603; x_wconf 75' lang='lat' dir='ltr'>iiatu1·ae;</span> <span class='ocrx_word' id='word_1_251' title='bbox 337 2567 519 2604; x_wconf 63' lang='lat' dir='ltr'>set-undum,</span> <span class='ocrx_word' id='word_1_252' title='bbox 538 2577 592 2606; x_wconf 83' lang='lat' dir='ltr'>per</span> <span class='ocrx_word' id='word_1_253' title='bbox 607 2569 765 2603; x_wconf 63' lang='lat' dir='ltr'>effectum,</span> <span class='ocrx_word' id='word_1_254' title='bbox 785 2570 955 2608; x_wconf 86' lang='lat' dir='ltr'>spiritualis</span> 
     </span>
    </p>
   </div>
   <div class='ocr_carea' id='block_1_8' title="bbox 182 2628 954 2768">
    <p class='ocr_par' dir='ltr' id='par_1_12' title="bbox 182 2628 954 2768">
     <span class='ocr_line' id='line_1_45' title="bbox 216 2628 954 2662; baseline 0.011 -14"><span class='ocrx_word' id='word_1_255' title='bbox 216 2629 222 2644; x_wconf 80' lang='lat'><strong>¹</strong></span> <span class='ocrx_word' id='word_1_256' title='bbox 239 2628 324 2658; x_wconf 59' lang='lat' dir='ltr'>Greg„</span> <span class='ocrx_word' id='word_1_257' title='bbox 346 2629 369 2651; x_wconf 82' lang='lat' dir='ltr'>in</span> <span class='ocrx_word' id='word_1_258' title='bbox 391 2628 494 2658; x_wconf 57' lang='lat' dir='ltr'>Evanss„</span> <span class='ocrx_word' id='word_1_259' title='bbox 509 2629 579 2653; x_wconf 85' lang='lat' dir='ltr'>hom.</span> <span class='ocrx_word' id='word_1_260' title='bbox 596 2635 666 2652; x_wconf 80' lang='lat' dir='ltr'>xxvi.</span> <span class='ocrx_word' id='word_1_261' title='bbox 683 2642 713 2647; x_wconf 91' lang='lat'>—</span> <span class='ocrx_word' id='word_1_262' title='bbox 729 2630 737 2643; x_wconf 86' lang='lat'>²</span> <span class='ocrx_word' id='word_1_263' title='bbox 752 2631 792 2660; x_wconf 87' lang='lat' dir='ltr'>Cs.</span> <span class='ocrx_word' id='word_1_264' title='bbox 809 2632 834 2654; x_wconf 69' lang='lat' dir='ltr'>S.</span> <span class='ocrx_word' id='word_1_265' title='bbox 854 2631 954 2662; x_wconf 62' lang='lat' dir='ltr'>Thoar,</span> 
     </span>
     <span class='ocr_line' id='line_1_46' title="bbox 182 2664 954 2697; baseline 0.003 -10"><span class='ocrx_word' id='word_1_266' title='bbox 182 2664 207 2687; x_wconf 91' lang='lat' dir='ltr'>in</span> <span class='ocrx_word' id='word_1_267' title='bbox 218 2664 306 2694; x_wconf 78' lang='lat' dir='ltr'>Suppl.</span> <span class='ocrx_word' id='word_1_268' title='bbox 316 2671 342 2694; x_wconf 89' lang='lat' dir='ltr'>p.</span> <span class='ocrx_word' id='word_1_269' title='bbox 355 2664 396 2694; x_wconf 82' lang='lat' dir='ltr'>lll⁷</span> <span class='ocrx_word' id='word_1_270' title='bbox 407 2666 954 2697; x_wconf 63' lang='lat' dir='ltr'>q.mxx1v,art.152t1VSent.,‹list.x1.1v‚</span> 
     </span>
     <span class='ocr_line' id='line_1_47' title="bbox 183 2700 953 2733; baseline 0.005 -11"><span class='ocrx_word' id='word_1_271' title='bbox 183 2707 207 2730; x_wconf 84' lang='lat' dir='ltr'>q.</span> <span class='ocrx_word' id='word_1_272' title='bbox 233 2705 259 2728; x_wconf 82' lang='grc' dir='ltr'>ιι,</span> <span class='ocrx_word' id='word_1_273' title='bbox 284 2701 332 2722; x_wconf 86' lang='lat' dir='ltr'>art.</span> <span class='ocrx_word' id='word_1_274' title='bbox 356 2702 382 2729; x_wconf 63' lang='grc' dir='ltr'>ὃς</span> <span class='ocrx_word' id='word_1_275' title='bbox 406 2701 482 2725; x_wconf 78' lang='lat' dir='ltr'>Seot..</span> <span class='ocrx_word' id='word_1_276' title='bbox 513 2700 543 2723; x_wconf 89' lang='lat' dir='ltr'>lV</span> <span class='ocrx_word' id='word_1_277' title='bbox 569 2700 646 2730; x_wconf 61' lang='lat' dir='ltr'>Sent„</span> <span class='ocrx_word' id='word_1_278' title='bbox 671 2701 728 2724; x_wconf 74' lang='lat' dir='ltr'>dist.</span> <span class='ocrx_word' id='word_1_279' title='bbox 751 2708 821 2731; x_wconf 39' lang='grc' dir='ltr'>ηιμ,</span> <span class='ocrx_word' id='word_1_280' title='bbox 845 2710 869 2732; x_wconf 85' lang='lat' dir='ltr'>q.</span> <span class='ocrx_word' id='word_1_281' title='bbox 891 2708 953 2733; x_wconf 82' lang='lat' dir='ltr'>x111;</span> 
     </span>
     <span class='ocr_line' id='line_1_48' title="bbox 182 2734 952 2768; baseline 0.005 -10"><span class='ocrx_word' id='word_1_282' title='bbox 182 2734 310 2765; x_wconf 56' lang='lat' dir='ltr'>menard,</span> <span class='ocrx_word' id='word_1_283' title='bbox 333 2736 364 2759; x_wconf 90' lang='lat' dir='ltr'>lV</span> <span class='ocrx_word' id='word_1_284' title='bbox 386 2736 466 2765; x_wconf 63' lang='lat' dir='ltr'>Seni„</span> <span class='ocrx_word' id='word_1_285' title='bbox 480 2735 538 2760; x_wconf 86' lang='lat' dir='ltr'>dist.</span> <span class='ocrx_word' id='word_1_286' title='bbox 555 2741 631 2767; x_wconf 75' lang='lat' dir='ltr'>xmx,</span> <span class='ocrx_word' id='word_1_287' title='bbox 650 2737 698 2760; x_wconf 81' lang='lat' dir='ltr'>art.</span> <span class='ocrx_word' id='word_1_288' title='bbox 717 2738 739 2767; x_wconf 78' lang='lat'>4,</span> <span class='ocrx_word' id='word_1_289' title='bbox 755 2744 780 2768; x_wconf 86' lang='lat' dir='ltr'>q.</span> <span class='ocrx_word' id='word_1_290' title='bbox 799 2743 847 2768; x_wconf 87' lang='lat' dir='ltr'>v11;</span> <span class='ocrx_word' id='word_1_291' title='bbox 863 2738 952 2762; x_wconf 88' lang='lat' dir='ltr'>Thom.</span> 
     </span>
    </p>
   </div>
   <div class='ocr_carea' id='block_1_9' title="bbox 1017 275 1791 1219">
    <p class='ocr_par' dir='ltr' id='par_1_13' title="bbox 1018 275 1791 485">
     <span class='ocr_line' id='line_1_49' title="bbox 1732 275 1787 303; baseline -0.036 0"><span class='ocrx_word' id='word_1_292' title='bbox 1732 275 1787 303; x_wconf 80' lang='lat'>597</span> 
     </span>
     <span class='ocr_line' id='line_1_50' title="bbox 1018 339 1789 380; baseline -0.003 -10"><span class='ocrx_word' id='word_1_293' title='bbox 1018 340 1176 380; x_wconf 57' lang='lat' dir='ltr'>potentiae.</span> <span class='ocrx_word' id='word_1_294' title='bbox 1190 340 1227 371; x_wconf 87' lang='lat' dir='ltr'>Et</span> <span class='ocrx_word' id='word_1_295' title='bbox 1237 341 1305 371; x_wconf 71' lang='lat' dir='ltr'>haee</span> <span class='ocrx_word' id='word_1_296' title='bbox 1317 341 1378 371; x_wconf 72' lang='lat' dir='ltr'>duo</span> <span class='ocrx_word' id='word_1_297' title='bbox 1389 341 1545 370; x_wconf 71' lang='lat' dir='ltr'>contraria</span> <span class='ocrx_word' id='word_1_298' title='bbox 1557 339 1673 370; x_wconf 86' lang='lat' dir='ltr'>suntin</span> <span class='ocrx_word' id='word_1_299' title='bbox 1687 339 1789 377; x_wconf 85' lang='lat' dir='ltr'>nobis,</span> 
     </span>
     <span class='ocr_line' id='line_1_51' title="bbox 1019 392 1791 432; baseline -0.003 -10"><span class='ocrx_word' id='word_1_300' title='bbox 1019 393 1072 423; x_wconf 91' lang='lat' dir='ltr'>sed</span> <span class='ocrx_word' id='word_1_301' title='bbox 1094 402 1155 423; x_wconf 88' lang='lat' dir='ltr'>non</span> <span class='ocrx_word' id='word_1_302' title='bbox 1179 393 1210 422; x_wconf 89' lang='lat' dir='ltr'>in</span> <span class='ocrx_word' id='word_1_303' title='bbox 1231 393 1285 423; x_wconf 90' lang='lat' dir='ltr'>illo</span> <span class='ocrx_word' id='word_1_304' title='bbox 1308 402 1449 432; x_wconf 78' lang='lat' dir='ltr'>corpore.</span> <span class='ocrx_word' id='word_1_305' title='bbox 1475 392 1686 423; x_wconf 84' lang='lat' dir='ltr'>Concedendae</span> <span class='ocrx_word' id='word_1_306' title='bbox 1711 400 1791 430; x_wconf 85' lang='lat' dir='ltr'>ergo</span> 
     </span>
     <span class='ocr_line' id='line_1_52' title="bbox 1018 446 1619 485; baseline -0.003 -9"><span class='ocrx_word' id='word_1_307' title='bbox 1018 447 1092 476; x_wconf 86' lang='lat' dir='ltr'>sunt</span> <span class='ocrx_word' id='word_1_308' title='bbox 1114 446 1263 482; x_wconf 75' lang='lat' dir='ltr'>rationes,</span> <span class='ocrx_word' id='word_1_309' title='bbox 1289 446 1371 485; x_wconf 81' lang='lat' dir='ltr'>quod</span> <span class='ocrx_word' id='word_1_310' title='bbox 1395 446 1484 484; x_wconf 86' lang='lat' dir='ltr'>tangi</span> <span class='ocrx_word' id='word_1_311' title='bbox 1509 447 1619 485; x_wconf 77' lang='lat' dir='ltr'>potest.</span> 
     </span>
    </p>

    <p class='ocr_par' dir='ltr' id='par_1_14' title="bbox 1018 497 1790 741">
     <span class='ocr_line' id='line_1_53' title="bbox 1060 497 1790 538; baseline -0.001 -10"><span class='ocrx_word' id='word_1_312' title='bbox 1060 502 1073 528; x_wconf 83' lang='lat'>1</span> <span class='ocrx_word' id='word_1_313' title='bbox 1100 501 1130 528; x_wconf 88' lang='lat' dir='ltr'>et</span> <span class='ocrx_word' id='word_1_314' title='bbox 1153 501 1182 529; x_wconf 64' lang='grc' dir='ltr'>ἱ).</span> <span class='ocrx_word' id='word_1_315' title='bbox 1208 498 1254 528; x_wconf 89' lang='lat' dir='ltr'>Ad</span> <span class='ocrx_word' id='word_1_316' title='bbox 1279 499 1355 528; x_wconf 87' lang='lat' dir='ltr'>illud</span> <span class='ocrx_word' id='word_1_317' title='bbox 1381 499 1464 538; x_wconf 82' lang='lat' dir='ltr'>quod</span> <span class='ocrx_word' id='word_1_318' title='bbox 1489 498 1649 537; x_wconf 82' lang='lat' dir='ltr'>objicitur,</span> <span class='ocrx_word' id='word_1_319' title='bbox 1670 497 1790 534; x_wconf 84' lang='lat' dir='ltr'>«Quod</span> 
     </span>
     <span class='ocr_line' id='line_1_54' title="bbox 1019 551 1789 591; baseline -0.003 -10"><span class='ocrx_word' id='word_1_320' title='bbox 1019 551 1164 591; x_wconf 85' lang='lat' dir='ltr'>palpatur</span> <span class='ocrx_word' id='word_1_321' title='bbox 1184 553 1229 581; x_wconf 85' lang='lat' dir='ltr'>est</span> <span class='ocrx_word' id='word_1_322' title='bbox 1251 551 1468 590; x_wconf 70' lang='lat' dir='ltr'>corruptibile,</span> <span class='ocrx_word' id='word_1_323' title='bbox 1485 562 1498 579; x_wconf 87' lang='lat'>»</span> <span class='ocrx_word' id='word_1_324' title='bbox 1518 551 1685 581; x_wconf 82' lang='lat' dir='ltr'>dicendum</span> <span class='ocrx_word' id='word_1_325' title='bbox 1705 551 1789 589; x_wconf 87' lang='lat' dir='ltr'>quod</span> 
     </span>
     <span class='ocr_line' id='line_1_55' title="bbox 1018 604 1786 643; baseline -0.001 -9"><span class='ocrx_word' id='word_1_326' title='bbox 1018 604 1077 634; x_wconf 85' lang='lat' dir='ltr'>hoc</span> <span class='ocrx_word' id='word_1_327' title='bbox 1091 613 1204 634; x_wconf 87' lang='lat' dir='ltr'>verum</span> <span class='ocrx_word' id='word_1_328' title='bbox 1220 606 1266 634; x_wconf 85' lang='lat' dir='ltr'>est</span> <span class='ocrx_word' id='word_1_329' title='bbox 1280 604 1317 634; x_wconf 88' lang='lat' dir='ltr'>de</span> <span class='ocrx_word' id='word_1_330' title='bbox 1333 613 1369 633; x_wconf 84' lang='lat' dir='ltr'>eo</span> <span class='ocrx_word' id='word_1_331' title='bbox 1383 604 1466 643; x_wconf 89' lang='lat' dir='ltr'>quod</span> <span class='ocrx_word' id='word_1_332' title='bbox 1487 606 1533 633; x_wconf 90' lang='lat' dir='ltr'>est</span> <span class='ocrx_word' id='word_1_333' title='bbox 1552 604 1647 634; x_wconf 69' lang='lat' dir='ltr'>tactui</span> <span class='ocrx_word' id='word_1_334' title='bbox 1663 604 1786 642; x_wconf 71' lang='lat' dir='ltr'>suiju-</span> 
     </span>
     <span class='ocr_line' id='line_1_56' title="bbox 1018 657 1788 688; baseline -0.003 0"><span class='ocrx_word' id='word_1_335' title='bbox 1018 660 1103 688; x_wconf 90' lang='lat' dir='ltr'>tum:</span> <span class='ocrx_word' id='word_1_336' title='bbox 1121 658 1173 688; x_wconf 83' lang='lat' dir='ltr'>sed</span> <span class='ocrx_word' id='word_1_337' title='bbox 1191 658 1272 688; x_wconf 82' lang='lat' dir='ltr'>istud</span> <span class='ocrx_word' id='word_1_338' title='bbox 1288 667 1350 687; x_wconf 90' lang='lat' dir='ltr'>non</span> <span class='ocrx_word' id='word_1_339' title='bbox 1365 659 1431 687; x_wconf 83' lang='lat' dir='ltr'>erat</span> <span class='ocrx_word' id='word_1_340' title='bbox 1447 668 1452 687; x_wconf 75' lang='grc' dir='ltr'>ε</span> <span class='ocrx_word' id='word_1_341' title='bbox 1471 660 1500 687; x_wconf 89' lang='lat' dir='ltr'>et</span> <span class='ocrx_word' id='word_1_342' title='bbox 1515 657 1583 687; x_wconf 90' lang='lat' dir='ltr'>ideo</span> <span class='ocrx_word' id='word_1_343' title='bbox 1599 657 1788 687; x_wconf 82' lang='lat' dir='ltr'>condescen-</span> 
     </span>
     <span class='ocr_line' id='line_1_57' title="bbox 1018 711 1208 741; baseline 0 0"><span class='ocrx_word' id='word_1_344' title='bbox 1018 711 1115 741; x_wconf 87' lang='lat' dir='ltr'>sionis</span> <span class='ocrx_word' id='word_1_345' title='bbox 1132 713 1208 741; x_wconf 91' lang='lat' dir='ltr'>erat..</span> 
     </span>
    </p>

    <p class='ocr_par' dir='ltr' id='par_1_15' title="bbox 1018 763 1790 1069">
     <span class='ocr_line' id='line_1_58' title="bbox 1059 763 1788 803; baseline -0.003 -9"><span class='ocrx_word' id='word_1_346' title='bbox 1059 767 1087 795; x_wconf 86' lang='lat'>3.</span> <span class='ocrx_word' id='word_1_347' title='bbox 1107 764 1154 794; x_wconf 86' lang='lat' dir='ltr'>Ad</span> <span class='ocrx_word' id='word_1_348' title='bbox 1168 764 1245 794; x_wconf 83' lang='lat' dir='ltr'>illud</span> <span class='ocrx_word' id='word_1_349' title='bbox 1267 763 1349 803; x_wconf 83' lang='lat' dir='ltr'>quod</span> <span class='ocrx_word' id='word_1_350' title='bbox 1373 763 1521 802; x_wconf 83' lang='lat' dir='ltr'>objicitur</span> <span class='ocrx_word' id='word_1_351' title='bbox 1536 763 1574 794; x_wconf 89' lang='lat' dir='ltr'>de</span> <span class='ocrx_word' id='word_1_352' title='bbox 1591 763 1788 799; x_wconf 85' lang='lat' dir='ltr'>resistentia,</span> 
     </span>
     <span class='ocr_line' id='line_1_59' title="bbox 1018 815 1788 856; baseline -0.003 -9"><span class='ocrx_word' id='word_1_353' title='bbox 1018 817 1086 847; x_wconf 70' lang='lat' dir='ltr'>dico</span> <span class='ocrx_word' id='word_1_354' title='bbox 1100 817 1184 856; x_wconf 85' lang='lat' dir='ltr'>quod</span> <span class='ocrx_word' id='word_1_355' title='bbox 1201 825 1314 856; x_wconf 83' lang='lat' dir='ltr'>corpus</span> <span class='ocrx_word' id='word_1_356' title='bbox 1338 819 1474 855; x_wconf 82' lang='lat' dir='ltr'>tangens</span> <span class='ocrx_word' id='word_1_357' title='bbox 1494 824 1559 845; x_wconf 91' lang='lat' dir='ltr'>non</span> <span class='ocrx_word' id='word_1_358' title='bbox 1582 815 1695 846; x_wconf 82' lang='lat' dir='ltr'>resistit</span> <span class='ocrx_word' id='word_1_359' title='bbox 1715 819 1788 845; x_wconf 81' lang='lat' dir='ltr'>tan-</span> 
     </span>
     <span class='ocr_line' id='line_1_60' title="bbox 1019 868 1789 908; baseline -0.001 -9"><span class='ocrx_word' id='word_1_360' title='bbox 1019 870 1139 908; x_wconf 85' lang='lat' dir='ltr'>gendo,</span> <span class='ocrx_word' id='word_1_361' title='bbox 1157 870 1208 899; x_wconf 80' lang='lat' dir='ltr'>sed</span> <span class='ocrx_word' id='word_1_362' title='bbox 1226 870 1331 908; x_wconf 85' lang='lat' dir='ltr'>magis</span> <span class='ocrx_word' id='word_1_363' title='bbox 1346 879 1362 899; x_wconf 88' lang='lat' dir='ltr'>e</span> <span class='ocrx_word' id='word_1_364' title='bbox 1386 878 1540 899; x_wconf 82' lang='lat' dir='ltr'>eonverso</span> <span class='ocrx_word' id='word_1_365' title='bbox 1556 877 1563 898; x_wconf 76' lang='grc' dir='ltr'><strong>ι</strong></span> <span class='ocrx_word' id='word_1_366' title='bbox 1581 871 1611 898; x_wconf 81' lang='lat' dir='ltr'>et</span> <span class='ocrx_word' id='word_1_367' title='bbox 1626 869 1694 898; x_wconf 84' lang='lat' dir='ltr'>licet</span> <span class='ocrx_word' id='word_1_368' title='bbox 1711 868 1789 898; x_wconf 82' lang='lat' dir='ltr'>nihil</span> 
     </span>
     <span class='ocr_line' id='line_1_61' title="bbox 1018 922 1785 962; baseline -0.003 -10"><span class='ocrx_word' id='word_1_369' title='bbox 1018 923 1114 962; x_wconf 86' lang='lat' dir='ltr'>possit</span> <span class='ocrx_word' id='word_1_370' title='bbox 1128 923 1250 962; x_wconf 77' lang='lat' dir='ltr'>corpori</span> <span class='ocrx_word' id='word_1_371' title='bbox 1266 922 1403 961; x_wconf 67' lang='lat' dir='ltr'>glorioso</span> <span class='ocrx_word' id='word_1_372' title='bbox 1428 922 1572 952; x_wconf 86' lang='lat' dir='ltr'>resistere</span> <span class='ocrx_word' id='word_1_373' title='bbox 1584 945 1591 959; x_wconf 80' lang='lat'><strong>‚</strong></span> <span class='ocrx_word' id='word_1_374' title='bbox 1619 922 1723 960; x_wconf 78' lang='lat' dir='ltr'>ipsum</span> <span class='ocrx_word' id='word_1_375' title='bbox 1740 924 1785 950; x_wconf 87' lang='lat' dir='ltr'>ta-</span> 
     </span>
     <span class='ocr_line' id='line_1_62' title="bbox 1020 975 1790 1015; baseline -0.001 -10"><span class='ocrx_word' id='word_1_376' title='bbox 1020 985 1091 1006; x_wconf 89' lang='lat' dir='ltr'>men</span> <span class='ocrx_word' id='word_1_377' title='bbox 1113 978 1212 1015; x_wconf 85' lang='lat' dir='ltr'>potest</span> <span class='ocrx_word' id='word_1_378' title='bbox 1232 976 1314 1013; x_wconf 69' lang='lat' dir='ltr'>aliis7</span> <span class='ocrx_word' id='word_1_379' title='bbox 1341 975 1421 1005; x_wconf 84' lang='lat' dir='ltr'>sicut</span> <span class='ocrx_word' id='word_1_380' title='bbox 1447 977 1552 1014; x_wconf 83' lang='lat' dir='ltr'>patet,</span> <span class='ocrx_word' id='word_1_381' title='bbox 1576 975 1650 1014; x_wconf 82' lang='lat' dir='ltr'>quia</span> <span class='ocrx_word' id='word_1_382' title='bbox 1669 977 1790 1005; x_wconf 81' lang='lat' dir='ltr'>constat</span> 
     </span>
     <span class='ocr_line' id='line_1_63' title="bbox 1018 1030 1722 1069; baseline -0.001 -9"><span class='ocrx_word' id='word_1_383' title='bbox 1018 1031 1100 1069; x_wconf 87' lang='lat' dir='ltr'>quod</span> <span class='ocrx_word' id='word_1_384' title='bbox 1119 1032 1219 1069; x_wconf 76' lang='lat' dir='ltr'>potest</span> <span class='ocrx_word' id='word_1_385' title='bbox 1233 1030 1399 1060; x_wconf 87' lang='lat' dir='ltr'>sustollere</span> <span class='ocrx_word' id='word_1_386' title='bbox 1415 1030 1549 1069; x_wconf 83' lang='lat' dir='ltr'>lapidem</span> <span class='ocrx_word' id='word_1_387' title='bbox 1565 1030 1597 1059; x_wconf 90' lang='lat' dir='ltr'>in</span> <span class='ocrx_word' id='word_1_388' title='bbox 1614 1039 1722 1059; x_wconf 82' lang='lat' dir='ltr'>manu.</span> 
     </span>
    </p>

    <p class='ocr_par' dir='ltr' id='par_1_16' title="bbox 1017 1083 1789 1219">
     <span class='ocr_line' id='line_1_64' title="bbox 1058 1083 1789 1122; baseline 0.001 -11"><span class='ocrx_word' id='word_1_389' title='bbox 1058 1085 1086 1112; x_wconf 77' lang='grc'>4.</span> <span class='ocrx_word' id='word_1_390' title='bbox 1104 1083 1151 1112; x_wconf 86' lang='lat' dir='ltr'>Ad</span> <span class='ocrx_word' id='word_1_391' title='bbox 1166 1083 1315 1112; x_wconf 85' lang='lat' dir='ltr'>ultimum</span> <span class='ocrx_word' id='word_1_392' title='bbox 1332 1091 1406 1113; x_wconf 87' lang='lat' dir='ltr'>vero</span> <span class='ocrx_word' id='word_1_393' title='bbox 1422 1085 1506 1122; x_wconf 86' lang='lat' dir='ltr'>patet</span> <span class='ocrx_word' id='word_1_394' title='bbox 1522 1083 1695 1122; x_wconf 82' lang='lat' dir='ltr'>responsio,</span> <span class='ocrx_word' id='word_1_395' title='bbox 1712 1083 1789 1122; x_wconf 87' lang='lat' dir='ltr'>quia</span> 
     </span>
     <span class='ocr_line' id='line_1_65' title="bbox 1017 1135 1787 1176; baseline 0 -11"><span class='ocrx_word' id='word_1_396' title='bbox 1017 1145 1130 1176; x_wconf 86' lang='lat' dir='ltr'>corpus</span> <span class='ocrx_word' id='word_1_397' title='bbox 1144 1145 1209 1165; x_wconf 91' lang='lat' dir='ltr'>non</span> <span class='ocrx_word' id='word_1_398' title='bbox 1224 1136 1360 1166; x_wconf 81' lang='lat' dir='ltr'>efficitur</span> <span class='ocrx_word' id='word_1_399' title='bbox 1375 1135 1418 1166; x_wconf 88' lang='lat' dir='ltr'>ita</span> <span class='ocrx_word' id='word_1_400' title='bbox 1435 1136 1596 1175; x_wconf 83' lang='lat' dir='ltr'>spirituale</span> <span class='ocrx_word' id='word_1_401' title='bbox 1608 1160 1615 1173; x_wconf 83' lang='lat'>,</span> <span class='ocrx_word' id='word_1_402' title='bbox 1634 1135 1709 1175; x_wconf 90' lang='lat' dir='ltr'>quin</span> <span class='ocrx_word' id='word_1_403' title='bbox 1726 1135 1787 1165; x_wconf 85' lang='lat' dir='ltr'>sal-</span> 
     </span>
     <span class='ocr_line' id='line_1_66' title="bbox 1017 1188 1605 1219; baseline 0 -1"><span class='ocrx_word' id='word_1_404' title='bbox 1017 1191 1110 1218; x_wconf 82' lang='lat' dir='ltr'>vetur</span> <span class='ocrx_word' id='word_1_405' title='bbox 1123 1189 1156 1218; x_wconf 92' lang='lat' dir='ltr'>in</span> <span class='ocrx_word' id='word_1_406' title='bbox 1171 1198 1208 1219; x_wconf 91' lang='lat' dir='ltr'>eo</span> <span class='ocrx_word' id='word_1_407' title='bbox 1224 1189 1339 1219; x_wconf 87' lang='lat' dir='ltr'>veritas</span> <span class='ocrx_word' id='word_1_408' title='bbox 1352 1189 1456 1219; x_wconf 88' lang='lat' dir='ltr'>carnis</span> <span class='ocrx_word' id='word_1_409' title='bbox 1471 1191 1501 1219; x_wconf 91' lang='lat' dir='ltr'>et</span> <span class='ocrx_word' id='word_1_410' title='bbox 1516 1188 1605 1218; x_wconf 87' lang='lat' dir='ltr'>ossis.</span> 
     </span>
    </p>
   </div>
   <div class='ocr_carea' id='block_1_10' title="bbox 1275 1309 1535 1344">
    <p class='ocr_par' dir='ltr' id='par_1_17' title="bbox 1275 1309 1535 1344">
     <span class='ocr_line' id='line_1_67' title="bbox 1275 1309 1535 1344; baseline 0.008 -3"><span class='ocrx_word' id='word_1_411' title='bbox 1275 1310 1404 1342; x_wconf 78' lang='lat' dir='ltr'>sEGTIO</span> <span class='ocrx_word' id='word_1_412' title='bbox 1431 1309 1465 1344; x_wconf 79' lang='lat' dir='ltr'>(b)</span> <span class='ocrx_word' id='word_1_413' title='bbox 1487 1311 1535 1343; x_wconf 92' lang='lat' dir='ltr'>IV.</span> 
     </span>
    </p>
   </div>
   <div class='ocr_carea' id='block_1_11' title="bbox 1015 1402 1790 1601">
    <p class='ocr_par' dir='ltr' id='par_1_18' title="bbox 1015 1402 1790 1601">
     <span class='ocr_line' id='line_1_68' title="bbox 1056 1402 1786 1442; baseline -0.003 -9"><span class='ocrx_word' id='word_1_414' title='bbox 1056 1402 1288 1442; x_wconf 83' lang='lat' dir='ltr'>Consequenter</span> <span class='ocrx_word' id='word_1_415' title='bbox 1300 1402 1455 1441; x_wconf 81' lang='lat' dir='ltr'>quaeritur</span> <span class='ocrx_word' id='word_1_416' title='bbox 1476 1402 1514 1433; x_wconf 87' lang='lat' dir='ltr'>de</span> <span class='ocrx_word' id='word_1_417' title='bbox 1528 1402 1600 1432; x_wconf 81' lang='lat' dir='ltr'>dote</span> <span class='ocrx_word' id='word_1_418' title='bbox 1615 1402 1786 1441; x_wconf 78' lang='lat' dir='ltr'>agilitatis,</span> 
     </span>
     <span class='ocr_line' id='line_1_69' title="bbox 1015 1455 1788 1496; baseline -0.001 -10"><span class='ocrx_word' id='word_1_419' title='bbox 1015 1457 1052 1486; x_wconf 92' lang='lat' dir='ltr'>de</span> <span class='ocrx_word' id='word_1_420' title='bbox 1078 1466 1141 1496; x_wconf 86' lang='lat' dir='ltr'>qua</span> <span class='ocrx_word' id='word_1_421' title='bbox 1163 1456 1225 1486; x_wconf 88' lang='lat' dir='ltr'>duo</span> <span class='ocrx_word' id='word_1_422' title='bbox 1245 1457 1435 1496; x_wconf 82' lang='lat' dir='ltr'>quaeruntur</span> <span class='ocrx_word' id='word_1_423' title='bbox 1463 1466 1470 1486; x_wconf 85' lang='lat'>:</span> <span class='ocrx_word' id='word_1_424' title='bbox 1495 1455 1598 1494; x_wconf 85' lang='lat' dir='ltr'>primo</span> <span class='ocrx_word' id='word_1_425' title='bbox 1620 1455 1788 1495; x_wconf 84' lang='lat' dir='ltr'>quaeritur,</span> 
     </span>
     <span class='ocr_line' id='line_1_70' title="bbox 1015 1508 1785 1548; baseline -0.003 -9"><span class='ocrx_word' id='word_1_426' title='bbox 1015 1512 1123 1539; x_wconf 89' lang='lat' dir='ltr'>utrum</span> <span class='ocrx_word' id='word_1_427' title='bbox 1138 1511 1177 1539; x_wconf 90' lang='lat' dir='ltr'>sit</span> <span class='ocrx_word' id='word_1_428' title='bbox 1196 1510 1228 1539; x_wconf 90' lang='lat' dir='ltr'>in</span> <span class='ocrx_word' id='word_1_429' title='bbox 1245 1509 1394 1540; x_wconf 82' lang='lat' dir='ltr'>omnibus</span> <span class='ocrx_word' id='word_1_430' title='bbox 1415 1509 1601 1548; x_wconf 84' lang='lat' dir='ltr'>corporibus</span> <span class='ocrx_word' id='word_1_431' title='bbox 1619 1508 1785 1547; x_wconf 73' lang='lat' dir='ltr'>gloriosi53</span> 
     </span>
     <span class='ocr_line' id='line_1_71' title="bbox 1015 1561 1790 1601; baseline -0.001 -9"><span class='ocrx_word' id='word_1_432' title='bbox 1015 1562 1151 1592; x_wconf 85' lang='lat' dir='ltr'>secundo</span> <span class='ocrx_word' id='word_1_433' title='bbox 1170 1562 1326 1601; x_wconf 61' lang='lat' dir='ltr'>quaeritur</span> <span class='ocrx_word' id='word_1_434' title='bbox 1354 1562 1392 1591; x_wconf 89' lang='lat' dir='ltr'>de</span> <span class='ocrx_word' id='word_1_435' title='bbox 1421 1561 1622 1591; x_wconf 83' lang='lat' dir='ltr'>inclinatione</span> <span class='ocrx_word' id='word_1_436' title='bbox 1649 1562 1790 1600; x_wconf 85' lang='lat' dir='ltr'>corporis</span> 
     </span>
    </p>
   </div>
   <div class='ocr_carea' id='block_1_12' title="bbox 1015 1617 1420 1656">
    <p class='ocr_par' dir='ltr' id='par_1_19' title="bbox 1015 1617 1420 1656">
     <span class='ocr_line' id='line_1_72' title="bbox 1015 1617 1420 1656; baseline -0.005 -9"><span class='ocrx_word' id='word_1_437' title='bbox 1015 1617 1145 1655; x_wconf 78' lang='lat' dir='ltr'>gloriosi</span> <span class='ocrx_word' id='word_1_438' title='bbox 1164 1626 1217 1656; x_wconf 86' lang='lat' dir='ltr'>per</span> <span class='ocrx_word' id='word_1_439' title='bbox 1231 1617 1420 1655; x_wconf 82' lang='lat' dir='ltr'>agilitatem.</span> 
     </span>
    </p>
   </div>
   <div class='ocr_carea' id='block_1_13' title="bbox 1292 1722 1516 1759">
    <p class='ocr_par' dir='ltr' id='par_1_20' title="bbox 1292 1722 1516 1759">
     <span class='ocr_line' id='line_1_73' title="bbox 1292 1722 1516 1759; baseline 0 -6"><span class='ocrx_word' id='word_1_440' title='bbox 1292 1722 1470 1759; x_wconf 69' lang='lat' dir='ltr'>QUAESTIO</span> <span class='ocrx_word' id='word_1_441' title='bbox 1495 1723 1516 1753; x_wconf 86' lang='lat'>1.</span> 
     </span>
    </p>
   </div>
   <div class='ocr_carea' id='block_1_14' title="bbox 1095 1802 1704 1838">
    <p class='ocr_par' dir='ltr' id='par_1_21' title="bbox 1095 1802 1704 1838">
     <span class='ocr_line' id='line_1_74' title="bbox 1095 1802 1704 1838; baseline 0 -9"><span class='ocrx_word' id='word_1_442' title='bbox 1095 1803 1141 1830; x_wconf 80' lang='lat' dir='ltr'>An</span> <span class='ocrx_word' id='word_1_443' title='bbox 1157 1804 1268 1837; x_wconf 59' lang='lat' dir='ltr'>agilitas</span> <span class='ocrx_word' id='word_1_444' title='bbox 1283 1805 1319 1830; x_wconf 69' lang='lat' dir='ltr'>sit</span> <span class='ocrx_word' id='word_1_445' title='bbox 1333 1805 1362 1829; x_wconf 79' lang='lat' dir='ltr'>in</span> <span class='ocrx_word' id='word_1_446' title='bbox 1378 1804 1530 1838; x_wconf 70' lang='lat' dir='ltr'>corporibus</span> <span class='ocrx_word' id='word_1_447' title='bbox 1548 1804 1671 1837; x_wconf 60' lang='lat' dir='ltr'>gloriosis</span> <span class='ocrx_word' id='word_1_448' title='bbox 1685 1802 1704 1829; x_wconf 75' lang='lat'>².</span> 
     </span>
    </p>
   </div>
   <div class='ocr_carea' id='block_1_15' title="bbox 1055 1882 1905 1921">
    <p class='ocr_par' dir='ltr' id='par_1_22' title="bbox 1055 1882 1905 1921">
     <span class='ocr_line' id='line_1_75' title="bbox 1055 1882 1905 1921; baseline 0.001 -10"><span class='ocrx_word' id='word_1_449' title='bbox 1055 1882 1141 1912; x_wconf 82' lang='lat' dir='ltr'>Circa</span> <span class='ocrx_word' id='word_1_450' title='bbox 1159 1891 1255 1921; x_wconf 87' lang='lat' dir='ltr'>quam</span> <span class='ocrx_word' id='word_1_451' title='bbox 1287 1882 1330 1911; x_wconf 85' lang='lat' dir='ltr'>sic</span> <span class='ocrx_word' id='word_1_452' title='bbox 1352 1883 1539 1921; x_wconf 77' lang='lat' dir='ltr'>proceditur,</span> <span class='ocrx_word' id='word_1_453' title='bbox 1565 1885 1595 1912; x_wconf 91' lang='lat' dir='ltr'>et</span> <span class='ocrx_word' id='word_1_454' title='bbox 1611 1882 1787 1912; x_wconf 82' lang='lat' dir='ltr'>ostenditur</span> <span class='ocrx_word' id='word_1_455' title='bbox 1800 1893 1905 1915; x_wconf 78' lang='lat' dir='ltr'>Fundam.</span> 
     </span>
    </p>
   </div>
   <div class='ocr_carea' id='block_1_16' title="bbox 1010 1935 1785 2611">
    <p class='ocr_par' dir='ltr' id='par_1_23' title="bbox 1013 1935 1785 2073">
     <span class='ocr_line' id='line_1_76' title="bbox 1014 1935 1782 1975; baseline 0.001 -10"><span class='ocrx_word' id='word_1_456' title='bbox 1014 1936 1098 1975; x_wconf 81' lang='lat' dir='ltr'>quod</span> <span class='ocrx_word' id='word_1_457' title='bbox 1118 1935 1243 1974; x_wconf 80' lang='lat' dir='ltr'>agilitas</span> <span class='ocrx_word' id='word_1_458' title='bbox 1266 1936 1305 1965; x_wconf 52' lang='lat' dir='ltr'>sit,</span> <span class='ocrx_word' id='word_1_459' title='bbox 1324 1936 1356 1965; x_wconf 90' lang='lat' dir='ltr'>in</span> <span class='ocrx_word' id='word_1_460' title='bbox 1375 1936 1560 1975; x_wconf 86' lang='lat' dir='ltr'>corporibus</span> <span class='ocrx_word' id='word_1_461' title='bbox 1586 1935 1733 1974; x_wconf 84' lang='lat' dir='ltr'>gloriosis</span> <span class='ocrx_word' id='word_1_462' title='bbox 1749 1937 1758 1954; x_wconf 77' lang='lat'><strong>³</strong></span> <span class='ocrx_word' id='word_1_463' title='bbox 1777 1947 1782 1966; x_wconf 77' lang='grc' dir='ltr'>ε</span> 
     </span>
     <span class='ocr_line' id='line_1_77' title="bbox 1019 1988 1785 2027; baseline 0 -8"><span class='ocrx_word' id='word_1_464' title='bbox 1019 1990 1183 2027; x_wconf 75' lang='lat' dir='ltr'>Tanquam</span> <span class='ocrx_word' id='word_1_465' title='bbox 1206 1989 1355 2020; x_wconf 66' lang='lat' dir='ltr'>scintillae</span> <span class='ocrx_word' id='word_1_466' title='bbox 1381 1991 1417 2020; x_wconf 79' lang='lat' dir='ltr'>z&#39;n</span> <span class='ocrx_word' id='word_1_467' title='bbox 1442 1989 1633 2020; x_wconf 63' lang='lat' dir='ltr'>arundineto</span> <span class='ocrx_word' id='word_1_468' title='bbox 1656 1988 1785 2019; x_wconf 69' lang='lat' dir='ltr'>discur-</span> 
     </span>
     <span class='ocr_line' id='line_1_78' title="bbox 1013 2042 1417 2073; baseline 0 -1"><span class='ocrx_word' id='word_1_469' title='bbox 1013 2045 1083 2073; x_wconf 79' lang='lat' dir='ltr'>rent</span> <span class='ocrx_word' id='word_1_470' title='bbox 1099 2051 1109 2071; x_wconf 94' lang='lat'>.·</span> <span class='ocrx_word' id='word_1_471' title='bbox 1123 2042 1238 2072; x_wconf 85' lang='lat' dir='ltr'>dicitur</span> <span class='ocrx_word' id='word_1_472' title='bbox 1253 2042 1290 2072; x_wconf 84' lang='lat' dir='ltr'>de</span> <span class='ocrx_word' id='word_1_473' title='bbox 1306 2043 1417 2072; x_wconf 86' lang='lat' dir='ltr'>beatis.</span> 
     </span>
    </p>

    <p class='ocr_par' dir='ltr' id='par_1_24' title="bbox 1012 2095 1785 2347">
     <span class='ocr_line' id='line_1_79' title="bbox 1054 2095 1785 2134; baseline 0.001 -10"><span class='ocrx_word' id='word_1_474' title='bbox 1054 2095 1131 2125; x_wconf 84' lang='lat' dir='ltr'>item</span> <span class='ocrx_word' id='word_1_475' title='bbox 1148 2095 1268 2125; x_wconf 85' lang='lat' dir='ltr'>ratione</span> <span class='ocrx_word' id='word_1_476' title='bbox 1279 2095 1415 2132; x_wconf 81' lang='lat' dir='ltr'>videtur,</span> <span class='ocrx_word' id='word_1_477' title='bbox 1428 2095 1502 2134; x_wconf 86' lang='lat' dir='ltr'>quia</span> <span class='ocrx_word' id='word_1_478' title='bbox 1513 2096 1620 2126; x_wconf 88' lang='lat' dir='ltr'>anima</span> <span class='ocrx_word' id='word_1_479' title='bbox 1635 2096 1785 2125; x_wconf 88' lang='lat' dir='ltr'>sensitiva</span> 
     </span>
     <span class='ocr_line' id='line_1_80' title="bbox 1013 2147 1785 2185; baseline 0 -8"><span class='ocrx_word' id='word_1_480' title='bbox 1013 2147 1107 2178; x_wconf 85' lang='lat' dir='ltr'>habet</span> <span class='ocrx_word' id='word_1_481' title='bbox 1119 2148 1184 2178; x_wconf 86' lang='lat' dir='ltr'>vim</span> <span class='ocrx_word' id='word_1_482' title='bbox 1201 2149 1354 2179; x_wconf 84' lang='lat' dir='ltr'>motivam</span> <span class='ocrx_word' id='word_1_483' title='bbox 1371 2151 1401 2179; x_wconf 90' lang='lat' dir='ltr'>et</span> <span class='ocrx_word' id='word_1_484' title='bbox 1413 2149 1596 2179; x_wconf 84' lang='lat' dir='ltr'>sensitivam</span> <span class='ocrx_word' id='word_1_485' title='bbox 1610 2159 1616 2185; x_wconf 91' lang='lat'>;</span> <span class='ocrx_word' id='word_1_486' title='bbox 1634 2150 1665 2178; x_wconf 91' lang='lat' dir='ltr'>et</span> <span class='ocrx_word' id='word_1_487' title='bbox 1681 2148 1723 2178; x_wconf 89' lang='lat' dir='ltr'>ita</span> <span class='ocrx_word' id='word_1_488' title='bbox 1738 2157 1785 2178; x_wconf 89' lang='lat' dir='ltr'>re-</span> 
     </span>
     <span class='ocr_line' id='line_1_81' title="bbox 1012 2201 1785 2240; baseline -0.001 -9"><span class='ocrx_word' id='word_1_489' title='bbox 1012 2202 1148 2240; x_wconf 79' lang='lat' dir='ltr'>surgent</span> <span class='ocrx_word' id='word_1_490' title='bbox 1172 2210 1296 2240; x_wconf 83' lang='lat' dir='ltr'>organa</span> <span class='ocrx_word' id='word_1_491' title='bbox 1316 2202 1442 2233; x_wconf 90' lang='lat' dir='ltr'>virtutis</span> <span class='ocrx_word' id='word_1_492' title='bbox 1468 2202 1621 2239; x_wconf 65' lang='lat' dir='ltr'>motivae,</span> <span class='ocrx_word' id='word_1_493' title='bbox 1651 2201 1732 2231; x_wconf 79' lang='lat' dir='ltr'>sieut</span> <span class='ocrx_word' id='word_1_494' title='bbox 1755 2203 1785 2231; x_wconf 89' lang='lat' dir='ltr'>et</span> 
     </span>
     <span class='ocr_line' id='line_1_82' title="bbox 1012 2254 1784 2293; baseline -0.001 -9"><span class='ocrx_word' id='word_1_495' title='bbox 1012 2254 1190 2285; x_wconf 82' lang='lat' dir='ltr'>sensitivae:</span> <span class='ocrx_word' id='word_1_496' title='bbox 1209 2255 1263 2286; x_wconf 82' lang='lat' dir='ltr'>sed</span> <span class='ocrx_word' id='word_1_497' title='bbox 1285 2264 1410 2293; x_wconf 85' lang='lat' dir='ltr'>organa</span> <span class='ocrx_word' id='word_1_498' title='bbox 1437 2255 1596 2285; x_wconf 85' lang='lat' dir='ltr'>sensitivae</span> <span class='ocrx_word' id='word_1_499' title='bbox 1612 2256 1707 2284; x_wconf 78' lang='lat' dir='ltr'>erunt</span> <span class='ocrx_word' id='word_1_500' title='bbox 1729 2254 1784 2283; x_wconf 87' lang='lat' dir='ltr'>ha-</span> 
     </span>
     <span class='ocr_line' id='line_1_83' title="bbox 1013 2306 1739 2347; baseline 0 -11"><span class='ocrx_word' id='word_1_501' title='bbox 1013 2306 1087 2337; x_wconf 88' lang='lat' dir='ltr'>bilia</span> <span class='ocrx_word' id='word_1_502' title='bbox 1101 2307 1207 2337; x_wconf 88' lang='lat' dir='ltr'>sensui</span> <span class='ocrx_word' id='word_1_503' title='bbox 1224 2319 1230 2338; x_wconf 88' lang='lat'>:</span> <span class='ocrx_word' id='word_1_504' title='bbox 1248 2317 1328 2347; x_wconf 86' lang='lat' dir='ltr'>ergo</span> <span class='ocrx_word' id='word_1_505' title='bbox 1345 2317 1466 2347; x_wconf 86' lang='lat' dir='ltr'>organa</span> <span class='ocrx_word' id='word_1_506' title='bbox 1481 2308 1609 2337; x_wconf 61' lang='lat' dir='ltr'>motivae</span> <span class='ocrx_word' id='word_1_507' title='bbox 1627 2307 1739 2337; x_wconf 81' lang='lat' dir='ltr'>motui.</span> 
     </span>
    </p>

    <p class='ocr_par' dir='ltr' id='par_1_25' title="bbox 1011 2360 1782 2505">
     <span class='ocr_line' id='line_1_84' title="bbox 1052 2360 1782 2401; baseline -0.003 -11"><span class='ocrx_word' id='word_1_508' title='bbox 1052 2360 1129 2390; x_wconf 87' lang='lat' dir='ltr'>Item</span> <span class='ocrx_word' id='word_1_509' title='bbox 1154 2369 1269 2400; x_wconf 89' lang='lat' dir='ltr'>corpus</span> <span class='ocrx_word' id='word_1_510' title='bbox 1288 2363 1415 2401; x_wconf 86' lang='lat' dir='ltr'>propter</span> <span class='ocrx_word' id='word_1_511' title='bbox 1435 2361 1482 2391; x_wconf 79' lang='lat' dir='ltr'>sui</span> <span class='ocrx_word' id='word_1_512' title='bbox 1508 2360 1686 2391; x_wconf 86' lang='lat' dir='ltr'>tarditatem</span> <span class='ocrx_word' id='word_1_513' title='bbox 1712 2360 1782 2389; x_wconf 82' lang='lat' dir='ltr'>ani-</span> 
     </span>
     <span class='ocr_line' id='line_1_85' title="bbox 1012 2413 1782 2452; baseline -0.001 -9"><span class='ocrx_word' id='word_1_514' title='bbox 1012 2422 1073 2443; x_wconf 71' lang='lat' dir='ltr'>mae</span> <span class='ocrx_word' id='word_1_515' title='bbox 1097 2417 1256 2452; x_wconf 83' lang='lat' dir='ltr'>repugnat</span> <span class='ocrx_word' id='word_1_516' title='bbox 1279 2425 1285 2443; x_wconf 75' lang='grc' dir='ltr'>ε</span> <span class='ocrx_word' id='word_1_517' title='bbox 1313 2414 1367 2445; x_wconf 88' lang='lat' dir='ltr'>sed</span> <span class='ocrx_word' id='word_1_518' title='bbox 1386 2416 1464 2444; x_wconf 88' lang='lat' dir='ltr'>tunc</span> <span class='ocrx_word' id='word_1_519' title='bbox 1488 2414 1576 2443; x_wconf 77' lang='lat' dir='ltr'>nulla</span> <span class='ocrx_word' id='word_1_520' title='bbox 1599 2413 1657 2442; x_wconf 69' lang='lat' dir='ltr'>orit</span> <span class='ocrx_word' id='word_1_521' title='bbox 1684 2421 1782 2451; x_wconf 79' lang='lat' dir='ltr'>repu-</span> 
     </span>
     <span class='ocr_line' id='line_1_86' title="bbox 1011 2467 1736 2505; baseline -0.001 -9"><span class='ocrx_word' id='word_1_522' title='bbox 1011 2467 1143 2505; x_wconf 74' lang='lat' dir='ltr'>gnantia</span> <span class='ocrx_word' id='word_1_523' title='bbox 1160 2476 1166 2496; x_wconf 92' lang='lat'>:</span> <span class='ocrx_word' id='word_1_524' title='bbox 1184 2476 1262 2505; x_wconf 79' lang='lat' dir='ltr'>ergo</span> <span class='ocrx_word' id='word_1_525' title='bbox 1280 2468 1365 2497; x_wconf 81' lang='lat' dir='ltr'>nulia</span> <span class='ocrx_word' id='word_1_526' title='bbox 1383 2467 1513 2497; x_wconf 69' lang='lat' dir='ltr'>tarditas</span> <span class='ocrx_word' id='word_1_527' title='bbox 1530 2476 1536 2496; x_wconf 89' lang='lat'>:</span> <span class='ocrx_word' id='word_1_528' title='bbox 1555 2469 1581 2496; x_wconf 63' lang='lat' dir='ltr'>vt</span> <span class='ocrx_word' id='word_1_529' title='bbox 1599 2468 1641 2495; x_wconf 58' lang='lat' dir='ltr'>siv</span> <span class='ocrx_word' id='word_1_530' title='bbox 1654 2490 1661 2500; x_wconf 74' lang='grc'>,</span> <span class='ocrx_word' id='word_1_531' title='bbox 1678 2468 1736 2495; x_wconf 65' lang='lat' dir='ltr'>etv.</span> 
     </span>
    </p>

    <p class='ocr_par' dir='ltr' id='par_1_26' title="bbox 1010 2519 1782 2611">
     <span class='ocr_line' id='line_1_87' title="bbox 1052 2519 1781 2555; baseline -0.003 -6"><span class='ocrx_word' id='word_1_532' title='bbox 1052 2519 1147 2555; x_wconf 80' lang='lat' dir='ltr'>Item,</span> <span class='ocrx_word' id='word_1_533' title='bbox 1165 2529 1228 2549; x_wconf 86' lang='lat' dir='ltr'>non</span> <span class='ocrx_word' id='word_1_534' title='bbox 1245 2520 1350 2549; x_wconf 68' lang='lat' dir='ltr'>statim</span> <span class='ocrx_word' id='word_1_535' title='bbox 1376 2522 1410 2549; x_wconf 83' lang='lat' dir='ltr'>ut</span> <span class='ocrx_word' id='word_1_536' title='bbox 1435 2523 1616 2555; x_wconf 71' lang='lat' dir='ltr'>resurgent,</span> <span class='ocrx_word' id='word_1_537' title='bbox 1641 2522 1730 2548; x_wconf 71' lang='grc' dir='ltr'>ιϊιιιιῐ</span> <span class='ocrx_word' id='word_1_538' title='bbox 1748 2519 1781 2548; x_wconf 88' lang='lat' dir='ltr'>in</span> 
     </span>
     <span class='ocr_line' id='line_1_88' title="bbox 1010 2572 1782 2611; baseline -0.003 -9"><span class='ocrx_word' id='word_1_539' title='bbox 1010 2582 1180 2611; x_wconf 74' lang='lat' dir='ltr'>empyreo:</span> <span class='ocrx_word' id='word_1_540' title='bbox 1195 2575 1225 2602; x_wconf 79' lang='lat' dir='ltr'>et</span> <span class='ocrx_word' id='word_1_541' title='bbox 1242 2573 1292 2602; x_wconf 89' lang='lat' dir='ltr'>ille</span> <span class='ocrx_word' id='word_1_542' title='bbox 1307 2575 1354 2602; x_wconf 79' lang='lat' dir='ltr'>est</span> <span class='ocrx_word' id='word_1_543' title='bbox 1370 2573 1455 2602; x_wconf 66' lang='lat' dir='ltr'>locus</span> <span class='ocrx_word' id='word_1_544' title='bbox 1469 2572 1603 2608; x_wconf 52' lang='lat' dir='ltr'>inlutus,</span> <span class='ocrx_word' id='word_1_545' title='bbox 1620 2574 1649 2601; x_wconf 84' lang='lat' dir='ltr'>et</span> <span class='ocrx_word' id='word_1_546' title='bbox 1666 2581 1782 2601; x_wconf 81' lang='lat' dir='ltr'>unum-</span> 
     </span>
    </p>
   </div>
   <div class='ocr_carea' id='block_1_17' title="bbox 1012 2628 1784 2769">
    <p class='ocr_par' dir='ltr' id='par_1_27' title="bbox 1012 2628 1781 2730">
     <span class='ocr_line' id='line_1_89' title="bbox 1012 2628 1780 2659; baseline -0.004 -6"><span class='ocrx_word' id='word_1_547' title='bbox 1012 2631 1125 2659; x_wconf 64' lang='lat' dir='ltr'>Argent„</span> <span class='ocrx_word' id='word_1_548' title='bbox 1151 2630 1180 2653; x_wconf 65' lang='lat' dir='ltr'>ll*</span> <span class='ocrx_word' id='word_1_549' title='bbox 1205 2630 1283 2657; x_wconf 65' lang='lat' dir='ltr'>Seni..</span> <span class='ocrx_word' id='word_1_550' title='bbox 1306 2629 1362 2653; x_wconf 79' lang='lat' dir='ltr'>dist.</span> <span class='ocrx_word' id='word_1_551' title='bbox 1389 2636 1462 2658; x_wconf 62' lang='lat' dir='ltr'>xm,</span> <span class='ocrx_word' id='word_1_552' title='bbox 1484 2636 1507 2658; x_wconf 76' lang='lat' dir='ltr'>*l-</span> <span class='ocrx_word' id='word_1_553' title='bbox 1529 2635 1552 2658; x_wconf 84' lang='lat'>1,</span> <span class='ocrx_word' id='word_1_554' title='bbox 1575 2630 1624 2651; x_wconf 81' lang='lat' dir='ltr'>art.</span> <span class='ocrx_word' id='word_1_555' title='bbox 1643 2630 1668 2657; x_wconf 73' lang='lat'>33</span> <span class='ocrx_word' id='word_1_556' title='bbox 1693 2628 1780 2658; x_wconf 66' lang='lat' dir='ltr'>Steph.</span> 
     </span>
     <span class='ocr_line' id='line_1_90' title="bbox 1013 2664 1781 2694; baseline -0.003 -6"><span class='ocrx_word' id='word_1_557' title='bbox 1013 2665 1157 2694; x_wconf 68' lang='lat' dir='ltr'>Bru1‹2s.‚iv</span> <span class='ocrx_word' id='word_1_558' title='bbox 1172 2666 1251 2694; x_wconf 60' lang='lat' dir='ltr'>Sent„</span> <span class='ocrx_word' id='word_1_559' title='bbox 1263 2666 1319 2688; x_wconf 67' lang='lat' dir='ltr'>(list.</span> <span class='ocrx_word' id='word_1_560' title='bbox 1335 2671 1404 2693; x_wconf 68' lang='lat' dir='ltr'>mx,</span> <span class='ocrx_word' id='word_1_561' title='bbox 1418 2672 1441 2694; x_wconf 73' lang='lat' dir='ltr'>q.</span> <span class='ocrx_word' id='word_1_562' title='bbox 1457 2671 1526 2692; x_wconf 74' lang='lat' dir='ltr'>xx113</span> <span class='ocrx_word' id='word_1_563' title='bbox 1544 2665 1608 2687; x_wconf 75' lang='lat' dir='ltr'>l&#39;otr.</span> <span class='ocrx_word' id='word_1_564' title='bbox 1625 2664 1655 2686; x_wconf 64' lang='lat' dir='ltr'>ile</span> <span class='ocrx_word' id='word_1_565' title='bbox 1669 2664 1781 2692; x_wconf 64' lang='lat' dir='ltr'>Taraut„</span> 
     </span>
     <span class='ocr_line' id='line_1_91' title="bbox 1013 2700 1626 2730; baseline 0.002 -8"><span class='ocrx_word' id='word_1_566' title='bbox 1013 2701 1042 2723; x_wconf 83' lang='lat' dir='ltr'>lV</span> <span class='ocrx_word' id='word_1_567' title='bbox 1054 2700 1283 2729; x_wconf 25' lang='lat' dir='ltr'>Senti,dist.lx121x,</span> <span class='ocrx_word' id='word_1_568' title='bbox 1297 2708 1320 2730; x_wconf 75' lang='lat' dir='ltr'>‘l-</span> <span class='ocrx_word' id='word_1_569' title='bbox 1334 2706 1401 2723; x_wconf 78' lang='lat' dir='ltr'>xxu.</span> <span class='ocrx_word' id='word_1_570' title='bbox 1414 2713 1436 2715; x_wconf 29' lang='lat' dir='ltr'>e</span> <span class='ocrx_word' id='word_1_571' title='bbox 1453 2700 1461 2712; x_wconf 68' lang='lat'><em>³</em></span> <span class='ocrx_word' id='word_1_572' title='bbox 1472 2700 1541 2729; x_wconf 58' lang='lat' dir='ltr'>Sap„</span> <span class='ocrx_word' id='word_1_573' title='bbox 1555 2705 1591 2727; x_wconf 81' lang='grc' dir='ltr'>ιιι,</span> <span class='ocrx_word' id='word_1_574' title='bbox 1605 2701 1626 2721; x_wconf 75' lang='lat'>7.</span> 
     </span>
    </p>

    <p class='ocr_par' dir='ltr' id='par_1_28' title="bbox 1042 2738 1784 2769">
     <span class='ocr_line' id='line_1_92' title="bbox 1042 2738 1784 2769; baseline 0.001 -7"><span class='ocrx_word' id='word_1_575' title='bbox 1042 2740 1072 2769; x_wconf 82' lang='lat' dir='ltr'>(a)</span> <span class='ocrx_word' id='word_1_576' title='bbox 1088 2740 1149 2764; x_wconf 79' lang='lat' dir='ltr'>Coet.</span> <span class='ocrx_word' id='word_1_577' title='bbox 1159 2740 1217 2763; x_wconf 74' lang='lat' dir='ltr'>edit.</span> <span class='ocrx_word' id='word_1_578' title='bbox 1230 2740 1311 2763; x_wconf 74' lang='lat' dir='ltr'>omitt.</span> <span class='ocrx_word' id='word_1_579' title='bbox 1325 2746 1410 2769; x_wconf 84' lang='lat' dir='ltr'>per.—</span> <span class='ocrx_word' id='word_1_580' title='bbox 1424 2739 1457 2767; x_wconf 82' lang='lat' dir='ltr'>(a)</span> <span class='ocrx_word' id='word_1_581' title='bbox 1472 2738 1532 2763; x_wconf 78' lang='lat' dir='ltr'>Gaet.</span> <span class='ocrx_word' id='word_1_582' title='bbox 1548 2738 1611 2762; x_wconf 76' lang='lat' dir='ltr'>edit.</span> <span class='ocrx_word' id='word_1_583' title='bbox 1625 2743 1784 2763; x_wconf 70' lang='lat' dir='ltr'>ARTICULUS·</span> 
     </span>
    </p>
   </div>
  </div>
 </body>
</html>
