1991 3006
83 947 186 967 Fundani.

91 1909 124 1929 Ad
144 1916 194 1935 opp.

202 223 260 251 544

199 289 276 318 tera.
300 288 403 318 Tertio
426 287 530 324 modo,
552 288 726 318 secundum
751 289 834 328 quod
858 289 971 318 dicitur

195 341 351 380 Judicium
397 340 667 371 condemnationis
689 365 698 379 ,
740 342 972 381 judicabuntur

200 393 274 423 mali
286 393 387 423 solum
403 405 408 423 z
422 396 452 423 et
466 393 714 433 istudjudicium
727 395 834 434 incipit
846 394 877 424 in
894 404 970 434 pra}-

198 446 278 476 senti
302 455 358 485 per
373 446 592 476 executionem
609 447 641 476 in
656 447 846 484 infidelibus‘,
866 449 895 477 ct
917 457 972 486 per

199 499 443 538 expoliationem
456 499 489 529 in
505 499 713 537 daemonihus„
727 503 757 531 et
772 509 972 530 consumma-

200 552 288 583 bitur
308 552 342 582 in
357 552 464 582 futuro
482 563 488 582 :
506 553 588 582 unde
607 553 764 592 judicium
786 562 849 583 non
876 554 971 584 ltera-

200 605 301 643 bitur,
332 606 385 636 sed
413 606 696 637 consummabitur.
727 606 765 637 Et
791 606 833 636 sic
864 609 971 646 patent

199 666 317 688 omma.

461 747 641 785 QUAESTto
665 747 713 778 tv.

387 837 432 863 An
450 837 540 870 angeli
551 836 749 870 judicabuntur
766 841 781 863 ¹.

242 925 354 956 Utrum
370 927 476 965 angeli
496 927 739 965 Judicabuntur;
763 929 790 956 et
812 927 896 966 quod
918 927 972 965 sic,

201 980 336 1010 videtur.
352 979 409 1010 Job
432 980 574 1019 loquitur
589 980 625 1009 de
650 979 825 1010 Behemoth
840 984 849 998 ²
868 991 873 1010 :
899 980 975 1019 Spes

202 1032 270 1071 ejus
285 1033 495 1070 frustrabitur
508 1041 588 1071 eum,
607 1036 636 1065 et
651 1035 775 1065 ctmclz's
789 1033 974 1065 videntibus

200 1086 459 1125 proecz'pz'cabt'tur
473 1096 482 1116 :
497 1096 576 1125 crgo
593 1086 625 1116 in
640 1090 809 1126 conspectu
824 1087 969 1118 omnium

198 1139 394 1178 judicabitur
412 1150 417 1170 :
441 1148 519 1178 ergo
535 1142 565 1170 ct
586 1139 639 1169 alii
660 1140 820 1170 daemones
837 1141 903 1179 pari
925 1150 973 1170 ra—

202 1191 299 1222 tione.

243 1243 321 1274 Item
336 1245 346 1261 ³
365 1256 371 1275 ι
393 1245 543 1281 Nescitis,
564 1247 720 1285 quoniam
742 1246 867 1285 anqelos
879 1246 973 1285 juda*-

203 1298 366 1329 cabz'mus?
379 1298 411 1329 Si
421 1308 500 1338 ergo
515 1299 621 1338 angeli
633 1299 868 1338 judicabuntur
880 1310 897 1330 a
913 1309 976 1330 ser-

204 1351 251 1381 vis
261 1350 386 1389 Christi,
403 1352 503 1382 multo
518 1352 620 1390 magis
635 1352 674 1382 ab
689 1353 756 1391 ipso
773 1352 910 1383 Christo.

244 1403 321 1434 Item
341 1404 501 1435 daemones
518 1405 587 1444 ptus
606 1405 724 1435 habent
745 1406 782 1435 sle
805 1408 886 1436 statu
907 1406 978 1435 via—

204 1457 292 1495 toris,
312 1467 409 1497 quam
422 1458 559 1488 habeant
571 1458 718 1489 homines
732 1459 882 1496 damnati,
901 1459 976 1498 quia

204 1513 337 1550 possunt
359 1511 514 1542 demereri
538 1514 569 1542 et
590 1521 717 1551 peecare
741 1523 747 1542 ι
772 1521 851 1551 ergo
874 1512 978 1550 magis

205 1563 350 1603 indigent
361 1564 511 1604 judicari,
527 1574 623 1604 quain
639 1565 796 1595 homines.

247 1617 323 1647 Item
333 1617 493 1648 daemones
504 1620 579 1647 sunt
590 1618 681 1647 nobis
689 1618 927 1658 comparticipes
939 1619 977 1657 (a)

206 1670 240 1700 in
252 1669 361 1709 culpa:
376 1679 454 1709 ergo
467 1673 496 1700 et
506 1671 537 1700 in
547 1680 641 1710 poena
651 1672 681 1700 et
694 1671 725 1700 in
735 1671 914 1709 ignominia
931 1674 979 1702 :et

206 1725 275 1754 haec
299 1724 358 1754 erit
382 1725 543 1763 potissime
568 1725 599 1755 in
624 1725 741 1763 judicio
765 1736 770 1755 z
795 1734 874 1764 ergo
899 1727 981 1755 sicut

206 1780 299 1808 erunt
316 1778 348 1807 in
365 1778 475 1808 eodem
489 1777 654 1817 supplicio,
667 1777 709 1807 ita
719 1778 833 1808 dehent
844 1778 979 1817 judicari

209 1831 242 1860 in
257 1831 366 1861 eodem
377 1831 508 1870 Judicio.

250 1884 363 1915 Contra
374 1895 380 1914 :
397 1887 424 1914 1.
439 1884 449 1900 ¹·
458 1884 606 1922 Princeps
615 1883 711 1922 liujus
724 1884 838 1915 mundi
845 1884 978 1923 jamJ‘u-

209 1937 337 1968 dicatus
358 1940 402 1968 est
425 1948 435 1967 .·
460 1936 512 1966 sed
531 1936 611 1967 Deus
630 1945 694 1966 non
706 1937 860 1975 judicabit
881 1938 928 1967 his
948 1938 980 1968 in

212 1990 349 2029 idipsum
369 2001 375 2020 :
392 1999 481 2029 ergo,
498 1993 557 2020 ete.

251 2046 281 2073 2.
299 2043 376 2073 Item
393 2043 437 2072 illi
453 2043 509 2073 soli
522 2042 760 2082 judicabuntur,
778 2045 887 2073 contra
901 2053 981 2082 quos

213 2098 312 2127 fertur
326 2096 480 2127 sententia
498 2108 505 2126 :
528 2096 581 2126 sed
598 2096 752 2126 sententia
771 2095 874 2126 solum
891 2096 981 2126 dabi-

213 2154 263 2180 tur
282 2152 392 2180 contra
411 2149 568 2186 homine&
593 2157 657 2178 non
678 2150 789 2179 contra
809 2148 980 2187 daemones,

214 2202 296 2232 sicut
307 2204 390 2241 patet
402 2202 412 2218 ⁵
430 2213 436 2232 :
454 2201 703 2240 Ite,712aledicti,
720 2204 778 2232 etc.

253 2258 282 2286 3.
300 2255 377 2286 Item
395 2255 480 2295 quod
495 2257 541 2286 est
555 2257 690 2293 certum,
713 2265 778 2285 non
795 2258 841 2286 est
854 2259 980 2287 verten—

213 2310 290 2340 dum
306 2309 338 2339 in
359 2309 492 2339 dubium
520 2320 525 2339 z
551 2309 604 2339 sed
623 2311 744 2339 certum
763 2311 808 2339 est
822 2309 982 2340 daemones

213 2372 280 2393 esse
295 2362 478 2400 damnatos,
495 2371 568 2392 cum
590 2362 628 2392 de
644 2362 729 2392 coelis
750 2363 881 2402 projecti
895 2363 956 2393 sint
973 2372 980 2392 :

214 2425 291 2455 ergo
305 2424 370 2446 non
386 2415 500 2445 debent
515 2415 652 2454 amplius
663 2416 812 2455 judicari.

252 2472 282 2499 4.
299 2468 388 2506 Item,
405 2468 486 2498 sicut
501 2468 576 2498 mali
592 2468 736 2498 homines
749 2470 916 2507 expectant
927 2470 982 2508 ju-

213 2521 341 2559 dicium,
360 2521 403 2551 ita
413 2522 443 2551 et
452 2521 526 2551 honi
544 2531 550 2550 :
567 2529 646 2559 ergo
661 2521 687 2550 si
697 2521 858 2551 daemones
867 2530 981 2560 expec-

247 2585 253 2600 ¹
271 2583 311 2613 Cf.
327 2584 353 2608 S.
369 2583 470 2613 Thom.,
485 2583 511 2606 in
529 2582 616 2613 Sappl.
632 2590 658 2613 p.
678 2584 719 2613 tlt,
734 2590 759 2614 q.
778 2589 884 2614 mxxix,
897 2585 944 2607 art.
959 2585 982 2615 8,

214 2621 239 2643 et
260 2619 291 2643 IV
316 2618 394 2648 Sent.‚
415 2618 471 2642 dist.
494 2624 576 2648 nvn,
598 2625 623 2648 q.
645 2624 689 2648 111,
710 2621 756 2642 nrt.
781 2620 809 2649 ὃς
830 2619 984 2649 Itiiztiurdus,

214 2655 245 2679 1v
262 2653 341 2682 Sem„
356 2654 414 2678 dist.
431 2659 513 2684 XLvu,
525 2660 550 2684 q.
561 2653 714 2683 v113Ttio1n.
732 2656 842 2684 Argent„
860 2655 890 2677 tv
905 2656 981 2683 ἠπίη

215 2689 270 2712 dist.
287 2695 366 2719 nvn,
379 2691 425 2713 art.
438 2690 462 2719 3;
479 2689 566 2719 Steph.
580 2689 682 2718 Brulet'.,
697 2690 725 2712 tv
740 2689 820 2719 Seut„
834 2690 889 2713 dist.
904 2696 982 2718 >man

758 221 977 252 SENTENTIA
986 222 1065 253 RUM
1089 224 1122 254 Lt
1131 224 1162 254 Β.
1190 224 1237 254 tv.

1026 291 1268 328 tantJudicium,
1290 291 1355 330 pari
1373 292 1493 322 ratione
1508 294 1538 322 et
1553 293 1658 332 angeli
1674 295 1771 324 sancti
1787 305 1794 325 :

1027 343 1079 373 scd
1087 343 1299 379 augetis-anati
1307 344 1424 374 habent
1436 346 1532 374 totam
1543 345 1679 383 gloriam
1689 355 1778 376 suam
1788 357 1794 377 :

1027 404 1115 433 ergo,
1133 398 1190 426 etc.

1303 457 1524 489 CONCLUSIO.

1032 537 1160 564 Doemones
1172 538 1367 572 judicabuntur
1379 538 1482 572 judicio
1493 538 1732 570 condemnationis,
1747 546 1799 566 non

1277 584 1362 608 autem
1378 583 1560 609 discussionis.

1072 660 1161 700 Hesp.
1179 661 1216 691 ad
1231 670 1316 700 arg„
1338 662 1434 700 priori
1458 662 1656 693 distinctione
1677 670 1796 702 suppo-

1029 712 1107 750 sita,
1134 714 1216 752 quod
1241 714 1404 744 daemones
1424 715 1655 754 Judicabuntur
1678 714 1800 754 judicio

1029 766 1314 803 condemnationis,
1333 767 1386 797 sed
1402 777 1466 797 non
1483 768 1693 798 discussionis.
1712 767 1800 799 Ratio

1030 822 1135 850 autem
1158 820 1430 851 condemnationis
1453 821 1538 851 venit
1562 823 1628 851 tum
1653 830 1692 851 ex
1713 823 1801 860 parte

1026 874 1160 912 Justitiae
1185 874 1250 911 Dei,
1274 877 1342 904 tum
1362 884 1402 905 ex
1425 877 1511 914 parte
1536 874 1647 913 gloriae
1673 873 1799 909 Christi,

1029 929 1099 956 tum
1115 937 1152 956 ox
1169 930 1255 966 parto
1272 928 1386 965 meriti,
1399 930 1469 958 tum
1482 937 1522 958 ex
1536 930 1622 967 parte
1635 927 1801 957 confirma—

1033 980 1123 1010 tionis
1143 980 1300 1020 supplicii.
1326 980 1372 1011 Ex
1394 984 1480 1020 parte
1495 981 1627 1020 Justitiae
1646 979 1711 1018 Dei,
1727 979 1802 1019 quia

1030 1032 1281 1071 sicutjudicium
1305 1033 1471 1064 hominum
1494 1032 1673 1064 universale
1690 1033 1744 1062 fiet
1766 1035 1803 1062 ut

1027 1085 1150 1123 justitia
1176 1085 1225 1116 Dei
1246 1086 1430 1117 hominibus
1453 1086 1625 1116 innotescat
1648 1088 1678 1116 et
1703 1094 1799 1125 appa-

1030 1140 1108 1176 reat,
1124 1139 1168 1168 sic
1183 1139 1278 1169 etiam
1289 1139 1448 1178 judicium
1464 1139 1664 1178 angelorum,
1686 1141 1717 1169 et
1731 1147 1803 1169 con-

1030 1190 1189 1221 demnatio
1198 1192 1265 1222 fieri
1277 1192 1379 1222 debet.
1392 1192 1439 1222 Ex
1449 1195 1537 1232 parte
1550 1192 1661 1231 gloriae
1672 1192 1801 1229 Christi;

1031 1244 1105 1283 quia
1121 1244 1262 1274 Christus
1273 1245 1482 1284 triumphavit
1501 1245 1538 1275 de
1553 1245 1689 1283 diabolo,
1705 1246 1736 1275 et
1746 1245 1803 1284 Ju-

1032 1297 1151 1327 dicatus
1174 1298 1233 1328 fuit
1254 1308 1272 1328 a
1298 1298 1444 1328 membro
1467 1298 1584 1329 diaboli
1605 1298 1644 1329 ad
1664 1306 1802 1337 sugges-

1032 1350 1150 1381 tionem
1171 1352 1256 1391 eJus,
1281 1351 1350 1382 ideo
1371 1351 1463 1381 debet
1482 1351 1700 1382 auctoritatem
1714 1351 1804 1390 ,iudi-

1033 1405 1161 1434 ciariam
1177 1414 1273 1444 super
1288 1405 1395 1444 ipsum
1411 1404 1564 1443 accipere.
1579 1403 1626 1434 Ex
1640 1406 1729 1443 parte
1741 1412 1804 1434 me-

1034 1458 1102 1494 riti;
1131 1458 1206 1497 quia
1233 1458 1317 1488 enim
1347 1458 1513 1498 participes
1548 1459 1677 1488 fuerunt
1703 1456 1804 1496 culpae

1034 1510 1204 1547 humanae,
1228 1511 1341 1541 debent
1361 1513 1391 1540 et
1409 1510 1574 1550 participes
1598 1518 1665 1540 esse
1690 1511 1804 1539 contu-

1036 1564 1137 1594 meliae
1153 1567 1183 1594 et
1197 1573 1308 1602 poenze.
1326 1563 1373 1594 Ex
1389 1565 1476 1602 parte
1495 1562 1638 1602 supplicii
1652 1570 1803 1592 consum-

1036 1616 1141 1646 mandi
1155 1628 1160 1647 z
1175 1617 1349 1647 sicutenim
1363 1625 1472 1647 omnes
1487 1615 1632 1645 homines
1640 1616 1806 1653 expectant

1031 1670 1200 1708 judicium,
1222 1669 1272 1700 vel
1295 1670 1332 1699 ad
1353 1668 1659 1699 consummationem
1680 1667 1804 1706 gloriae,

1036 1722 1085 1752 vel
1104 1732 1220 1762 poenae3
1240 1724 1282 1753 ita
1297 1725 1327 1753 et
1345 1723 1381 1761 (ὁ)
1397 1722 1558 1752 daemones
1568 1721 1726 1760 judicium
1741 1729 1806 1750 non

1036 1776 1151 1806 debent
1176 1776 1329 1814 evadere,
1357 1778 1392 1806 ut
1419 1776 1444 1805 si
1469 1775 1543 1815 quid
1572 1782 1739 1814 poenarum
1762 1773 1807 1803 eis

1036 1829 1132 1866 deest,
1151 1829 1333 1869 suppleatur
1350 1829 1440 1868 plene
1458 1839 1464 1858 z
1486 1827 1568 1858 unde
1588 1827 1682 1857 simut
1703 1825 1807 1856 invol-

1036 1885 1153 1912 ventur
1170 1891 1243 1912 cum
1261 1882 1331 1912 aliis
1351 1881 1525 1918 damnatis,
1541 1883 1572 1911 et
1592 1879 1688 1910 simul
1703 1879 1805 1909 incar-

1037 1936 1238 1973 cerabuntur,
1261 1945 1296 1966 ac
1318 1944 1373 1975 per
1392 1935 1451 1965 hoc
1472 1935 1509 1964 ad
1527 1933 1685 1973 judicium
1708 1931 1806 1963 dedu-

1037 1991 1160 2027 centur,
1172 1991 1202 2019 et
1213 1989 1457 2028 judicabuntur,
1469 1988 1549 2019 sicut
1559 1987 1696 2018 rationes
1705 1988 1808 2017 osten-

1036 2041 1126 2072 dunt.

1078 2097 1090 2124 1
1110 2097 1138 2124 et
1157 2098 1186 2125 ⁶2.
1205 2095 1254 2125 Ad
1266 2095 1343 2126 illud
1358 2095 1441 2134 quod
1457 2095 1619 2133 objicitur,
1636 2093 1721 2133 quod
1737 2093 1807 2132 jam

1032 2147 1203 2186 „iudicatus
1219 2150 1276 2185 est,
1292 2147 1460 2177 dicendum
1480 2147 1565 2186 quod
1574 2146 1743 2185 Judicatus
1757 2145 1808 2175 di-

1037 2200 1130 2238 citur,
1142 2200 1217 2240 quia
1230 2202 1368 2239 potestas
1383 2202 1429 2230 est
1443 2200 1472 2229 ei
1487 2200 1594 2239 aliquo
1617 2198 1710 2229 modo
1731 2197 1808 2227 sub-

1037 2256 1137 2284 tracta
1151 2256 1309 2293 quantum
1322 2253 1360 2284 ad
1375 2254 1491 2291 bonos;
1505 2253 1559 2283 sed
1574 2261 1639 2283 non
1655 2251 1785 2282 omnino
1799 2262 1805 2281 :

1038 2307 1107 2338 ideo
1115 2310 1237 2347 oportet
1247 2309 1324 2337 tunc
1337 2307 1363 2345 ej
1370 2316 1406 2336 us
1411 2306 1570 2346 judicium
1581 2305 1807 2343 consummari,

1038 2361 1117 2391 sicut
1134 2361 1221 2400 prius
1239 2360 1277 2390 de
1291 2359 1471 2389 infidelibus
1486 2361 1604 2389 tactum
1619 2360 1676 2389 est.

1080 2417 1108 2445 3.
1125 2414 1173 2445 Ad
1198 2413 1275 2444 illud
1295 2413 1379 2453 quod
1399 2413 1559 2452 objicitur,
1579 2411 1663 2451 quod
1683 2420 1749 2442 non
1763 2413 1810 2442 est

1039 2468 1237 2499 afferendum
1257 2468 1290 2497 in
1314 2467 1447 2498 dubium
1460 2491 1467 2504 ,
1492 2465 1575 2506 quod
1599 2467 1646 2496 est
1667 2466 1806 2501 certum;

1039 2521 1208 2553 dicendum
1224 2521 1309 2561 quod
1329 2529 1394 2551 non
1412 2519 1586 2551 adducetur
1608 2518 1641 2548 in
1661 2517 1807 2555 dubium,

1040 2588 1064 2611 q.
1087 2586 1126 2610 1v3
1150 2580 1216 2603 Petr.
1234 2580 1345 2610 Tarum,
1367 2578 1396 2602 lv
1417 2578 1496 2607 sent„
1515 2576 1572 2600 dist.
1590 2581 1671 2605 xta-11,
1687 2581 1712 2605 q.
1730 2579 1763 2597 vi.
1778 2586 1810 2591 —

1039 2616 1050 2632 θ
1061 2615 1116 2645 Job,
1130 2621 1171 2645 η,
1191 2616 1228 2638 28.
1244 2628 1273 2632 -
1286 2614 1294 2628 ³
1307 2615 1313 2637 Ι
1330 2614 1398 2644 Cor„
1412 2618 1447 2642 v1,
1464 2614 1530 2636 3.-
1545 2612 1555 2628 δ
1566 2612 1646 2641 Ιοαη.,
1662 2615 1715 2641 xvi,
1732 2611 1810 2633 11.—

1041 2652 1050 2667 ⁵
1062 2650 1161 2680 Manli„
1174 2656 1234 2678 xxv,
1249 2652 1285 2674 41,

1075 2692 1103 2721 (a)
1121 2690 1186 2714 Edit.
1202 2691 1256 2714 Veni
1273 2689 1414 2720 participes.
1426 2701 1455 2706 —
1471 2688 1502 2719 (ὁ)
1522 2690 1557 2712 ut..
