1991 3006
86 1256 182 1277 Fundam

206 218 244 247 74

205 284 348 315 sacerdos
360 285 399 316 de
414 286 545 316 consilio
557 286 692 327 episcopi
705 287 779 319 dare
794 289 902 320 velum
920 300 926 320 :
943 291 974 320 et

205 346 262 377 pro
276 340 362 369 tanto
375 339 451 369 illud
466 341 512 369 est
528 339 783 379 intelligendum.

372 459 613 493 ARTICULUS
638 461 805 495 UNICUS.

245 553 291 583 Ad
318 553 559 592 intelligentiam
582 555 678 594 liujus
701 557 798 595 partis
821 557 976 596 quaeritur

204 605 242 635 de
269 605 486 637 satisfactionis
509 607 738 646 diminutione,
765 612 795 639 et
813 610 895 640 circa
916 610 975 640 hoc

204 661 394 696 quaeruntur
403 668 472 690 sex:
483 661 586 700 primo
597 662 751 701 quaeritur
761 665 869 693 utrum
877 663 976 702 possit

206 710 274 741 fieri
300 712 518 743 satisfactionis
544 715 749 745 commutatio
770 726 776 751 ;
812 716 971 753 secundo,

206 766 314 794 utrum
330 765 425 804 possit
443 766 493 796 vel
507 766 616 797 debeat
636 768 704 797 fieri
721 768 890 806 relaxatio;
909 771 972 799 ter-

205 817 267 854 tio,
294 817 366 848 dato
389 819 473 858 quod
499 820 560 857 sic,
581 821 737 860 quaeritur
751 831 769 852 a
787 831 850 861 quo
874 824 976 862 potest

204 870 273 900 fieri
287 881 294 908 ;
311 873 426 910 quarto
443 873 598 912 quaeritur
613 883 669 913 pro
684 883 748 914 quo
760 877 862 914 potest
880 875 949 905 fieri
965 886 972 912 ;

205 924 333 962 quinto,
362 925 411 955 eui
428 925 548 964 valeat;
566 929 655 957 sexto
670 928 701 958 et
716 928 828 958 ultimo
843 952 852 965 ‚
871 937 973 968 quau-

207 978 275 1006 tum
287 976 405 1015 valeat,
423 980 482 1008 etc.

478 1085 657 1122 QUAESTIO
680 1087 703 1117 l.

299 1165 343 1191 An
362 1173 430 1192 ⁴unas
448 1173 497 1200 pro
517 1166 573 1192 alio
590 1168 676 1201 possit
694 1169 852 1201 satisfacere
870 1169 887 1194 ¹.

246 1243 358 1274 Utrum
375 1245 471 1281 possit
484 1246 553 1275 fieri
566 1246 784 1277 satisfactionis
797 1250 973 1278 commuta-

209 1297 260 1335 tio,
278 1300 308 1327 et
323 1298 382 1328 hoc
395 1299 636 1338 estquaestionis
651 1300 906 1337 fundamentum,
922 1301 977 1330 sci-

207 1349 287 1387 licet,
300 1351 408 1379 utrum
421 1359 503 1380 unus
516 1360 571 1390 pro
581 1351 642 1381 alio
654 1351 833 1382 satisfaciat.
848 1352 883 1382 Et
893 1352 978 1391 quod

206 1405 268 1442 sic,
287 1404 431 1435 videtui-²
449 1416 455 1435 ε
475 1405 559 1437 Alter
575 1407 706 1438 alterius
721 1414 817 1438 onera
831 1410 953 1446 portate
968 1418 978 1436 .-

207 1457 261 1488 sed
276 1466 383 1494 onera,
399 1467 472 1497 quae
487 1460 625 1489 maxime
635 1462 709 1489 sunt
722 1461 885 1499 portanda,
905 1463 979 1491 sunt

206 1519 302 1540 onera
317 1511 491 1550 spiritualia
509 1524 514 1542 :
533 1521 610 1550 ergo
621 1513 646 1542 si
661 1513 754 1543 alicui
771 1513 917 1552 imposita
932 1516 979 1544 est

206 1563 392 1602 poenitentia
405 1564 530 1603 gravis,
548 1565 673 1595 videtur
685 1566 769 1605 quod
783 1566 895 1606 aliquis
912 1576 980 1606 par-

208 1618 271 1646 tem
286 1616 336 1647 vel
351 1619 453 1647 totum
468 1618 565 1657 possit
580 1627 636 1657 pro
651 1628 687 1649 eo
702 1622 837 1658 portare.

248 1670 326 1700 Item
340 1670 372 1700 in
387 1671 490 1701 littera
505 1671 637 1702 dicitur³
653 1682 660 1700 z
682 1684 696 1700 «
712 1673 898 1703 Amicorum
912 1682 979 1704 ora-

208 1723 345 1753 tionibus
357 1748 365 1761 ,
392 1726 423 1754 et
450 1724 726 1765 eleemosynarum
753 1726 979 1765 largitionibus

208 1776 331 1815 pondus
351 1777 543 1816 poenitentias
562 1778 793 1809 sublevandum
809 1782 856 1809 est
872 1791 878 1810 1
896 1790 910 1807 »
930 1780 976 1810 lo-

207 1830 318 1868 quitur
330 1829 367 1860 de
382 1839 419 1860 eo
429 1854 436 1868 ,
454 1830 509 1870 qui
524 1831 666 1869 graviter
680 1832 871 1863 infirmatur.

249 1882 326 1912 Item
351 1882 411 1913 hoc.
424 1883 547 1914 videtur
572 1893 627 1923 per
658 1885 813 1915 rationem
838 1897 844 1915 :
872 1886 978 1917 Primo

209 1946 264 1976 per
283 1937 384 1967 simile
408 1937 440 1967 in
456 1938 550 1968 rebus
575 1938 775 1969 naturalibus
800 1949 807 1969 z
833 1940 979 1971 videmus

208 1990 295 2019 enim
327 1990 359 2020 in
382 1991 487 2030 aliquo
523 2000 652 2031 corpore
685 1992 831 2022 animalis
850 2016 859 2029 ,
893 1994 977 2032 quod

209 2052 309 2072 uuum
336 2044 516 2074 membrum
540 2053 573 2074 se
597 2044 745 2083 exponit,
768 2047 803 2074 ut
826 2045 978 2075 sustineat

208 2095 381 2133 laesionem,
398 2098 428 2126 et
444 2105 620 2135 gravamen
635 2096 780 2134 alterius,
797 2097 879 2127 sieut
894 2099 978 2137 patet

208 2148 293 2188 quod
317 2149 484 2179 brachium
508 2158 540 2179 se
565 2149 695 2188 exponit
710 2158 768 2189 pro
789 2150 891 2189 capite
916 2162 922 2180 z
951 2151 976 2180 si

208 2210 287 2240 ergo
313 2201 344 2231 in
367 2211 497 2241 corpore
520 2202 653 2241 mystico
674 2205 719 2232 est
741 2203 896 2233 connexio
921 2212 977 2243 per

208 2254 467 2285 assimilationem
481 2255 520 2285 ad
541 2264 655 2295 corpus
673 2256 827 2293 naturale,
852 2256 978 2287 videtur

208 2307 352 2337 similiter
373 2308 457 2347 quod
475 2317 577 2338 unum
593 2308 775 2338 membrum
799 2318 879 2340 onus
899 2310 978 2340 alte-

209 2359 276 2389 rius
292 2359 391 2398 possit
404 2362 435 2390 et
448 2360 560 2390 debeat
575 2363 777 2400 supportare.

249 2411 327 2442 Item
348 2412 408 2442 hoc
429 2412 554 2443 videtur
576 2422 631 2452 per
651 2413 752 2444 simile
774 2413 807 2443 in
828 2414 978 2444 humanis

209 2464 329 2495 actibus
346 2475 352 2494 :
370 2465 516 2495 videmus
531 2465 615 2496 enim
631 2466 715 2505 quod
736 2467 780 2496 sic
794 2469 840 2496 est
854 2466 886 2496 in
901 2467 978 2497 aeti-

210 2518 285 2555 hus,
304 2518 389 2557 quod
409 2518 435 2547 si
450 2518 564 2558 aliquis
578 2521 623 2549 est
645 2518 737 2549 alicui
753 2519 892 2557 debitor,
914 2529 978 2551 non

243 2579 301 2609 ¹Cf.
316 2579 387 2603 Alex.
403 2579 496 2610 Ateus„
513 2587 537 2610 p.
553 2580 595 2610 lv,
612 2588 637 2611 q.
654 2586 729 2611 xxui,
743 2581 840 2605 memb.
856 2584 876 2610 1,
888 2584 933 2606 art.
948 2584 978 2613 :3;

211 2616 235 2640 S.
258 2616 381 2646 Thomas,
402 2615 428 2639 in
451 2615 537 2646 Suppl.
566 2623 590 2646 p.
621 2617 666 2646 ill,
691 2623 716 2647 q.
740 2622 801 2646 xiv,
825 2619 872 2640 art.
900 2620 930 2647 23
954 2620 978 2642 et

212 2651 243 2674 tv
265 2651 343 2680 Sent.‚
365 2651 422 2674 dist.
445 2656 491 2680 xx,
516 2658 540 2681 q.
563 2657 584 2681 1,
611 2652 658 2674 art.
682 2654 708 2682 2,
734 2658 758 2682 q.
784 2658 829 2681 1n;
851 2652 978 2683 ffichard„

212 2687 242 2711 tv
263 2686 343 2717 Sent„
362 2686 418 2711 dist.
439 2692 487 2717 xx,
510 2688 557 2710 art.
579 2689 600 2716 t,
625 2694 650 2717 q.
675 2692 723 2718 1¹13
747 2687 837 2712 Thom.
864 2689 978 2719 Argent.‚

763 220 1068 254 SENTENTIARUM
1090 222 1164 255 LIB.
1190 223 1240 255 IV.

1029 290 1122 320 refert
1147 290 1230 330 apud
1259 291 1444 322 creditorem
1457 317 1464 330 ‚
1493 296 1603 324 utrum
1630 294 1696 334 ipse
1707 320 1715 334 ,
1748 296 1799 327 vel

1028 342 1110 372 alius
1125 343 1243 381 solvat;
1267 344 1331 374 imo
1355 354 1410 384 pro
1426 346 1536 376 eodem
1559 349 1732 388 utrumque
1747 358 1800 379 ac-

1029 397 1130 434 ceptat
1144 406 1150 425 :
1169 395 1195 425 si
1211 405 1290 435 ergo
1302 398 1402 428 multo
1418 398 1588 438 benignior
1601 402 1647 430 est
1664 400 1754 437 Deus
1771 403 1802 432 et

1029 447 1150 477 avidior
1168 449 1207 478 ad
1226 450 1457 489 percipiendam
1476 452 1684 491 solutionem,
1703 463 1801 493 qnam

1031 500 1126 531 homo
1140 503 1297 540 terrenus,
1311 503 1438 534 videtur
1448 505 1533 544 quod
1546 506 1611 545 ipse
1621 507 1660 536 sit
1672 508 1804 538 conten-

1029 556 1090 590 tus7
1104 556 1133 584 et
1145 555 1202 585 sibi
1217 556 1361 593 sufficiat,
1374 556 1399 586 si
1413 557 1493 587 alius
1501 558 1668 589 satisfaciat
1684 568 1740 598 pro
1751 568 1800 590 eo.

1071 606 1146 637 ltem
1172 608 1231 638 hoc
1260 608 1386 639 videtur
1411 618 1467 648 per
1487 609 1592 640 locum
1622 620 1641 641 a
1665 612 1777 642 minori
1792 623 1800 650 ;

1029 660 1105 699 quia
1120 660 1191 699 plus
1207 664 1252 691 est
1265 662 1436 701 impetrare
1452 662 1670 694 remissionem
1686 665 1802 705 culpae,

1030 722 1126 752 quam
1147 715 1367 745 remissionem
1383 724 1486 754 [ioenae
1503 727 1509 745 :
1529 716 1583 746 sed
1602 720 1730 748 sanctus
1749 718 1800 749 vir

1031 767 1177 806 impetrat
1193 767 1307 806 alicui,
1325 768 1379 807 qui
1396 770 1442 798 est
1463 771 1554 799 extra
1569 770 1724 808 gratiam,
1748 780 1806 811 per

1030 829 1103 850 suas
1118 821 1274 851 orationes
1291 821 1509 851 remissionem
1525 822 1626 862 culpae
1646 834 1652 853 :
1671 832 1751 863 ergo
1775 826 1806 855 et

1031 874 1250 904 remissionem
1267 882 1370 913 pcenae
1384 883 1439 912 per
1454 883 1528 904 suas
1541 874 1736 907 afflictiones

1072 928 1148 958 ltem
1173 927 1314 958 Christus
1338 928 1466 966 punitus
1488 930 1553 965 est,
1576 930 1607 958 et
1631 938 1725 968 poena
1748 939 1806 962 sua

1030 981 1196 1011 satisfecit:
1217 989 1281 1011 non
1296 989 1353 1020 pro
1369 983 1494 1020 peccato
1510 990 1578 1019 suo,
1591 982 1649 1012 boc
1664 985 1803 1014 constat:

1031 1043 1109 1074 ergo
1125 1043 1182 1074 pro
1198 1034 1299 1064 alieno
1314 1043 1321 1064 :
1338 1043 1416 1073 ergo
1435 1034 1578 1064 Christus
1588 1035 1735 1066 satisfecit
1749 1044 1807 1076 pro

1032 1087 1122 1117 nobis
1141 1096 1148 1116 :
1164 1087 1189 1116 si
1211 1095 1290 1125 ergo
1314 1095 1425 1116 omnes
1442 1096 1499 1117 nos
1525 1096 1628 1117 unum
1640 1097 1753 1119 sumus
1772 1089 1807 1119 in

1032 1139 1172 1177 Christo,
1191 1142 1222 1169 et
1236 1140 1380 1169 membra
1397 1140 1494 1179 hujus
1508 1150 1628 1178 sumus,
1652 1143 1682 1171 et
1697 1141 1806 1171 imita-

1032 1195 1115 1223 tores
1130 1194 1199 1231 ojus
1213 1202 1280 1223 esse
1292 1193 1461 1230 debemus·‚
1479 1194 1604 1224 videtur
1618 1194 1704 1234 quod
1722 1202 1806 1224 unus

1034 1255 1090 1285 pro
1105 1246 1167 1275 alio
1184 1246 1279 1285 possit
1294 1248 1321 1275 et
1333 1246 1443 1275 debeat
1457 1246 1646 1277 satisfacere.

1073 1299 1202 1329 Contra:
1221 1302 1245 1329 1.
1259 1301 1268 1317 ⁴
1286 1299 1398 1330 Omnes
1412 1300 1567 1331 stabimus
1582 1303 1654 1332 ante
1665 1300 1807 1332 tribunal

1036 1352 1154 1383 Clu-[sci
1164 1376 1172 1389 ,
1200 1355 1234 1384 ut
1261 1354 1395 1392 recipiat
1420 1355 1636 1394 mzusquz'sque
1657 1358 1753 1394 prout
1771 1355 1808 1386 in

1034 1414 1160 1445 corpore
1183 1407 1280 1446 qessit
1292 1431 1300 1444 ,
1324 1408 1390 1438 sire
1418 1406 1533 1438 honum
1544 1431 1551 1444 ‚
1583 1409 1650 1439 sive
1665 1408 1783 1440 malum
1799 1417 1807 1438 :

1037 1468 1114 1497 ergo
1130 1460 1304 1499 unicuique
1314 1460 1603 1499 renitimini-juxta
1618 1470 1713 1501 opera
1728 1470 1786 1492 sua
1799 1472 1806 1491 ε

1036 1521 1116 1551 crgo
1135 1521 1199 1542 non
1215 1512 1341 1543 videtur
1361 1513 1446 1552 quod
1461 1522 1544 1543 unus
1562 1522 1618 1552 pro
1637 1513 1698 1544 alio
1719 1515 1808 1545 satiS—

1035 1565 1125 1595 faciat
1140 1589 1147 1602 ‚
1169 1565 1244 1604 quia
1259 1567 1336 1596 tune
1353 1565 1434 1595 Deus
1449 1566 1540 1596 alicui
1556 1566 1746 1598 retribueret
1759 1576 1810 1598 se-

1035 1619 1176 1649 cundum
1192 1628 1288 1658 opera
1304 1619 1419 1658 aliqua.

1075 1674 1103 1702 2.
1122 1672 1201 1702 ltem
1218 1672 1251 1701 in
1268 1672 1393 1702 Psalmo
1405 1672 1414 1688 ⁵
1429 1683 1434 1702 :
1456 1672 1500 1703 Τιι
1515 1671 1625 1705 reddis
1636 1674 1673 1713 (a)
1684 1674 1811 1706 unicui-

1034 1733 1093 1764 que
1104 1725 1207 1764 Juxta
1222 1734 1317 1764 opera
1331 1734 1408 1757 sua:
1425 1734 1504 1764 ergo
1515 1726 1598 1756 idem
1613 1727 1695 1766 quod
1709 1728 1808 1767 prius.

1076 1781 1104 1809 3.
1123 1779 1199 1809 Item
1213 1780 1336 1810 ratione
1349 1780 1493 1810 videtur:
1509 1780 1661 1819 quoniam
1673 1790 1736 1812 non
1748 1782 1811 1812 exi-

1034 1832 1083 1871 git
1098 1832 1178 1862 Deus
1194 1833 1441 1863 satisfactionem
1461 1834 1501 1863 ab
1523 1833 1647 1872 aliquo,
1664 1834 1740 1873 quia
1754 1834 1807 1864 de-

1034 1885 1166 1915 lectetur
1180 1885 1212 1914 iu
1226 1894 1329 1924 poena,
1346 1886 1399 1915 sed
1411 1888 1447 1916 ut
1461 1886 1548 1916 velut
1562 1895 1618 1925 per
1632 1886 1809 1917 remedium

1034 1940 1163 1968 sanetur
1175 1938 1294 1968 offensa
1306 1949 1312 1968 z
1326 1939 1378 1969 sed
1389 1939 1465 1978 quia
1478 1939 1644 1970 satisfactio
1652 1941 1699 1970 est
1706 1948 1810 1970 reme-

1036 1992 1124 2021 dium
1139 1994 1247 2021 contra
1263 1992 1401 2031 culpam,
1415 1995 1445 2022 et
1455 1993 1648 2029 antidotum3
1662 1995 1692 2024 et
1704 2002 1810 2024 reme-

1034 2044 1122 2073 (lium
1141 2046 1249 2073 contra
1262 2044 1443 2074 membrum
1459 2045 1625 2075 infirmans
1646 2046 1738 2076 debet
1750 2055 1810 2086 ap-

1034 2096 1124 2136 poni3
1142 2105 1219 2135 ergo
1234 2096 1362 2126 videtur
1377 2097 1462 2136 quod
1473 2106 1537 2127 non
1552 2098 1649 2136 possit
1662 2097 1696 2128 in
1711 2098 1809 2129 alium

1033 2150 1196 2180 homiuem
1210 2150 1410 2179 commutari.

1073 2205 1102 2232 4.
1116 2202 1194 2233 Item
1208 2211 1271 2232 non
1287 2204 1388 2242 potest
1397 2202 1516 2232 conteri
1530 2202 1579 2241 (b),
1596 2212 1652 2234 nee
1667 2203 1809 2235 confiteri

1034 2265 1118 2286 unus
1142 2265 1200 2296 pro
1221 2256 1302 2294 ali03
1332 2256 1397 2287 imo
1417 2258 1538 2296 oportet
1557 2257 1642 2296 quod
1667 2257 1732 2296 ipse
1753 2257 1809 2297 qui

1034 2310 1140 2349 peccat
1149 2332 1158 2348 ‚
1173 2310 1364 2347 conteratur,
1382 2311 1413 2339 et
1432 2309 1618 2340 confiteatur
1635 2318 1643 2340 :
1665 2318 1745 2349 ergo
1759 2309 1809 2340 vi-

1034 2362 1126 2392 detur
1140 2362 1284 2392 similiter
1304 2362 1389 2402 quod
1404 2364 1547 2402 oporteat
1563 2362 1670 2402 ipsum
1684 2363 1806 2393 satisfa-

1034 2424 1103 2446 cere
1117 2417 1148 2446 et
1163 2424 1290 2455 poenam
1305 2415 1381 2455 pati.

1075 2470 1103 2498 5.
1123 2468 1212 2505 Item⁷
1224 2468 1249 2498 si
1265 2468 1333 2498 sani
1349 2470 1480 2507 possunt
1493 2477 1590 2507 supra
1604 2477 1637 2499 se
1652 2469 1808 2509 suscipere

1036 2539 1067 2563 tv
1078 2539 1156 2568 Sent„
1167 2538 1223 2562 dist.
1238 2544 1281 2567 xx,
1294 2545 1318 2569 q.
1332 2544 1349 2568 1,
1362 2540 1410 2562 art.
1423 2539 1452 2567 23
1469 2537 1557 2568 Steph.
1569 2538 1672 2568 Brulef„
1683 2539 1715 2563 lv
1729 2539 1808 2569 Sene„

1035 2575 1091 2598 dist.
1107 2580 1151 2603 xx,
1172 2582 1196 2604 q.
1215 2580 1257 2603 v13
1275 2576 1342 2598 Petr.
1359 2574 1390 2597 de
1409 2574 1521 2603 Turant„
1538 2574 1567 2597 tv
1591 2574 1669 2602 Seni„
1688 2575 1746 2599 dist,
1764 2581 1808 2605 xx,

1035 2617 1060 2640 q.
1078 2615 1113 2634 1v.
1131 2621 1159 2626 -
1174 2610 1182 2623 ²
1194 2609 1288 2639 Galat„
1305 2614 1339 2638 vi,
1355 2611 1377 2633 2.
1393 2621 1424 2626 —
1439 2608 1449 2624 ⁸
1465 2608 1561 2632 Theoti.
1578 2609 1707 2639 Cannium,
1727 2610 1807 2634 Poeni-

1035 2644 1131 2668 tenuat.
1142 2657 1171 2662 —
1184 2645 1193 2660 ⁸
1205 2645 1222 2668 ll
1238 2645 1305 2673 Cor.5
1319 2649 1344 2674 V,
1362 2645 1398 2668 ¹0.
1409 2656 1439 2660 —
1453 2643 1604 2674 *Psat.1.x1,
1625 2646 1659 2669 13.

1068 2689 1100 2719 (a)
1115 2687 1189 2719 Vulg.
1203 2687 1330 2712 reddes.—
1340 2687 1373 2719 (ὸ)
1388 2687 1457 2711 Edit.
1474 2687 1532 2713 Ven.
1545 2688 1668 2714 confiteri·

1824 1318 1856 1338 Ad
1876 1324 1928 1345 opp.
