1991 3006
197 219 235 246 24
755 213 1060 244 SENTENTtARUM
1087 214 1156 244 ΗΒ.
1189 214 1234 243 tv.

197 284 241 313 tio
263 284 380 313 ducens
404 283 442 312 mi
465 281 675 320 iiitpossibi1e3
700 284 730 310 ct
749 281 886 317 morbis,
908 281 961 319 qui

196 345 260 367 nou
284 338 437 366 curantur
462 344 516 374 per
540 334 767 374 emplastrum,
793 334 962 373 apponitur

196 389 312 419 vulnus
325 391 355 419 et
370 388 566 424 cauterium3
587 388 618 417 et
636 386 764 423 invitis,
781 389 812 416 et
827 386 960 416 incorri-

195 442 346 479 gibilibus
366 442 401 471 fit
422 440 543 471 curatio
558 448 613 479 per
627 439 790 478 flagellum
805 450 811 469 z
836 440 879 469 sic
895 448 962 469 esse

195 495 333 534 oportuit
346 494 377 523 in
394 493 538 524 Ecclesiae
553 493 738 523 rectoribus.
762 492 797 522 Et
816 492 885 523 ideo
900 492 961 522 Do-

196 548 319 583 minus⁷
342 546 502 576 institutor
520 548 550 576 ct
571 545 717 576 fundator
734 545 896 582 Ecclesiae,
922 545 963 574 ei-

194 600 265 630 dem
280 608 343 629 non
366 600 490 629 tantum
509 598 594 629 dedit
610 598 839 628 medicamenta
861 606 962 628 sacra-

194 654 373 683 mentorum
401 651 440 682 ad
468 651 645 681 curandum
674 650 855 680 accedentes
870 674 877 686 ‚
909 650 962 680 sed

193 706 288 736 etiam
311 705 455 744 gladium
479 704 626 744 spiritus,
653 704 735 743 quod
758 705 804 733 est
826 704 961 734 verbum

194 758 264 796 Dei,
285 760 315 788 et
329 759 514 797 potestatem
528 756 732 796 amputandi,
755 758 785 786 et
800 756 960 786 resecandi

193 813 423 851 contemptores
447 812 477 840 et
506 810 659 840 rebelles:
687 812 717 839 et
741 809 818 839 tales
840 809 912 839 licet
932 812 962 839 et

193 864 334 894 debitum
349 866 395 894 est
409 862 690 899 excommunicari,
702 863 785 892 sicut
800 864 961 892 ostensum

193 920 239 948 est
253 917 437 948 auctoritate
452 916 503 947 Dei
517 941 524 953 ‚
546 918 576 946 et
598 916 742 955 exemplo
759 915 914 955 Apostoli,
932 918 963 946 et

192 971 313 1002 ratione
328 970 361 1000 in
376 969 541 1000 consimili.

234 1026 247 1054 «1
268 1026 297 1054 et
311 1027 340 1055 ⁶2..
357 1024 399 1055 Ad
415 1023 493 1053 illud
508 1032 587 1061 ergo
602 1023 685 1062 quod
702 1023 860 1062 objicitur,
879 1024 961 1062 quod

192 1078 468 1108 excommunicare
483 1079 529 1107 est
540 1078 629 1107 extra
641 1076 897 1106 communionem
910 1076 963 1115 eji-

193 1140 279 1168 cere,
311 1139 385 1170 quae
408 1132 454 1160 est
479 1139 534 1169 per
558 1129 760 1166 charitatem,
794 1129 961 1159 dicendum

192 1184 275 1223 quod
291 1183 474 1214 communio
492 1182 607 1222 triplex
622 1185 668 1212 est
682 1193 687 1211 :
708 1182 854 1222 quaedam
870 1183 960 1222 spiri-

192 1236 285 1266 tualis
306 1236 456 1273 omnino,
478 1237 509 1266 et
527 1235 596 1265 haec
617 1237 663 1265 est
683 1238 841 1274 quantum
861 1235 900 1264 ad
920 1235 964 1265 di-

193 1289 356 1319 lectionem
377 1288 579 1325 iuteriorem3
601 1289 747 1327 quaedam
770 1288 941 1327 corporalis
954 1312 961 1325 ,

192 1344 222 1371 et
235 1342 301 1371 haec
321 1344 367 1372 est
385 1343 539 1381 quantum
556 1341 593 1371 ad
615 1342 805 1371 exteriorem
830 1350 961 1371 conver-

192 1395 365 1431 sationem3
383 1394 532 1434 quzedam
549 1394 651 1424 medio
669 1394 773 1430 mode,
791 1397 821 1424 et
836 1394 904 1424 liaec
919 1397 964 1424 est

193 1450 349 1487 quantum
365 1448 404 1478 ad
419 1448 690 1477 sacramentorum
710 1448 939 1487 susceptionem
954 1473 962 1485 ‚

193 1503 223 1531 et
238 1501 396 1540 praecipue
411 1502 566 1539 quantum
583 1500 621 1530 ad
637 1503 869 1530 sacramentum
885 1501 963 1531 alta-

193 1554 247 1583 ris.
271 1553 342 1583 Dico
362 1562 439 1591 ergo
460 1553 545 1592 quod
560 1563 579 1583 a
594 1553 696 1593 prima
716 1553 824 1583 nullus
844 1556 962 1592 potest,

194 1615 251 1636 nec
273 1606 364 1637 debet
386 1606 510 1636 excludi
535 1606 675 1645 quandiu
699 1608 745 1636 est
769 1606 881 1643 vlator,
909 1616 966 1637 nec

195 1659 479 1690 excommunicatio
488 1659 561 1689 dicit
570 1660 780 1699 privationem
791 1660 876 1690 illius
884 1670 967 1690 com-

198 1712 367 1742 munionis.
392 1711 553 1748 Quantum
573 1712 611 1742 ad
633 1713 894 1743 sacramentalem
916 1723 967 1744 ex-

196 1765 334 1795 cluditur
358 1765 509 1804 quilfflet,
538 1765 593 1804 qui
615 1765 727 1795 dicitur
750 1768 968 1797 excommuni-

198 1820 286 1848 catus
301 1818 367 1848 sive
381 1818 511 1857 maiori,
529 1818 596 1847 sive
612 1818 738 1849 minori.
756 1818 916 1855 Quantum
929 1820 967 1850 ad

198 1870 469 1901 conversationem
498 1871 689 1901 exteriorem
713 1872 886 1902 attenditur
909 1882 968 1903 ex-

199 1923 443 1954 communicatio
458 1924 571 1962 majOi·‚
597 1924 630 1954 in
644 1934 707 1964 qua
724 1926 968 1958 communicatio

198 1978 337 2014 negatur
357 1975 533 2006 secundum
548 1978 636 2006 actus
655 1977 832 2015 legitimos,
853 1979 907 2017 qui
922 1981 968 2009 at-

200 2029 372 2059 tenduntur
387 2028 421 2058 in
435 2029 596 2068 quinque,
614 2029 729 2060 scilicet
743 2030 775 2059 in
791 2031 898 2061 osculo
910 2056 917 2069 ,
937 2032 969 2063 in

199 2081 372 2121 colloquio,
389 2081 422 2111 in
437 2081 584 2112 convivio
595 2105 604 2119 ,
624 2082 656 2111 in
671 2083 823 2121 oratorio,
841 2084 874 2114 in
890 2085 970 2116 vale-

201 2134 353 2165 faciendo.
374 2133 458 2164 Unde
476 2143 586 2164 versus
605 2145 610 2163 :

248 2214 290 2244 Os,
307 2220 390 2242 orare,
407 2214 471 2244 vale,
488 2214 644 2245 communio,
659 2222 747 2239 mensa
762 2217 876 2246 negatur.

242 2294 293 2324 Sic
303 2293 405 2332 igitur
416 2295 511 2333 patet,
528 2294 611 2333 quod
621 2304 695 2324 cum
708 2295 822 2335 triplex
837 2297 875 2327 sit
888 2307 970 2328 com-

203 2348 312 2379 munio
324 2371 332 2386 ‚
349 2356 413 2378 una
428 2348 617 2387 spiritualis,
635 2351 666 2379 et
681 2349 743 2380 alia
757 2354 968 2383 sacramenta-

201 2400 257 2438 lis,
282 2402 313 2430 et
333 2400 395 2431 alia
409 2400 592 2440 corporalis,
609 2403 693 2440 quod
714 2404 890 2434 secundum
912 2405 972 2444 pri-

202 2462 287 2483 mam
315 2453 423 2483 nullus
450 2455 764 2493 excommunicatur;
795 2458 971 2488 secundum

201 2505 472 2542 sacramentalem,
490 2507 783 2538 excommunicatur
800 2510 903 2539 omnis
916 2511 971 2549 qui

200 2559 315 2589 dicitur
331 2559 638 2596 excommunicatus3
656 2562 831 2592 secundum
846 2563 971 2594 tertiam

201 2611 495 2642 excommunicatur
511 2611 571 2649 ille,
590 2612 645 2651 qui
660 2614 773 2652 majori
791 2623 972 2646 excommu—

201 2665 358 2696 nicatione
373 2664 664 2696 excommunicatus
677 2666 800 2705 dicitur,
818 2669 894 2707 quia
907 2678 971 2700 ma-

1015 282 1066 319 jor
1079 285 1125 311 cst
1140 281 1190 311 liic
1209 282 1340 320 privatio
1359 280 1676 312 communicationis:
1695 282 1726 311 et
1738 281 1783 310 sic

1018 335 1100 372 patet
1115 333 1191 364 illud
1208 334 1395 364 secundum.

1059 389 1087 416 3.
1114 387 1159 417 Ad
1183 387 1259 417 illud
1280 387 1363 426 quod
1385 386 1543 426 objicitur,
1568 387 1651 425 quod
1675 386 1784 417 nullus

1018 439 1212 478 separandus
1242 441 1288 469 est
1317 448 1335 469 a
1362 439 1564 469 sacramentis
1577 463 1584 477 ,
1617 439 1785 470 dicendum

1017 493 1101 532 quod
1131 492 1195 523 imo
1208 516 1216 529 ,
1240 492 1391 531 quoniam
1420 492 1476 522 etsi
1499 495 1695 522 sacramenta
1725 492 1787 522 sint

1019 545 1183 576 medicinae
1197 570 1204 583 ,
1225 547 1331 575 tamen
1347 554 1411 575 non
1427 547 1558 584 prosunt
1576 545 1634 575 nisi
1651 544 1786 585 disposi-

1018 599 1069 629 tis.
1088 599 1174 629 Unde
1188 599 1267 628 sicut
1281 598 1381 628 bonus
1396 598 1535 628 medicus
1550 598 1724 629 secundum
1737 607 1785 628 ar-

1018 653 1080 682 tem
1106 651 1252 691 prohibet
1279 651 1443 681 infirmum
1467 660 1485 680 a
1510 651 1672 681 medicinis
1683 674 1690 688 ‚
1722 659 1786 681 non

1018 706 1141 734 tantum
1157 714 1175 733 a
1189 704 1275 734 cibis
1294 705 1420 742 propter
1437 703 1725 742 indispositionem;
1741 703 1785 733 sic

1018 757 1049 786 in
1065 757 1222 796 proposito
1237 758 1283 787 est
1299 756 1552 794 intelligendum.
1572 755 1684 786 Utilius
1700 756 1785 786 enim

1018 812 1064 839 est
1074 810 1166 840 alicui
1185 809 1371 839 medicinam
1386 808 1582 846 subtrahere,
1599 817 1696 848 quam
1710 808 1786 839 dare

1018 865 1125 893 contra
1143 863 1379 902 dispositionem
1393 886 1400 899 ‚
1427 862 1491 891 imo
1510 861 1564 891 tali
1583 861 1709 892 differre
1723 870 1786 892 me-

1017 917 1152 947 dicinam
1168 918 1214 946 est
1230 914 1424 945 medicinale.

1059 971 1087 999 4.
1105 969 1151 999 Ad
1166 968 1242 998 illud
1257 967 1340 1007 quod
1354 967 1500 1006 objicitur
1517 966 1555 997 de
1568 967 1788 997 excommuni-

1018 1023 1157 1060 catione,
1185 1024 1293 1052 utrum
1318 1022 1357 1051 sit
1382 1020 1513 1050 morbus
1537 1020 1587 1049 vel
1612 1020 1786 1058 medicina,

1018 1076 1185 1106 dicendum
1198 1075 1282 1115 quod
1298 1075 1378 1104 sicut
1394 1076 1490 1104 sectio
1505 1074 1543 1104 de
1557 1074 1659 1113 prima
1673 1082 1730 1104 sua
1742 1083 1788 1104 ra-

1018 1129 1102 1159 tione
1123 1129 1219 1168 plaga
1239 1130 1284 1158 est
1303 1130 1332 1157 et
1350 1127 1489 1158 dolorem
1511 1127 1582 1157 facit
1596 1150 1603 1163 ‚
1626 1128 1731 1156 tamen
1755 1127 1788 1157 in

1019 1182 1250 1221 comparatione
1266 1181 1303 1210 ad
1320 1180 1437 1210 vulnus
1453 1179 1654 1219 apostematis
1667 1181 1713 1210 est
1726 1189 1788 1210 me-

1019 1235 1140 1270 dicina3
1171 1234 1213 1264 sic
1244 1234 1310 1273 ipsa
1333 1233 1487 1273 separatio
1517 1241 1534 1263 a
1562 1232 1788 1263 communione

1019 1287 1160 1317 fidelium
1182 1287 1256 1317 dicit
1271 1286 1391 1316 malum
1404 1310 1411 1323 ,
1437 1287 1468 1315 et
1485 1285 1639 1315 damnum
1651 1309 1659 1323 ,
1676 1287 1706 1315 et
1721 1294 1788 1324 poe-

1020 1349 1095 1370 nam
1108 1363 1115 1376 ,
1140 1339 1171 1369 in
1195 1339 1429 1379 comparatione
1452 1340 1559 1368 tamen
1580 1338 1619 1368 ad
1639 1337 1788 1368 rebellem

1021 1393 1176 1423 medicina
1190 1394 1236 1422 est
1249 1417 1255 1429 ⁷
1274 1394 1309 1422 ut
1324 1393 1392 1430 eJus
1406 1391 1535 1421 rebellio
1550 1393 1581 1421 et
1593 1390 1791 1421 contumacia

1021 1446 1199 1484 frangatur.
1217 1445 1303 1475 Unde
1318 1445 1399 1474 sicut
1418 1444 1469 1474 ille
1484 1444 1539 1483 qui
1554 1444 1720 1483 syllogizat
1735 1452 1791 1483 per

1021 1498 1234 1538 impossibile,
1255 1497 1380 1527 deducit
1396 1496 1435 1526 ad
1455 1495 1647 1535 impossibile
1670 1505 1733 1526 non
1755 1498 1791 1526 ut

1022 1552 1063 1581 ibi
1089 1552 1197 1589 sistat,
1223 1550 1276 1581 sed
1297 1552 1331 1580 ut
1353 1550 1459 1580 redeat
1479 1549 1517 1579 ad
1538 1549 1722 1585 veritatem3
1748 1549 1791 1578 sic

1022 1605 1159 1635 Ecclesia
1167 1605 1290 1643 separat
1299 1606 1330 1633 et
1340 1602 1603 1639 excommunicat,
1615 1604 1651 1631 ut
1661 1601 1793 1632 redeun-

1024 1662 1086 1689 tem
1102 1667 1175 1689 cum
1191 1657 1368 1688 humilitate
1379 1681 1388 1694 ,
1406 1659 1437 1687 et
1450 1655 1617 1686 confusum
1632 1655 1670 1685 de
1684 1657 1793 1686 contu-

1024 1712 1124 1742 macia
1141 1711 1256 1741 arctius
1271 1710 1406 1748 stringat
1421 1733 1430 1747 ,
1453 1710 1483 1738 et
1501 1708 1632 1738 Interius
1645 1707 1769 1738 claudat
1783 1717 1790 1737 :

1024 1768 1054 1796 ct
1069 1766 1111 1795 sic
1128 1766 1211 1804 patet
1227 1764 1310 1804 quod
1325 1763 1471 1803 quamvis
1485 1762 1524 1792 sit
1538 1761 1704 1799 medicina,
1718 1762 1794 1801 quia

1024 1821 1112 1850 curat
1127 1818 1277 1848 morbum
1290 1816 1481 1852 rebellionis
1498 1815 1582 1855 quod
1593 1814 1701 1845 nullus
1714 1814 1796 1845 hanc

1025 1871 1214 1902 medicinam
1238 1870 1331 1901 debet
1353 1871 1519 1909 appetere,
1541 1877 1599 1899 nec
1616 1868 1707 1899 debet
1729 1868 1797 1898 dari

1025 1924 1181 1965 quaerenti
1207 1932 1317 1955 veram
1344 1922 1534 1953 medicinam
1546 1945 1555 1959 ,
1582 1921 1635 1952 sed
1658 1923 1800 1952 contem-

1026 1981 1101 2059 neg}
1104 1989 1159 2058 1,Ᾰᾱ
1183 2027 1259 2057 illud
1278 2026 1364 2066 quod
1386 2025 1545 2065 objicitur,
1565 2025 1650 2064 quod
1671 2034 1799 2056 excom-

1028 2081 1189 2113 municare
1200 2082 1246 2111 est
1256 2079 1379 2109 tradere
1390 2080 1519 2113 satanae,
1533 2077 1701 2108 dicendum
1712 2078 1798 2117 quod

1027 2140 1115 2168 satan
1130 2137 1177 2166 est
1193 2135 1302 2169 tortor,
1316 2141 1380 2162 11011
1396 2133 1521 2162 tantum
1536 2131 1727 2168 animarum,
1743 2140 1798 2161 ve-

1028 2199 1101 2220 rum
1125 2189 1220 2220 etiam
1241 2194 1421 2225 corporum.
1447 2184 1582 2214 Tradere
1606 2186 1712 2214 autem
1732 2186 1798 2215 tor-

1028 2243 1089 2274 tori
1108 2243 1155 2271 est
1179 2239 1362 2279 dupliciter:
1388 2239 1443 2267 aut
1466 2237 1615 2267 cessando
1634 2246 1652 2266 a
1675 2238 1797 2276 protec-

1028 2297 1113 2327 tione
1137 2291 1322 2333 torquendi,
1348 2290 1413 2320 sive
1442 2289 1645 2329 exponendO,
1669 2292 1724 2320 aut
1742 2291 1799 2329 Ju-

1028 2348 1130 2379 bendo
1154 2345 1279 2382 tortori,
1300 2345 1336 2374 ut
1358 2343 1491 2382 affligat.
1515 2342 1799 2373 Excommunicare

1028 2410 1106 2440 ergo
1127 2398 1301 2430 secundum
1320 2395 1484 2436 praesentis
1499 2395 1645 2426 Ecclesiae
1667 2396 1798 2433 statum,

1028 2457 1075 2486 est
1102 2455 1219 2483 satanae
1247 2450 1389 2485 tradere,
1420 2447 1646 2487 protectionem
1671 2447 1798 2477 subtra-

1029 2508 1143 2545 hendo,
1160 2508 1191 2537 et
1205 2505 1233 2536 ei
1248 2502 1435 2543 exponendo
1448 2512 1454 2532 :
1471 2501 1630 2532 subtrahit
1643 2509 1723 2539 ergo
1738 2501 1799 2531 sus-

1028 2562 1132 2601 fragia
1154 2562 1185 2591 et
1213 2558 1427 2594 sacramenta,
1454 2564 1510 2595 per
1532 2563 1604 2594 quae
1632 2554 1799 2585 munimur

1029 2617 1137 2647 contra
1162 2613 1261 2644 hostis
1288 2610 1428 2641 insidias.
1455 2608 1490 2639 In
1518 2610 1661 2647 tempore
1690 2609 1798 2638 autem

1028 2668 1171 2701 Ecclesiae
1205 2665 1393 2706 primitivae,
1424 2662 1499 2703 quia
1534 2661 1694 2693 daemones
1722 2661 1796 2701 ipsis
