1991 3006
59 1795 160 1816 Fundam.

668 223 763 255 DIST.
787 221 878 253 XLII.
903 220 992 251 ART.
1018 220 1040 251 1.
1065 219 1214 257 QUAEST.
1237 220 1274 251 ΙΙ.

172 292 281 323 culum
295 292 447 332 speciale:
465 293 496 322 et
508 291 578 322 ideo
594 290 781 321 sacramenti
798 297 940 327 compar-

172 345 312 385 ticipatio
331 354 389 376 nec
410 346 456 375 est
473 344 636 384 cognatio,
657 353 714 374 nec
732 342 804 372 facit
822 349 941 379 cogna-

173 398 301 428 tionem.
320 398 389 428 Non
408 398 452 428 sic
467 398 569 433 datio,
585 406 643 427 nec
664 395 820 435 susceptio
843 403 943 424 sacra-

172 450 288 487 menti;
306 450 371 480 imo
394 450 469 480 dicit
489 450 632 480 ordinem
654 449 692 479 ad
710 448 850 487 aliquam
869 455 942 485 per-

172 511 282 533 sonam
295 503 473 541 specialem,
488 505 517 533 et
538 502 697 542 quoddam
713 501 877 532 vinculum
892 509 942 529 su-

171 555 324 594 peraddit,
342 557 371 585 et
381 556 553 594 quamdam
567 555 735 594 specialem
747 553 920 584 tentionem
933 564 938 582 z

172 610 203 638 et
222 609 303 638 hanc
331 608 500 638 rectIssime
522 617 689 647 possumus
712 606 868 646 appellare
890 615 941 635 co-

174 662 357 700 gnationem
374 673 380 691 :
399 664 429 691 et
443 661 486 691 sic
500 664 583 701 patet
598 661 687 691 illuul.

212 717 241 744 4.
259 715 306 745 Ad
326 714 403 745 illud
427 714 512 754 quod
536 714 684 754 objicitur
701 713 815 743 ultimo
830 712 867 743 de
883 712 942 742 fra—

172 767 317 798 ternitate
346 767 474 804 carnali,
500 767 667 798 dicendum
692 766 776 806 quod
806 775 870 796 non
897 767 943 795 est

172 821 288 858 simile,
306 821 381 860 quia
396 823 569 860 utrumque
591 822 637 850 est
663 819 825 850 vinculum
855 819 943 858 spiri-

172 873 268 910 tuale,
285 876 314 903 et
328 873 434 912 aliquo
453 883 468 902 n
485 873 544 903 odo
562 873 667 911 magis
682 873 875 902 conveniunt
887 872 940 911 qui

174 929 369 965 generantur
390 927 429 956 ab
444 926 553 957 eodem
563 950 570 963 ,
585 926 665 955 sicut
679 935 775 965 supra
788 928 943 955 monstra-

174 981 242 1009 tum
258 979 325 1009 suit.
344 978 402 1016 Qui
423 982 528 1009 autem
545 979 743 1018 baptizantur
760 979 799 1008 ab
819 978 941 1016 eodem,

172 1041 237 1062 non
252 1032 357 1070 magis
372 1032 580 1069 conveniunt,
599 1041 696 1071 quam
716 1032 770 1070 qui
785 1031 943 1070 baptizan-

174 1086 225 1115 tur
239 1095 258 1115 a
272 1085 414 1115 diversis.
441 1085 586 1124 Amplius
599 1109 606 1122 ⁷
624 1085 705 1114 sicut
729 1094 769 1114 ex
793 1084 944 1114 affinitate

172 1141 202 1168 et
216 1138 366 1168 affinitate
388 1147 451 1168 non
474 1137 580 1175 surgit
604 1137 695 1167 tertia
715 1137 866 1172 affinitas,
883 1137 944 1166 nisi

173 1192 361 1222 interveniat
376 1191 634 1229 consanguinitas
645 1215 653 1227 ‚
681 1199 753 1229 quae
770 1193 815 1219 est
834 1190 945 1220 vincu-

173 1244 241 1275 lum
257 1254 312 1284 per
327 1254 378 1281 se3
395 1244 438 1274 sic
461 1252 501 1274 ex
523 1243 712 1282 cognatione
735 1243 891 1282 spirituali
905 1252 945 1273 ex

176 1300 310 1337 utraque
323 1300 410 1336 parte
421 1306 483 1327 non
491 1297 594 1334 surgit
603 1297 751 1334 cognatio
760 1296 943 1335 spiritualis,

175 1351 286 1380 nisiex
296 1350 393 1380 altera
409 1352 496 1389 parte
512 1350 551 1379 sit
566 1349 826 1388 consanguinitas
839 1360 845 1379 ι
862 1349 946 1379 unde

177 1403 326 1442 cognatio
337 1403 465 1443 ponitur
479 1403 559 1433 inter
581 1402 683 1432 filiuni
702 1402 900 1441 spiritualem
916 1404 946 1432 et

175 1456 276 1487 filium
299 1456 478 1492 carnalem,
501 1465 565 1486 non
590 1455 672 1485 inter
694 1455 891 1494 spiritualem
916 1458 946 1485 et

175 1509 374 1549 spiritualem
388 1519 395 1539 ε
413 1511 443 1539 et
458 1510 501 1539 sic
516 1511 600 1548 patet
614 1508 702 1539 illud.

439 1615 618 1652 QUAESTIO
641 1615 678 1645 ll.

176 1696 221 1722 An
240 1696 394 1730 spiritualis
415 1698 538 1729 emanatio
558 1696 688 1730 impediat
709 1696 911 1722 matrimonium
928 1697 945 1722 ¹.

218 1775 330 1806 Utrum
350 1777 497 1814 cognatio
519 1775 690 1815 spiritualis
706 1775 857 1815 impediat
878 1784 945 1805 ma-

175 1829 379 1867 trimonium;
392 1832 421 1859 et
437 1829 521 1868 quod
536 1829 590 1867 sic,
608 1829 743 1859 videtur.
761 1828 851 1858 Caus.
867 1838 946 1865 xxx,

177 1891 208 1921 q.
227 1885 256 1919 1,
273 1892 301 1912 c.
320 1882 363 1912 De
379 1889 412 1913 eo
425 1881 508 1921 quod
523 1882 747 1920 interrogasti,
764 1883 838 1918 etc„
854 1883 884 1911 et
897 1881 945 1910 in-

177 1935 225 1965 fra
242 1943 249 1964 2
269 1947 284 1963 «
299 1935 331 1965 Si
348 1935 477 1965 filiolam
494 1937 549 1965 aut
565 1937 771 1965 commatrem
788 1943 879 1964 suam
895 1934 949 1964 ali-

178 1988 249 2027 quis
273 1988 305 2018 in
332 1988 572 2018 matrimonium
594 1988 736 2025 duxerit,
759 1987 950 2027 separandos

179 2051 246 2073 esse
267 2043 459 2082 judicamus,
482 2046 512 2074 et
540 2043 633 2082 gravi
663 2043 846 2083 poenitentia
871 2043 949 2082 plec-

179 2096 299 2127 tendos.
319 2108 333 2124 »

220 2149 298 2180 Item
324 2149 446 2180 ratione
471 2150 597 2181 videtur
623 2149 680 2180 1106
702 2149 816 2189 ipsum.
849 2149 949 2179 Tanto

179 2203 343 2233 honestius
362 2206 393 2234 et
416 2203 527 2243 purius
546 2202 785 2233 custodiendum
809 2204 856 2233 est
878 2203 948 2232 vin-

180 2255 298 2293 culum,
323 2258 441 2296 quanto
456 2258 503 2286 est
518 2255 654 2286 sanctius
675 2258 705 2285 ct
729 2255 924 2294 spiritualius
941 2266 947 2285 :

179 2309 206 2338 si
221 2318 298 2348 ergo
314 2312 441 2349 propter
456 2309 651 2340 honestatem
676 2318 739 2339 non
757 2311 857 2349 potest
874 2318 948 2339 con-

180 2363 263 2393 trahi
274 2363 523 2400 matrimonium,
538 2363 591 2393 ubi
606 2363 778 2393 intervenit
787 2363 950 2393 vinculum

181 2416 305 2447 carnale
322 2418 352 2447 et
373 2416 522 2455 cognatio
539 2416 690 2454 carnalis,
716 2417 816 2447 multo
840 2417 951 2447 fortius

180 2469 236 2500 uhi
252 2470 422 2500 intervenit
436 2469 584 2508 cognatio
599 2469 782 2508 spiritualis.

215 2550 274 2580 ¹Cf.
293 2550 319 2574 S.
334 2550 434 2580 Thom„
453 2550 478 2573 in
493 2549 579 2579 Suppl.
598 2556 622 2578 p.
641 2549 686 2578 lll,
702 2555 726 2579 q.
744 2554 798 2579 LVI,
814 2551 861 2573 art.
881 2551 888 2572 l
904 2557 910 2579 ;
927 2550 952 2572 et

183 2587 213 2609 lV
224 2586 303 2615 Seni„
313 2586 370 2609 dist.
383 2592 446 2615 an,
457 2593 473 2616 q
494 2591 512 2616 ι,
523 2586 568 2608 art.
584 2584 684 2614 l;Guil.
693 2584 817 2615 Altisiod„
830 2585 861 2608 lv
873 2586 951 2614 Sem„

181 2624 253 2645 tract.
274 2627 313 2650 ix,
334 2628 357 2644 c.
377 2626 425 2650 vn,
446 2628 471 2651 q.
493 2626 544 2650 v11;
561 2621 640 2648 Scor,
661 2620 690 2642 tv
711 2619 789 2649 Sene„
809 2619 865 2643 dist.
888 2625 951 2650 nn,

182 2664 206 2687 q.
225 2663 248 2687 1;
270 2656 398 2686 Richard„
421 2656 450 2680 lV
474 2656 552 2684 sent„
573 2655 631 2679 dist.
655 2660 723 2684 >tl-11,
740 2661 764 2685 q.
791 2661 812 2685 1,·
829 2655 951 2685 Durand,

183 2692 214 2717 lV
232 2693 310 2721 Seni„
330 2692 387 2715 dist.
409 2697 477 2722 nu,
495 2698 519 2722 q.
536 2696 558 2721 15
579 2691 669 2715 Thom.
689 2691 805 2721 Argent..
824 2691 855 2714 lV
873 2691 952 2721 Seni„

1709 224 1768 253 435

1040 288 1128 324 ltem,
1141 287 1196 326 qui
1206 290 1252 317 est
1264 287 1429 325 proximus
1439 288 1628 327 cognatione
1637 288 1766 325 carnali,

999 340 1179 370 tractandus
1200 341 1247 369 est
1271 339 1384 370 affectu
1405 339 1691 380 consanguinitatis
1710 351 1717 370 :
1743 340 1769 370 si

999 402 1078 431 ergo
1094 393 1145 422 ille
1160 393 1290 422 affectus
1305 401 1368 423 non
1384 393 1521 423 admittit
1535 393 1681 433 copulam
1695 402 1768 424 car-

998 446 1058 483 nis,
1076 446 1139 476 imo
1154 445 1339 476 naturaliter
1354 446 1490 485 refugit,
1514 456 1592 486 ergo
1609 449 1639 477 et
1653 456 1765 487 cogna-

999 499 1041 529 tio
1056 499 1239 538 spiritualis‚
1256 501 1290 529 ut
1306 499 1441 529 videtur.

1039 552 1151 583 Contra
1168 563 1174 582 :
1193 555 1220 582 1.
1239 552 1390 590 Cognatio
1411 553 1583 592 spiritualis
1602 556 1709 584 manet
1723 554 1765 584 si-

999 605 1064 635 mul
1091 614 1163 635 cum
1191 605 1391 635 matrimonio
1409 616 1415 636 ε
1438 615 1517 645 ergo
1539 616 1603 637 nou
1623 607 1765 647 impedit.

999 658 1143 689 Probatio
1159 670 1165 689 t
1179 659 1268 689 Caus.
1285 669 1363 698 xxx,
1381 670 1412 700 q.
1430 662 1458 699 1,
1474 670 1500 691 c.
1514 662 1556 692 De
1571 670 1604 694 eo
1619 662 1706 702 quod
1720 664 1768 694 in—

999 713 1168 752 terroqasti
1191 722 1201 743 :
1230 725 1244 741 «
1267 713 1299 744 Si
1323 715 1479 753 conjuges
1505 715 1640 754 legitimi
1664 716 1767 746 filium

999 775 1093 796 suum
1105 766 1142 796 de
1157 766 1241 796 fonte
1254 767 1460 805 susceperint,
1478 767 1504 796 si
1524 767 1657 805 volunt,
1674 768 1768 798 simul

999 821 1158 849 maneant.
1185 830 1198 846 n
1227 818 1311 857 Ergo
1333 828 1396 849 non
1420 819 1654 859 compelluntur
1677 829 1766 860 sepa-

999 872 1061 902 rari
1074 883 1080 901 2
1099 881 1176 911 ergo
1190 872 1375 912 sipiritualis
1390 873 1540 912 cognatio
1550 883 1613 904 non
1624 874 1766 913 impedit.

1039 927 1068 955 2.
1091 925 1167 955 Item
1184 926 1332 963 cognatio
1351 927 1485 956 carnalis
1500 927 1637 967 disponit
1651 927 1689 957 ad
1704 928 1767 967 spi-

999 979 1144 1008 ritualem
1160 988 1166 1008 :
1183 988 1262 1017 ergo
1273 988 1338 1009 non
1351 979 1468 1009 hahent
1483 981 1713 1020 oppositionem
1729 980 1769 1011 ad

999 1031 1134 1061 invicem
1152 1042 1158 1061 :
1178 1040 1257 1069 ergo
1271 1041 1336 1062 una
1351 1041 1415 1063 non
1438 1035 1568 1072 praestat
1588 1033 1676 1064 alteri
1705 1034 1766 1063 im-

998 1085 1216 1124 pedimentum
1232 1096 1238 1115 ι
1255 1095 1335 1124 ergo
1365 1096 1422 1117 neo
1450 1087 1634 1118 commixtio
1666 1088 1770 1118 carnis

998 1138 1189 1177 susceptioni
1200 1140 1404 1170 sacramenti:
1416 1149 1496 1178 ergo
1507 1149 1563 1170 nec
1578 1150 1594 1170 e
1605 1149 1769 1171 converso.

1040 1193 1068 1221 3.
1089 1191 1166 1221 Item
1182 1192 1252 1230 plus
1266 1192 1339 1222 facit
1356 1193 1412 1232 qui
1440 1193 1580 1232 aliquem
1609 1193 1646 1224 de
1662 1203 1768 1224 errore

1000 1244 1096 1274 trahit
1111 1244 1150 1274 ad
1165 1245 1271 1283 tidem,
1288 1255 1387 1285 quam
1402 1246 1457 1285 qui
1478 1247 1672 1286 baptizatum
1688 1247 1771 1277 levat

1001 1297 1038 1327 de
1054 1298 1137 1327 sonte
1153 1309 1159 1327 ;
1177 1298 1230 1328 sed
1254 1299 1281 1328 si
1297 1299 1368 1338 quis
1384 1302 1547 1329 convertat
1570 1299 1710 1339 aliquam
1732 1299 1772 1330 acl

1001 1351 1107 1389 fidem,
1124 1361 1188 1381 non
1212 1352 1386 1392 impeditur
1410 1361 1484 1383 cum
1506 1362 1543 1383 ea
1564 1353 1769 1391 contrahere3

1001 1404 1065 1433 imo
1081 1406 1181 1443 potest
1195 1406 1353 1444 sponsalia
1367 1406 1555 1436 contrahere
1565 1407 1623 1437 sub
1633 1406 1693 1437 hac
1702 1416 1772 1437 con-

1001 1457 1129 1494 ditione,
1147 1458 1171 1487 si
1192 1458 1269 1488 velit
1292 1459 1329 1489 ad
1351 1459 1446 1489 fidem
1461 1459 1568 1490 venire
1590 1470 1597 1490 :
1620 1469 1699 1499 ergo
1716 1469 1773 1490 nec

1001 1510 1182 1549 impeditur,
1199 1511 1225 1540 si
1240 1511 1324 1541 levat
1339 1512 1376 1542 de
1391 1512 1487 1549 fonte,
1501 1512 1579 1551 quin
1594 1513 1688 1543 etiam
1704 1522 1769 1553 pos-

1001 1563 1040 1592 sit
1054 1564 1248 1594 contrahere.

1042 1619 1070 1646 4.
1091 1617 1167 1647 Item
1182 1617 1349 1648 diversitas
1362 1618 1395 1647 in
1410 1618 1648 1658 participatione
1667 1629 1770 1650 sacra-

1003 1670 1101 1699 menti
1117 1670 1247 1709 impedit
1267 1671 1517 1708 matrimonium,
1532 1674 1568 1701 ut
1583 1674 1659 1711 puta
1670 1673 1774 1703 cultus

1003 1722 1167 1761 disparitas
1190 1733 1196 1752 ε
1221 1723 1275 1753 sed
1298 1724 1441 1762 opposita
1470 1724 1587 1754 habent
1613 1726 1774 1765 oppositos

1003 1774 1131 1804 effectus
1149 1787 1155 1804 :
1173 1784 1251 1814 ergo
1271 1776 1356 1815 quod
1382 1776 1454 1807 facit
1475 1778 1725 1808 conformitatem
1742 1779 1773 1809 in

1003 1827 1089 1858 cultu
1104 1830 1134 1857 et
1155 1831 1370 1865 sacramento,
1387 1830 1524 1869 disponit
1538 1830 1577 1861 ad
1592 1839 1772 1862 sacramen--

1004 1883 1073 1911 tum
1090 1892 1096 1911 2
1116 1881 1174 1911 hoc
1189 1883 1295 1911 autem
1311 1882 1383 1912 facit
1397 1883 1588 1922 dispensatio
1602 1885 1633 1913 et
1649 1883 1773 1914 collatio

1004 1934 1150 1974 baptismi
1167 1944 1174 1965 :
1192 1944 1282 1973 ergo,
1299 1938 1359 1965 etc.

1280 2034 1505 2066 CONCLUSlO.

1005 2110 1131 2143 Coqnutio
1144 2110 1299 2144 spiritualis
1312 2111 1460 2144 proecedens
1477 2113 1676 2139 matrimonium
1690 2114 1774 2148 impe-

1041 2154 1083 2180 dit
1110 2154 1328 2185 contrahendum,
1356 2158 1379 2181 et
1413 2155 1521 2182 dirimit
1545 2159 1722 2188 contractum,
1751 2159 1776 2184 si

1042 2197 1172 2232 baptismo
1191 2200 1213 2224 ec
1239 2200 1436 2232 confirmatione
1457 2201 1492 2226 sit
1510 2203 1620 2227 causata
1636 2209 1647 2227 .·
1668 2209 1775 2235 sequens

1041 2244 1138 2273 autem,
1152 2243 1202 2269 etsi
1217 2250 1268 2269 non
1283 2244 1372 2275 solvit,
1384 2245 1413 2270 in
1427 2245 1562 2278 aliquibus
1574 2249 1661 2272 tamen
1672 2246 1776 2272 casibus

1041 2287 1111 2313 tollit
1121 2286 1166 2319 jus
1174 2287 1284 2321 petendi
1298 2288 1425 2315 debitum.

1047 2362 1138 2402 Hesp.
1165 2363 1204 2393 ad
1230 2373 1300 2402 arg.
1334 2364 1503 2396 Dicendum
1530 2366 1615 2405 quod
1629 2366 1778 2406 cognatio

1006 2415 1177 2455 spiritualis
1195 2418 1295 2455 potest
1312 2417 1402 2456 sequi
1413 2441 1422 2455 ,
1439 2419 1494 2448 aut
1518 2419 1694 2457 praecedere
1709 2428 1777 2449 ma-

1007 2468 1206 2498 trimonium.
1220 2469 1253 2499 s'i
1267 2472 1420 2509 sequatur
1431 2493 1440 2511 2
1457 2471 1649 2510 generaliter
1663 2480 1776 2502 verum

1006 2524 1062 2559 est,
1084 2521 1167 2561 quod
1184 2531 1247 2552 non
1271 2524 1371 2561 potest
1391 2522 1565 2563 infringere
1582 2523 1777 2554 matrimonii

1006 2582 1063 2606 dist.
1080 2588 1143 2612 xmr,
1159 2590 1184 2613 q.
1200 2590 1218 2614 1,
1234 2586 1281 2607 art.
1297 2586 1327 2614 33
1345 2585 1493 2608 Franciscus
1507 2585 1537 2608 de
1551 2586 1641 2616 mayr„
1653 2585 1684 2609 lV
1698 2585 1777 2614 Βοιώ,

1007 2618 1063 2642 dist.
1082 2624 1149 2648 xrn,
1169 2626 1194 2649 q.
1217 2625 1238 2649 13
1261 2620 1336 2643 Joan.
1361 2621 1462 2650 Bacch„
1485 2621 1514 2645 lV
1537 2620 1616 2650 Sem„
1634 2620 1690 2644 dist.
1713 2626 1777 2652 xLu,

1007 2661 1031 2686 q.
1054 2660 1074 2684 ¹3
1092 2654 1180 2685 steph.
1198 2655 1302 2686 Brules.‚
1323 2655 1354 2679 lv
1369 2656 1447 2683 Sent..
1468 2656 1525 2680 dist.
1536 2661 1600 2683 nu,
1610 2662 1636 2685 q.
1656 2661 1693 2686 115
1711 2656 1777 2682 Petr.

1006 2690 1037 2714 de
1050 2690 1161 2718 Taraut„
1181 2691 1211 2715 tv
1229 2690 1308 2719 Seni„
1324 2690 1383 2714 dist.
1400 2696 1464 2721 nn,
1479 2698 1505 2720 <l-
1519 2697 1537 2714 1.

1791 562 1816 582 'd
1834 569 1884 589 opp.
