1991 3006
796 242 984 274 DISTINCT.
1008 242 1095 274 XLV.

1684 244 1740 273 507

153 315 185 347 id
201 318 266 354 est,
285 317 322 346 ut
337 313 452 346 merita
465 323 578 344 eorum
595 312 688 344 nobis
701 310 944 352 suffragentur,
962 314 993 342 et
1014 314 1049 342 ut
1064 310 1124 354 ipsi
1146 309 1250 342 velint
1269 310 1392 342 honum
1414 314 1562 342 nostrum
1577 336 1584 351 ‚
1601 309 1680 353 quia
1694 308 1739 341 eis

154 371 339 405 volentibus
355 370 440 402 Deus
453 369 545 411 vult,
563 373 593 401 et
614 369 659 401 ita
675 368 741 400 fiet.
765 368 813 399 Ex
838 367 1012 411 praemissis
1032 371 1175 408 constat,
1192 367 1279 411 quod
1304 378 1378 399 cum
1400 367 1597 411 quibusdam
1614 366 1741 400 miseri-

152 428 281 461 cordius
297 427 363 470 agit
377 427 463 459 Deus
475 453 482 467 ‚
499 438 598 470 quam
614 437 727 458 eorum
741 429 868 469 peccata
886 425 1065 457 meruerint
1080 451 1086 465 ‚
1104 424 1224 458 scilicet
1239 435 1314 456 cum
1331 424 1537 456 mediocriter
1551 424 1645 456 malis
1656 450 1664 465 ,
1681 423 1738 468 qui

153 484 318 528 suffragiis
332 483 480 517 Eeclesiae
492 483 665 527 juvantur.

338 624 541 656 EXPOSITIO
563 624 726 654 TEXTUS.

169 717 293 740 Praeterea
307 716 439 740 sciendum
455 718 504 745 est,
520 716 587 746 quod
603 722 692 739 omues
707 714 814 745 auimae,
829 717 856 738 ut
871 715 905 738 ait

417 751 585 782 Augustinus,
603 752 650 774 etv.

189 837 291 877 Supra
305 838 370 876 egit
385 838 535 876 Magister
547 837 584 868 de
601 837 797 876 reparatione
813 845 919 876 corpo-

105 908 108 909 ν
148 900 235 929 rum;
254 892 305 922 hic
320 892 388 931 agit
403 892 440 922 de
456 894 537 922 statu
553 891 733 921 animarum
751 893 820 930 post
840 899 922 920 mor-

37 958 124 979 Divisio.

148 946 229 974 tem:
248 946 278 974 et
293 945 441 975 dividitur
454 945 523 974 haec
534 953 606 983 pars
618 944 650 973 in
666 944 754 974 duas.
768 943 802 973 In
816 944 921 983 prima

150 1001 237 1038 parte
251 999 437 1029 determinat
458 999 495 1028 de
513 1000 595 1028 statu
616 1000 645 1027 et
662 997 841 1027 conditione
864 998 920 1028 bo-

149 1060 263 1081 narum
289 1051 487 1087 animaruum
516 1051 549 1080 in
571 1050 723 1087 secunda,
749 1050 786 1079 de
809 1050 918 1080 condi-

150 1104 234 1134 tione
249 1105 278 1133 et
294 1105 377 1133 statu
392 1103 565 1141 malorum,
583 1103 624 1133 ibi
638 1104 645 1119 ¹
659 1114 665 1132 :
686 1102 747 1133 Sed
763 1103 922 1142 quaeritur

149 1157 200 1188 hic
222 1156 260 1188 de
282 1155 373 1187 valde
396 1156 507 1194 malis,
531 1159 588 1186 etc.
607 1155 712 1186 Prima
735 1165 808 1195 pars
830 1156 922 1186 habet

149 1210 247 1240 duas:
268 1209 302 1239 in
320 1209 424 1248 prima
438 1209 627 1239 determinat
641 1210 679 1239 de
701 1209 833 1239 diversis
850 1210 919 1239 ani-

149 1271 275 1293 marum
299 1262 518 1301 receptaculis3
545 1262 576 1291 in
603 1261 740 1291 secunda
763 1264 867 1301 parte⁷
885 1263 922 1293 de

150 1316 313 1354 suffragiis
331 1324 403 1355 quae
427 1315 594 1345 animabus
609 1316 741 1354 possunt
756 1315 837 1351 fieri,
855 1315 898 1345 ibi
914 1327 920 1345 :

151 1368 254 1408 Neque
269 1368 447 1408 negandum
462 1371 516 1406 est,
532 1370 565 1399 uc
580 1368 629 1399 dic
642 1368 855 1407 Augustinus,
873 1368 923 1399 de-

150 1423 331 1460 functorum
346 1422 488 1458 animas,
506 1424 563 1451 etc.
581 1421 615 1451 Et
632 1421 685 1451 illa
698 1421 835 1451 secunda
851 1431 922 1460 pars

150 1474 246 1504 habet
261 1474 339 1504 duas
352 1483 359 1503 :
375 1474 408 1503 in
430 1474 531 1513 prima
552 1473 742 1504 determinat
757 1474 794 1503 de
807 1474 923 1504 suffra-

151 1527 229 1565 giis,
257 1535 330 1566 quae
355 1527 496 1557 viventes
518 1527 746 1565 impartiuntur
769 1527 920 1564 mortuis;

150 1581 182 1611 in
197 1580 333 1611 secunda
348 1580 536 1611 determinat
551 1580 587 1611 de
604 1580 777 1619 suffragiis,
789 1581 856 1611 sive
871 1582 923 1612 ad·

146 1634 289 1673 jutoriis,
321 1642 393 1673 quae
420 1634 538 1664 mortui
563 1634 792 1672 impartiuntur
822 1635 920 1672 vivis,

151 1687 211 1717 ibi:
228 1686 287 1718 Sed
300 1688 380 1725 forte
397 1695 534 1726 quoeres,
553 1686 712 1725 nwnquz'd
724 1695 831 1725 preces
846 1695 921 1727 sup-

150 1741 362 1779 micantium,
382 1742 438 1770 etc.
457 1739 563 1770 Prima
577 1748 650 1778 pars
665 1739 760 1769 habet
774 1739 872 1770 duas:
891 1741 924 1771 in

151 1794 255 1833 prima
287 1793 474 1824 determinat
510 1792 691 1829 veritatem;
723 1792 755 1821 in
787 1793 925 1823 secunda

152 1849 257 1877 movet
271 1846 493 1883 dubitationes,
510 1846 551 1875 ihi
566 1857 571 1875 :
589 1845 676 1877 Solet
693 1846 812 1876 moveri
826 1854 924 1885 quoes-

153 1901 196 1931 tio
220 1899 258 1931 de
282 1899 424 1936 duobus,
452 1907 514 1930 uno
535 1898 652 1936 divite,
678 1900 734 1928 etc.
762 1898 799 1928 Et
822 1899 923 1937 prima

152 1962 225 1992 pars
243 1952 338 1982 habet
355 1952 432 1982 duas
446 1962 452 1981 ε
476 1952 509 1981 in
526 1952 627 1991 prima
646 1952 836 1982 determinat
851 1962 923 1991 quae

153 2008 226 2036 sunt
238 2006 290 2035 illa
302 2015 374 2045 quae
390 2008 521 2045 prosunt
536 2005 705 2043 defunctis3
724 2005 756 2035 in
772 2006 921 2043 secunda,

153 2068 225 2099 quae
241 2061 314 2089 sunt
327 2059 380 2089 illa
394 2067 465 2098 quae
477 2068 541 2089 non
556 2060 697 2098 prosunt,
711 2058 769 2088 ibi:
785 2059 830 2089 De
838 2066 925 2098 pom-

149 2114 203 2152 pis
219 2119 291 2143 vero
306 2112 511 2151 eoeequz'arum
527 2111 611 2143 idem
630 2112 845 2151 Augustinus,
863 2114 921 2142 etc.

152 2164 303 2195 Similiter
321 2164 458 2194 secunda
473 2173 555 2203 pars⁷
572 2164 605 2193 in
621 2173 684 2203 qua
701 2166 808 2194 movet
823 2174 924 2203 quaes-

152 2218 263 2255 tiones,
280 2217 359 2247 duas
374 2217 485 2247 habet:
502 2217 534 2247 in
553 2217 656 2256 prima
672 2219 758 2256 parte
774 2217 922 2247 determi-

152 2272 206 2300 nat
221 2270 301 2300 hanc
316 2270 523 2310 quaestionem
533 2294 540 2307 ‚
557 2272 663 2300 utrum
680 2270 834 2309 suffragia
849 2281 920 2310 pro-

153 2323 214 2353 sint
237 2323 386 2353 omnibus
410 2323 591 2362 aequaliter;
619 2323 651 2352 iu
681 2324 818 2354 secunda
846 2333 922 2355 vero

154 2376 285 2415 inquirit
306 2376 344 2406 de
366 2376 494 2406 infirmo
521 2376 719 2407 mediocriter
744 2377 841 2415 hono,
873 2379 921 2408 cui

152 2428 312 2459 decedenti
325 2428 357 2458 in
372 2429 434 2459 fine
450 2428 560 2459 mundi
578 2438 643 2459 non
660 2432 791 2469 possunt
804 2430 919 2461 subve-

153 2481 221 2511 nire
241 2481 393 2521 suffragia
416 2481 575 2519 Ecclesiae,
601 2482 735 2521 qualiter
752 2483 866 2513 habeat
884 2483 921 2513 li-

153 2534 272 2572 berari,
293 2534 354 2564 ibi:
379 2534 440 2566 Sed
455 2535 570 2566 iterum
590 2536 746 2574 qumi-itur
763 2534 800 2566 ‹le
815 2536 922 2575 aliquo

154 2587 352 2619 mediocriter
371 2587 458 2625 bono,
475 2589 532 2618 etc.
554 2588 685 2618 Summa
708 2588 810 2627 igitur
832 2589 924 2619 istius

155 2640 362 2671 distinctionis
386 2640 419 2670 in
443 2640 544 2670 tribus
565 2641 728 2672 consistit:
753 2641 868 2681 primo,
891 2642 924 2672 in

149 2732 155 2735 ,
189 2703 191 2714 ·
209 2701 270 2725 Dist.
286 2707 355 2727 xrvi.
372 2714 400 2719 —
416 2703 448 2733 (a)
464 2703 520 2734 Leq.
536 2702 604 2726 illud.

975 624 1154 654 animarum
1176 623 1396 662 receptaculis3
1421 623 1572 661 secundo,
1589 624 1621 653 in
1639 624 1749 653 suffra-

976 677 1038 716 giis
1053 686 1124 715 quae
1144 676 1210 706 vivi
1228 676 1457 716 impartiuntur
1473 677 1620 714 mortuis;
1644 677 1747 713 tertio,

977 733 1009 762 in
1026 731 1188 770 suffragiis
1201 740 1274 771 quae
1286 731 1402 761 mortui
1412 731 1643 771 impartiuntur
1653 731 1745 761 vivis.

978 785 1014 816 Et
1029 786 1061 815 in
1075 785 1125 815 his
1140 787 1243 815 totum
1258 784 1428 815 clauditur.

1310 888 1376 909 DUB.
1402 888 1421 908 Ι.

1006 950 1085 981 MaJ'us
1109 951 1153 975 erit
1179 950 1297 981 gaudium
1319 951 1464 973 sanctorum
1487 949 1512 972 in
1533 947 1733 976 resurrectione,

1172 989 1195 1010 et
1212 988 1283 1017 post,
1303 992 1378 1016 quam
1396 985 1471 1008 fuerit
1487 985 1554 1008 ante.

1018 1052 1146 1083 Videtur
1165 1053 1247 1083 male
1266 1052 1382 1089 dicere,
1405 1052 1479 1091 quia
1500 1051 1655 1090 gaudium
1673 1051 1751 1080 hea-

978 1109 1084 1136 torum
1108 1108 1210 1136 totum
1236 1105 1376 1135 consistit
1396 1105 1429 1135 in
1452 1105 1572 1135 visione
1596 1103 1672 1134 Dei:
1699 1103 1751 1133 sed

978 1159 1057 1189 visio
1082 1158 1135 1188 Dei
1159 1160 1224 1188 tota
1248 1160 1295 1188 est
1316 1158 1448 1195 animae,
1474 1166 1537 1187 non
1560 1165 1748 1196 corporum:

979 1220 1057 1250 ergo
1073 1211 1098 1241 si
1116 1211 1230 1241 animae
1252 1213 1323 1240 sunt
1345 1211 1377 1240 in
1396 1213 1479 1241 statu
1499 1209 1753 1249 comprehensio-

979 1265 1045 1301 nis,
1075 1266 1104 1295 et
1127 1264 1291 1303 completae
1316 1263 1464 1297 visionis,
1496 1272 1575 1301 ergo
1608 1263 1751 1302 ipsarum

980 1318 1135 1357 gaudium
1152 1326 1317 1356 nunquam
1333 1317 1516 1355 augebitur.

1020 1372 1110 1410 Resp.
1141 1370 1314 1400 Dicendum
1340 1369 1423 1408 quod
1455 1369 1609 1408 gaudium
1640 1369 1752 1407 augeri

979 1426 1024 1455 est
1042 1424 1228 1463 dupliciter:
1246 1422 1296 1452 vel
1321 1422 1562 1458 numerositate,
1588 1422 1637 1452 vel
1653 1422 1753 1452 inten-

980 1478 1082 1513 sione,
1097 1477 1163 1506 sive
1178 1475 1373 1515 qualitative.
1391 1476 1611 1513 Augmentum
1629 1475 1750 1513 gaudii,

979 1532 1135 1569 quantum
1151 1529 1189 1559 ad
1208 1529 1481 1566 numerositatem,
1494 1537 1559 1558 non
1571 1528 1659 1567 ponit
1672 1537 1753 1566 aug-

981 1584 1123 1612 mentum
1141 1582 1174 1611 in
1192 1582 1323 1620 praemio
1339 1581 1511 1619 essentiali,
1528 1581 1603 1620 quia
1617 1580 1693 1611 illud
1708 1582 1754 1610 est

980 1635 1011 1665 in
1024 1644 1089 1666 uno
1100 1635 1184 1672 solo·‚
1203 1634 1300 1664 sedin
1314 1634 1446 1673 praemio
1462 1634 1654 1670 accidentali,
1667 1634 1753 1673 quod

980 1688 1120 1719 consistit
1137 1688 1170 1717 in
1188 1687 1306 1726 gaudio
1328 1687 1365 1717 de
1384 1687 1467 1717 bono
1487 1689 1610 1717 creato:
1627 1689 1657 1717 et
1675 1686 1754 1717 illud

980 1743 1080 1781 potest
1102 1741 1231 1779 augeri,
1254 1740 1394 1770 maxime
1416 1742 1571 1779 quantum
1591 1740 1630 1770 ad
1650 1740 1753 1779 ohJec-

981 1798 1065 1831 tum⁷
1090 1797 1124 1824 ut
1147 1793 1185 1823 de
1207 1793 1352 1832 pluribus
1376 1793 1514 1831 gaudeat
1536 1794 1630 1831 tunc,
1657 1802 1753 1832 quam

980 1848 1079 1886 prius.
1092 1847 1124 1877 Si
1133 1847 1302 1885 loquamur
1313 1846 1479 1882 intensive.
1489 1846 1532 1875 sic
1541 1854 1605 1876 non
1616 1848 1754 1884 augetur

982 1900 1043 1930 nisi
1058 1909 1113 1940 per
1134 1900 1290 1937 accidens⁷
1308 1899 1382 1938 quia
1401 1898 1561 1929 inclinatio
1581 1899 1696 1929 animae
1715 1899 1753 1930 ad

981 1962 1105 1992 corpus,
1118 1961 1190 1992 quae
1201 1952 1301 1991 ipsam
1310 1951 1457 1989 retardat,
1468 1960 1507 1981 ne
1516 1951 1670 1982 intensius
1678 1952 1754 1982 fera-

981 2010 1035 2037 tur
1050 2008 1082 2036 iu
1098 2014 1262 2035 summum
1278 2005 1409 2042 coelum,
1429 2013 1524 2044 quam
1541 2005 1575 2034 in
1594 2004 1680 2035 illam
1700 2007 1751 2043 (a),

981 2060 1122 2089 aufertur
1139 2069 1145 2088 z
1163 2060 1192 2088 et
1207 2059 1251 2088 sic
1271 2060 1354 2097 patet
1370 2058 1528 2097 quomodo
1548 2058 1632 2088 istud
1654 2060 1755 2097 potest

980 2111 1115 2150 intelligi
1131 2111 1306 2150 dupliciter.
1319 2110 1424 2150 Aliqui
1437 2112 1543 2141 tamen
1557 2119 1621 2141 non
1636 2110 1755 2140 habent

981 2174 1038 2204 pro
1052 2164 1299 2200 inconvenienti,
1315 2164 1398 2203 quod
1414 2164 1597 2203 simpliciter
1610 2166 1686 2193 tuuc
1699 2172 1755 2193 au-

982 2219 1097 2256 geatur
1120 2218 1151 2246 et
1174 2217 1345 2255 gaudium,
1371 2217 1446 2256 quia
1468 2216 1572 2254 magiS
1593 2216 1754 2255 aperietur

982 2270 1035 2300 Dei
1050 2269 1189 2300 Verbum
1206 2270 1244 2300 ad
1259 2269 1519 2307 illuminandum7
1537 2271 1567 2299 et
1581 2278 1636 2309 per
1649 2278 1754 2299 conse-

978 2333 1077 2363 quens
1090 2324 1129 2354 ad
1144 2323 1377 2354 delectandum.

1307 2425 1374 2447 DUB.
1398 2425 1431 2446 ΙΙ.

1038 2487 1139 2511 Animas
1164 2487 1255 2510 abditis
1280 2486 1446 2517 receptaculis
1472 2486 1602 2516 continet,
1630 2486 1693 2509 sicut

1247 2529 1417 2553 unaquaeque,
1434 2523 1482 2546 etc.

1021 2588 1181 2625 Quaeritur
1201 2598 1257 2629 pro
1278 2591 1397 2628 quanto
1417 2588 1563 2619 dicantur
1584 2586 1689 2617 abdita
1708 2595 1755 2617 re-

981 2642 1165 2681 ceptacula:
1198 2644 1228 2672 et
1252 2642 1421 2672 dicendum
1448 2640 1532 2679 quod
1558 2640 1755 2679 receptacula

982 2695 1035 2725 illa
1058 2695 1207 2727 dicuntur
1230 2695 1334 2726 abdita
1355 2693 1566 2733 receptacula,
1590 2702 1655 2724 non
1670 2693 1755 2733 quod
