1991 3006
784 221 898 252 LIBER
919 220 1132 254 SECUNDUS.

397 339 614 372 DISTINCTIO
635 338 687 370 VI.

160 421 236 455 Quod
249 422 281 449 de
294 412 441 457 majoribus
454 423 476 448 et
488 420 633 447 minoribus
646 419 756 454 quidam
768 418 926 451 ceciderunt,

206 469 275 494 inter
289 474 352 501 quos
366 473 434 493 unus
448 466 506 498 fuit
519 466 625 495 celsior,
640 464 740 491 scilicet
755 464 873 496 Lucifer.

231 552 357 575 Praeterea
368 550 426 574 seiri
440 550 557 580 oportet,
573 548 692 580 quoniam
708 548 771 572 sieut
780 566 788 579 ,
803 549 850 572 ete.

199 614 281 644 Inter
296 613 443 652 majores,
460 611 550 642 multi
566 611 705 641 cecidere
721 610 872 641 minores.

158 666 246 696 Dicas
271 665 476 705 quamplures
495 665 534 694 ab
562 666 697 703 utroque
721 664 823 703 gradu
847 663 926 693 ceei-

237 718 329 754 disse,

158 771 337 802 Luciferum
381 773 457 802 tune
504 770 702 810 praecipuum
747 770 928 810 pariterque

237 825 350 855 ruisse.

157 878 238 908 Aere
252 878 398 908 nimboso
408 887 492 908 nunc
508 879 601 908 sunt:
615 877 667 908 sed
682 879 750 917 post
763 876 929 907 tenebroso

158 931 287 962 Carcere
301 932 497 969 claudentur,
516 932 571 962 ubi
592 933 743 971 perpetuo
757 931 926 971 patientur.

159 984 303 1015 Praesunt
317 986 468 1024 majoreS‚
487 987 522 1016 ut
538 985 660 1016 minent
674 985 846 1015 inferiores.

159 1037 294 1075 Quidam
318 1038 527 1075 descendunt,
553 1039 608 1069 ubi
634 1039 756 1070 Lucifer
777 1048 844 1070 esse
870 1048 929 1078 pu—

237 1093 323 1121 tatur

158 1143 299 1181 Vinctus,
316 1147 350 1174 ut
366 1144 496 1175 interius
511 1146 550 1175 ab
567 1145 612 1176 eis
633 1154 707 1176 reus
723 1146 888 1176 afficiatur.

159 1197 282 1228 Lucifer
292 1198 324 1227 in
339 1198 435 1228 finem
451 1200 562 1237 gentes
576 1200 696 1229 tentare
711 1198 847 1229 sinetur.

158 1250 243 1281 Nutu
261 1251 369 1282 divino
384 1253 503 1282 tentare
520 1253 614 1283 modo
633 1252 816 1292 perbihetur
836 1253 888 1292 (a).

159 1301 253 1332 Illum
273 1311 338 1333 non
360 1303 476 1333 iterum
500 1303 626 1334 daemon
647 1306 767 1334 tentare
787 1304 931 1344 probabit

159 1354 202 1385 De
216 1355 304 1394 vitio,
322 1355 361 1386 de
375 1365 453 1396 quo,
471 1357 527 1396 qui
548 1359 699 1395 tentatur,
717 1358 887 1397 superabit.

392 1466 609 1499 DISTINCTlo
632 1468 697 1499 VII.

161 1547 237 1580 Quod
249 1547 311 1574 boni
324 1549 413 1582 angeli
427 1549 491 1575 adeo
506 1551 568 1576 sunt
580 1550 729 1583 confirmati
742 1557 790 1584 per
801 1551 929 1585 qratiam,

194 1594 225 1618 ut
240 1600 350 1626 peccare
364 1600 416 1619 non
432 1594 553 1627 possini5
572 1596 595 1620 et
616 1595 684 1620 mali
705 1596 746 1621 ita
762 1595 889 1621 obdurati
903 1596 930 1621 in

194 1637 273 1668 malo,
287 1638 315 1663 ui
329 1636 391 1664 bene
404 1638 493 1664 vivere
507 1640 645 1672 nequeant.

293 1722 374 1751 Supra
386 1720 479 1744 dictum
495 1723 540 1749 est,
557 1721 625 1751 quod
640 1722 722 1753 angeli
734 1741 740 1752 ,
753 1723 799 1746 ete.

200 1781 239 1813 Ut
262 1785 424 1823 nequeunt
448 1792 552 1821 ruere,
579 1784 633 1823 qui
659 1785 779 1815 firmari
802 1794 930 1815 merue-

238 1837 324 1873 runt,

160 1888 299 1928 Surgere
321 1889 365 1919 sic
388 1892 560 1930 nequeunt,
576 1891 630 1930 qui
652 1891 690 1922 de
712 1891 791 1922 coelo
809 1892 931 1923 cecide-

239 1944 314 1973 runt
331 1953 337 1973 z

160 1997 298 2028 Arbitrio
320 1999 425 2027 tamen
442 1997 473 2028 hi
495 1998 622 2038 proprio
637 2007 802 2038 nunquam
817 2009 932 2031 carue-

239 2053 325 2081 runt.

160 2103 291 2143 Antiqui
307 2103 381 2143 quia
396 2105 469 2134 sunt
484 2105 514 2134 et
528 2104 668 2142 subtiles,
683 2108 855 2145 operantur

159 2156 280 2195 Magica
295 2156 435 2196 perversi
453 2167 459 2187 ε
479 2159 588 2196 gentes
603 2159 639 2188 ut
653 2158 860 2197 decipiantur,

160 2208 317 2240 Permittit
338 2209 507 2247 Dominus,
530 2212 565 2240 nt
583 2211 662 2250 justi
688 2211 759 2251 plus
784 2221 930 2243 merean-

241 2264 305 2293 tur.

158 2315 237 2346 lusti
253 2315 319 2346 sive
331 2315 406 2346 mali
420 2316 459 2347 de
468 2317 588 2348 semine
602 2318 756 2349 materiali

161 2367 255 2400 Plura
273 2371 395 2409 queunt
417 2369 535 2408 facere,
558 2374 722 2411 nequeunt
738 2374 844 2404 tamen
865 2374 930 2414 ipsa

240 2432 357 2454 creare.

161 2476 330 2516 Magorum
353 2478 470 2517 species
491 2481 623 2518 possunt
644 2479 713 2510 haee
736 2481 927 2520 significare.

160 2529 258 2560 Multo
273 2531 394 2569 maJ'ora
410 2531 546 2562 facerent
561 2533 592 2562 et
607 2531 760 2564 deteriora

193 2592 225 2621 (a)
237 2591 296 2616 Coel.
312 2592 371 2616 edit.
384 2593 540 2623 prohibetur.
558 2607 587 2611 —
602 2594 636 2624 (b)
651 2594 682 2619 sit
697 2596 802 2626 species.

1698 224 1757 252 635

984 288 1095 325 Pravi‚
1118 288 1144 318 si
1167 288 1283 319 sineret
1305 287 1403 325 Deus,
1426 289 1480 318 aut
1501 288 1560 319 hos
1583 297 1647 319 non
1668 288 1758 319 cohi-

1062 342 1159 372 beret.

1210 424 1427 456 DISTINCTIO
1449 425 1530 456 Vlll.

988 502 1078 529 Utrum
1091 509 1177 528 omnes
1193 502 1283 535 anqelz‘
1297 502 1418 536 corporei
1432 503 1502 533 sini,
1517 502 1587 536 quod
1601 502 1759 536 quibusdam

1020 548 1104 573 visum
1117 548 1152 573 esi
1163 554 1172 572 :
1189 546 1281 580 quibus
1301 546 1466 579 Auqnsiinus
1480 547 1626 573 consentire
1641 547 1757 578 videtur,

1020 591 1108 618 dicens
1118 592 1226 625 anqelos
1239 598 1325 617 omnes
1340 592 1399 616 ante
1411 598 1497 617 casum
1512 591 1633 617 habuisse
1648 598 1760 625 corpora

1019 637 1109 662 tenuia
1128 638 1152 662 ei
1173 635 1353 669 spiritualim
1375 635 1422 661 sed
1442 636 1585 661 immutata
1604 637 1632 661 in
1648 635 1760 662 deterius

1020 680 1152 707 malorum
1167 687 1278 714 corpora
1288 701 1295 713 ,
1311 681 1341 705 ut
1354 680 1384 705 in
1396 681 1433 706 eis
1445 681 1550 714 possint
1563 680 1632 713 pati.

1094 759 1162 783 Solet
1175 759 1251 783 etiam
1266 758 1291 782 in
1313 758 1452 789 quaestione
1466 759 1578 789 versari,
1595 759 1643 783 etc.

1027 822 1173 862 Corporei
1196 830 1260 852 non
1286 823 1383 858 sunt;
1410 822 1547 851 formare
1571 823 1678 852 tamen
1701 821 1759 851 sibi

1065 877 1197 916 possunt

986 929 1133 969 Corpora,
1154 938 1226 969 quae
1245 938 1357 959 rursus
1382 928 1551 968 deponent,
1567 930 1597 959 et
1613 937 1758 959 remove-

1066 983 1156 1021 bunt,

986 1036 1117 1073 Quando
1142 1036 1361 1075 complebunt,
1387 1034 1556 1066 Dominum
1583 1043 1655 1075 quae
1680 1034 1760 1065 velle

1066 1080 1228 1120 videbunt.

987 1142 1138 1180 Quamvis
1156 1151 1223 1173 non
1243 1143 1340 1182 possit
1360 1142 1393 1172 in
1415 1151 1448 1172 se
1463 1142 1545 1173 Deus
1565 1142 1631 1181 ipse
1645 1141 1758 1179 videri,

987 1198 1076 1226 Hunc
1090 1198 1197 1226 tamen
1221 1197 1252 1226 in
1275 1196 1377 1235 speeie
1397 1195 1496 1226 saneti
1515 1197 1647 1234 potuere
1662 1195 1756 1226 tueri.

987 1249 1055 1280 Non
1077 1249 1217 1279 animam
1237 1249 1351 1289 poterit
1370 1249 1490 1279 intrare
1510 1249 1592 1288 quis,
1618 1251 1672 1279 aut
1698 1248 1759 1278 ha-

1066 1302 1183 1338 bitere,

988 1356 1125 1395 Excepto
1154 1365 1296 1394 summo,
1320 1356 1376 1395 qui
1398 1358 1512 1387 cuncta
1538 1357 1640 1395 potest
1661 1364 1757 1395 pene-

1067 1411 1162 1440 trare.

1227 1474 1446 1507 DISTINCTIO
1467 1475 1517 1507 IX.

1022 1547 1059 1573 De
1071 1546 1195 1573 ordinum
1214 1545 1402 1577 distinctione,
1422 1548 1447 1572 et
1463 1548 1527 1580 quoi
1542 1547 1594 1573 sini
1605 1567 1611 1578 ‚
1628 1548 1652 1573 et
1665 1547 1721 1580 qui.

1080 1620 1139 1642 Post
1152 1618 1272 1649 praedicta
1282 1636 1289 1648 ,
1304 1620 1417 1650 superest
1432 1626 1585 1650 cognoscere
1599 1637 1604 1649 ,
1617 1621 1664 1643 etc.

1027 1676 1109 1707 Ordo
1129 1677 1300 1717 spirituum
1318 1678 1480 1716 jilstorum
1502 1680 1549 1708 ter
1567 1677 1756 1717 triplicatur.

987 1729 1077 1760 Unus
1092 1730 1163 1769 plus
1178 1730 1250 1766 alio,
1270 1730 1352 1760 dono
1368 1731 1495 1770 proprio
1510 1730 1704 1770 phaleratur.

987 1782 1123 1819 Quilibet
1137 1792 1156 1813 a
1168 1783 1262 1819 dono,
1278 1792 1342 1822 quo
1355 1784 1553 1822 praeeminet,
1566 1783 1757 1814 intitulatur.

991 1836 1170 1866 Ascendunt
1184 1836 1330 1867 homines
1350 1836 1388 1867 ad
1411 1836 1510 1875 sedes,
1529 1845 1609 1876 quas
1629 1837 1760 1867 habuis-

1066 1891 1135 1919 sent

987 1942 1102 1982 DeJecti
1117 1941 1243 1981 vigiles,
1261 1943 1320 1973 nisi
1345 1951 1401 1982 per
1416 1943 1541 1982 culpam
1562 1943 1757 1973 cecidissent.

1236 2036 1453 2069 DISTINCTIO
1473 2037 1509 2068 X.

990 2110 1080 2137 Utrum
1101 2117 1184 2136 omnes
1198 2111 1313 2144 spiritus
1333 2110 1446 2136 coelestes
1466 2110 1627 2141 mittantur,-
1644 2111 1667 2136 et
1679 2110 1758 2144 ponit

1021 2155 1087 2181 duas
1121 2155 1276 2188 opiniones,
1308 2155 1332 2180 et
1361 2154 1532 2180 auctoritates
1563 2154 1656 2188 quibus
1684 2154 1756 2179 inni-

1022 2200 1121 2225 cuntur.

1126 2270 1179 2294 Hoc
1194 2270 1271 2294 etiam
1288 2269 1492 2301 investigandum
1507 2273 1552 2300 est,
1566 2273 1614 2295 ete.

1025 2322 1103 2353 Mitti
1121 2323 1257 2361 maiores
1272 2322 1420 2352 dicuntur
1436 2323 1474 2353 ad
1489 2323 1653 2361 interiora,

986 2375 1030 2405 Ac
1045 2375 1097 2405 alii
1112 2375 1193 2405 mitti
1207 2375 1355 2405 dicuntur
1368 2375 1406 2405 ad
1419 2375 1588 2406 exteriora.

986 2429 1066 2460 Raro
1082 2429 1218 2468 majores
1231 2429 1412 2467 mittuntur,
1428 2438 1511 2469 saepe
1526 2429 1674 2459 minores.

985 2481 1107 2513 Nomen
1120 2484 1242 2512 natnrae
1255 2482 1280 2512 si
1295 2484 1414 2522 spectes
1432 2483 1466 2523 (b)
1479 2482 1654 2513 efficientis

986 2534 1130 2574 Angelus
1152 2535 1212 2566 hoe
1227 2544 1358 2574 nomen,
1382 2546 1401 2566 a
1419 2545 1514 2567 eausa
1529 2535 1751 2576 participantia

1018 2599 1023 2611 ¹
1040 2599 1114 2630 Aug„
1128 2598 1157 2622 cle
1172 2598 1232 2623 Gen.
1248 2599 1282 2623 ad
1294 2599 1344 2628 lit„
1361 2599 1403 2623 lib.
1421 2600 1462 2629 ΙΙΙ,
1479 2606 1500 2622 o.
1517 2604 1541 2622 x,
