1991 3006
810 204 997 237 DISTlNCT.
1020 203 1123 235 XXXI.
1702 201 1759 231 267

178 276 415 321 coiupagiuari,
433 275 521 308 61516
543 274 757 307 habitatorem
779 273 901 305 induci.
919 273 1002 304 Cum
1017 281 1094 313 ergo
1118 269 1317 301 lineamenta
1342 272 1507 312 compacta
1531 279 1596 301 non
1616 268 1758 309 fuerint,

181 336 235 368 ubi
252 335 312 368 erit
326 334 460 366 anima?
478 346 494 363 »
511 332 590 364 Item
606 331 840 374 Hieronymus,
858 329 903 361 ad
916 329 1089 373 Alqrzsz'am
1105 329 1111 344 ¹
1133 339 1139 359 z
1162 340 1178 358 «
1194 326 1326 359 Semina
1342 327 1497 370 paulatim
1519 327 1703 358 formantur
1726 326 1760 357 in

180 397 289 433 utero,
315 396 345 424 et
371 390 483 423 tandiu
507 400 572 422 non
593 393 763 433 reputatur
784 387 997 420 homicidium
1010 413 1017 427 ,
1038 386 1140 418 donec
1163 384 1324 416 elementa
1345 384 1488 416 confecta
1510 395 1583 416 suas
1604 383 1762 425 imagines

180 449 389 492 membraque
404 447 592 490 suscipiant.
610 460 625 477 »
644 446 703 478 His
717 449 848 490 apparet
864 449 943 477 tunc
962 455 1015 475 eos
1030 441 1207 476 homicidas
1228 452 1312 482 esse,
1330 441 1386 486 qui
1402 442 1552 473 abortum
1566 445 1759 486 procurant,

177 518 252 539 cum
266 506 442 538 formatum
458 509 504 536 651
519 508 550 536 61
564 505 745 536 animatum
761 503 983 547 puerperium.
1003 515 1018 532 »

221 564 304 597 Cum
318 574 393 605 ergo
409 562 476 595 haec
495 562 556 594 tria
569 562 655 594 bona
670 561 704 593 in
718 561 829 604 aliquo
844 560 998 604 conjugio
1009 560 1107 592 simul
1123 563 1337 599 concurrunt,
1350 559 1389 591 ad
1406 559 1645 592 excusationem
1661 560 1764 592 coitus

177 621 315 654 carnalis
330 620 451 654 valent.
478 619 616 659 Quando
639 619 726 651 enim
750 622 876 651 servata
900 618 963 650 fide
988 618 1049 650 tori
1073 628 1169 650 causa
1191 617 1294 661 prolis
1308 616 1462 660 conjuges
1480 617 1700 657 conveniunt,
1722 617 1765 648 sic

177 683 348 712 excusatur
372 678 495 717 coitus,
522 681 556 709 ut
582 677 711 721 culpam
736 687 801 709 non
824 675 951 708 habeat.
978 675 1117 714 Quando
1140 685 1218 707 vero
1241 675 1411 707 deticiente
1436 674 1522 706 bono
1547 674 1647 717 prolis
1669 700 1676 714 ,
1703 674 1765 706 tide

177 742 284 770 tamen
296 740 421 768 servata
431 734 631 767 conveniunt
645 745 742 767 causa
757 733 1013 773 incontinentiae,
1024 744 1089 765 non
1105 733 1149 764 sic
1162 743 1279 764 excusa
1286 736 1352 772 tur,
1365 735 1476 763 utnon
1492 731 1608 763 habeat
1622 731 1764 774 culpam,

178 794 232 827 sed
248 793 420 826 venialem.
441 792 531 825 Unde
547 791 755 834 Augustinus
770 797 780 813 2
797 803 803 823 :
827 804 842 821 1(
857 790 1047 834 Conjugalis
1061 790 1255 822 concubitus
1279 789 1456 832 generandi
1471 788 1575 831 gratia
1591 799 1656 820 non
1671 788 1763 820 habt-1

177 852 307 895 culpam
326 864 332 892 3
351 849 617 894 concupiscentiae
641 860 717 882 vero
741 849 913 889 satiandae,
935 849 989 881 sed
1016 852 1122 880 tamen
1147 859 1221 880 611111
1243 847 1381 890 conjuge
1404 851 1536 891 propter
1559 846 1619 878 tori
1646 846 1764 885 fidem,

179 909 338 941 venialem
354 908 449 940 habet
464 907 605 951 culpam.
624 920 639 937 ›)
661 907 740 939 [tem
755 911 764 926 ³
783 919 789 938 :
810 906 879 939 Hoc
893 906 983 950 quod
1009 905 1178 950 conjugati
1194 905 1271 937 victi
1287 903 1546 948 concupiscentia
1566 903 1768 936 0100111110-

179 967 298 1007 vicem,
317 966 403 998 ultra
424 965 644 997 necessitatem
668 965 787 997 liberos
811 964 1020 1007 procreandi,
1038 973 1155 1007 ponam
1172 963 1206 994 in
1225 963 1275 994 his
1294 973 1353 1005 pro
1375 961 1497 1005 quibus
1519 960 1667 1005 quotidie
1690 961 1769 992 dici-

179 1035 251 1056 mus
266 1027 275 1040 '⁴
293 1035 300 1054 2
316 1023 456 1055 Dimitte
470 1022 560 1054 nobis
576 1022 685 1054 debita
702 1028 814 1054 nostra
829 1047 836 1062 ,
854 1026 912 1053 etc.
932 1021 995 1053 Ubi
1011 1025 1120 1052 autem
1138 1020 1205 1053 baec
1226 1020 1311 1052 bona
1331 1020 1464 1060 desunt,
1483 1019 1562 1051 fides
1592 1018 1712 1050 scilicet
1739 1024 1766 1049 61

178 1081 303 1125 1110165,
321 1091 387 1112 0011
412 1080 541 1112 videtur
566 1080 669 1112 coitus
693 1079 823 1111 defendi
839 1078 1019 1111 acrimine.
1042 1078 1135 1110 Unde
1160 1078 1194 1109 in
1219 1077 1420 1109 sententiolis
1445 1076 1536 1108 Sexti
1562 1076 1768 1119 Pythagorici

178 1138 297 1180 legitur
315 1150 322 1169 ι
345 1151 360 1169 (1
375 1137 490 1170 Omnis
511 1137 679 1169 ardentior
705 1140 831 1168 amator
855 1136 996 1180 propriae
1012 1135 1124 1168 uxoris
1139 1135 1268 1167 adulter
1282 1139 1340 1167 est.
1359 1146 1375 1164 »
1393 1134 1481 1166 Idem
1497 1134 1719 1177 Hieronymus
1734 1134 1743 1149 ⁵
1761 1145 1767 1164 z

184 1208 199 1226 «
214 1196 349 1239 Sapiens
361 1195 483 1238 judicio
509 1199 595 1227 amat
610 1194 782 1238 conjugem
800 1220 807 1234 ,
824 1205 890 1225 non
907 1194 1025 1226 affectu
1044 1205 1050 1225 ε
1068 1204 1133 1225 non
1159 1196 1273 1235 regnat
1296 1192 1330 1224 in
1352 1203 1389 1224 eo
1415 1191 1555 1235 impetus
1571 1191 1766 1234 voluptatis,

180 1265 237 1286 nec
252 1264 390 1297 praeceps
404 1253 508 1285 fertur
521 1252 561 1284 ad
576 1252 709 1284 coitum.
728 1251 817 1283 Nihil
842 1255 888 1283 est
908 1251 1039 1292 foedius,
1056 1262 1156 1294 quam
1183 1261 1318 1282 uxorem
1340 1260 1449 1282 amare
1464 1249 1558 1293 quasi
1574 1249 1767 1281 adulteram.

181 1311 244 1350 Qui
262 1311 376 1344 dicunt
391 1322 423 1342 se
438 1322 535 1342 causa
551 1309 690 1341 1111016111
706 1309 835 1351 generis
847 1309 1006 1341 uxoribus
1018 1309 1131 1352 jungi,
1150 1308 1322 1340 imitentur
1335 1307 1448 1339 saltem
1465 1306 1623 1350 pecudcs;
1641 1310 1672 1338 et
1687 1310 1771 1350 post—

181 1380 280 1413 quam
296 1372 409 1400 venter
433 1368 545 1400 uxoris
564 1367 778 1407 intumuerit,
804 1378 870 1398 non
896 1366 1033 1410 perdant
1056 1365 1163 1407 filios,
1183 1376 1241 1397 nec
1265 1369 1424 1397 amatores
1448 1375 1480 1396 se
1506 1364 1664 1396 uxoribus
1685 1364 1772 1396 exhi-

181 1428 295 1467 beant,
312 1425 367 1458 sed
384 1425 527 1457 maritos.
545 1438 561 1456 »
580 1424 671 1457 Idem
689 1430 698 1446 ⁶
718 1437 724 1456 ε
747 1437 761 1454 1(
778 1424 815 1456 ln
829 1424 1037 1456 matrimonio
1058 1434 1156 1467 opera
1176 1423 1355 1455 liberorum
1380 1433 1527 1454 cencessa
1541 1426 1639 1462 sunt;
1658 1422 1772 1465 volup-

182 1488 260 1516 tates
274 1487 401 1523 autem,
416 1494 488 1527 quae
504 1482 542 1514 de
559 1482 767 1514 meretricum
782 1481 988 1525 amplexibus
1003 1481 1197 1524 capiuntur,
1214 1481 1249 1512 in
1265 1490 1365 1512 uxore
1382 1483 1458 1511 sunt
1472 1479 1646 1512 (1601116166.
1664 1492 1680 1509 »

225 1540 288 1573 Sed
304 1540 330 1572 si
348 1539 541 1572 concubitus
557 1539 614 1583 qui
635 1539 673 1571 fit
691 1550 787 1571 66056
809 1538 908 1582 prolis
925 1539 1021 1582 culpa
1042 1542 1145 1578 caret,
1166 1537 1246 1581 quid
1266 1537 1438 1581 Apostolus
1460 1536 1640 1569 secundum
1664 1535 1773 1568 indul-

181 1598 322 1641 gentiam
338 1597 517 1641 permittit‘?
535 1597 582 1629 Ita
596 1596 683 1629 enim
698 1597 743 1629 ait
757 1596 766 1611 ⁷
785 1609 791 1628 2
812 1598 880 1629 Hoc
903 1602 1014 1628 autem
1038 1595 1109 1628 dico
1132 1594 1309 1627 secundum
1333 1593 1589 1639 inclzclqentiam.
1607 1594 1668 1626 Cui
1684 1594 1769 1626 enim

182 1660 354 1700 praestatur
370 1655 481 1695 venia,
498 1655 561 1686 nisi
580 1654 684 1698 culpae
695 1657 709 1686 ‘3
726 1654 788 1687 Per
802 1654 862 1686 hoc
878 1654 975 1686 etiam
990 1653 1125 1697 quidam
1141 1653 1277 1697 probare
1293 1652 1410 1685 volunt
1428 1652 1559 1696 nuptias
1581 1662 1647 1684 esse
1665 1662 1770 1695 pecca-

183 1717 263 1745 tum.
284 1713 347 1745 Sed
359 1738 366 1752 ,
384 1717 420 1744 ut
435 1712 625 1756 praedictum
642 1716 708 1752 est,
725 1711 934 1753 indulgentia
955 1711 1019 1743 alia
1039 1715 1086 1743 est
1106 1710 1338 1751 concessionis,
1357 1710 1421 1742 alia
1445 1709 1676 1753 permissionis.
1694 1708 1775 1751 Ege—

184 1776 232 1803 rat
246 1770 421 1814 Apostolus
436 1770 474 1802 de
490 1770 614 1814 nuptiis
627 1795 634 1809 ‚
652 1769 734 1801 etde
749 1769 874 1801 carnali
897 1769 985 1801 coitu
999 1795 1006 1809 ,
1023 1773 1054 1800 et
1071 1769 1111 1801 ad
1128 1773 1307 1811 utrumque
1323 1767 1435 1800 retulit
1451 1766 1536 1799 illud
1555 1779 1561 1798 :
1579 1768 1648 1799 Hoc
1663 1772 1775 1798 autem

182 1828 254 1861 dico
278 1827 454 1861 secundum
480 1827 737 1871 indulqentz'am.
764 1827 983 1869 lndulgentur
1007 1827 1095 1858 enim
1119 1826 1242 1869 nuptiae
1266 1825 1446 1857 secuudum
1466 1824 1726 1865 concessionem,
1745 1828 1776 1856 et

182 1886 373 1919 concubitus
388 1885 560 1928 nuptialis,
578 1884 635 1928 qui
648 1884 686 1916 fit
702 1888 828 1916 tantum
845 1895 942 1916 causa
959 1884 1071 1927 prolis.
1090 1883 1290 1915 Concubitus
1306 1894 1383 1914 vero
1398 1882 1456 1926 qui
1473 1886 1520 1914 est
1535 1886 1652 1926 praeter
1669 1892 1776 1914 neces-

186 1945 311 1977 sitatem
326 1943 503 1986 generandi
523 1942 564 1974 ob
578 1941 867 1982 incontinentiam,
885 1941 1077 1984 indulgetur
1095 1941 1275 1973 secundum
1292 1940 1537 1984 permissionem
1550 1965 1558 1980 ,
1575 1939 1655 1983 quia
1670 1939 1715 1971 ibi
1730 1943 1776 1971 est

184 2002 294 2046 aliqua
308 2001 404 2045 culpa
415 2027 423 2042 ,
438 2000 492 2033 sed
508 2000 588 2032 levis
602 2013 609 2040 3
628 1999 767 2043 ideoque
784 2011 848 2031 non
861 1999 1010 2043 jubetur,
1026 2010 1084 2031 nec
1100 1998 1300 2039 conceditur,
1318 1998 1371 2030 sed
1388 1997 1598 2041 permittitur,
1615 1996 1694 2040 quia
1709 2008 1774 2029 nou

184 2064 231 2092 est
244 2058 434 2099 laudabilis,
452 2058 505 2090 sed
522 2057 670 2091 venialis.
692 2057 734 2088 De
750 2056 809 2089 hoc
825 2057 1029 2099 Augustinus
1041 2057 1085 2089 sic
1101 2056 1166 2088 611Β
1181 2068 1187 2087 :
1204 2055 1324 2088 «Forte
1340 2055 1460 2099 aliquis
1475 2055 1559 2087 dicet
1574 2067 1580 2087 :
1594 2054 1629 2086 Si
1645 2054 1773 2087 veniam

184 2105 337 2150 concessit
352 2115 528 2160 Apostolus
540 2141 547 2155 ,
565 2126 642 2158 ergo
664 2119 830 2158 peccatum
852 2119 928 2147 sunt
943 2114 1079 2158 nuptiae.
1097 2114 1157 2146 Cui
1173 2113 1260 2145 enim
1276 2113 1388 2153 venia,
1407 2112 1470 2145 nisi
1486 2115 1613 2156 peccato
1629 2112 1776 2144 concedi-

185 2177 258 2207 tur?
273 2173 372 2206 Plane
387 2173 474 2217 quod
496 2172 680 2205 infirmitati
706 2172 851 2216 permisit
875 2172 1055 2204 secundum
1077 2171 1207 2204 veniam
1220 2197 1227 2211 ‚
1246 2170 1349 2203 audeo
1369 2170 1475 2202 dicere
1499 2174 1666 2214 peccatum
1683 2180 1749 2201 esse
1768 2181 1774 2200 :

185 2232 313 2265 veniam
328 2242 470 2275 namque
485 2230 663 2263 concedens
678 2230 874 2274 Apostolus,
896 2229 1107 2262 concubitum
1128 2228 1265 2261 attendit
1287 2227 1557 2271 conjugatorum,
1576 2227 1633 2260 ubi
1657 2231 1704 2259 est
1728 2226 1777 2258 in-

185 2290 390 2322 continentiae
411 2289 547 2321 malum.
574 2287 822 2320 Incontinentiae
846 2287 971 2320 malum
987 2291 1051 2327 est,
1070 2286 1158 2330 quod
1174 2286 1225 2318 vir
1238 2285 1402 2328 cognoscit
1425 2296 1559 2317 uxorem
1577 2285 1674 2316 etiam
1691 2284 1778 2316 ultra

186 2348 406 2381 necessitatem
419 2346 609 2390 procreandi
623 2346 760 2387 liberos;
775 2345 829 2377 sed
846 2349 876 2377 et
893 2345 937 2377 ibi
953 2349 998 2377 cst
1014 2343 1207 2387 nuptiarum
1224 2343 1360 2376 bonum.
1380 2342 1452 2374 Non
1467 2342 1556 2374 enim
1571 2342 1649 2385 quia
1664 2342 1776 2374 incon-

188 2405 323 2437 tinentia
338 2405 462 2437 malum
471 2409 529 2444 est,
541 2403 613 2436 ideo
622 2404 692 2447 conj
700 2403 826 2446 ugium.
841 2403 904 2435 Ubi
917 2406 963 2435 est
979 2401 1172 2434 concubitus
1182 2405 1298 2444 [1161161-
1312 2400 1525 2433 intentionem
1538 2399 1773 2442 generationis,

189 2473 254 2494 non
268 2467 315 2494 est
328 2462 452 2495 bonum
470 2474 477 2493 :
495 2473 561 2494 non
576 2465 707 2505 propter
729 2460 812 2493 illud
829 2460 954 2492 malum
973 2458 1136 2503 culpabile
1156 2462 1202 2491 cst
1224 2458 1283 2491 hoc
1306 2458 1450 2498 bonum;
1468 2457 1521 2490 sed
1544 2456 1626 2489 illud
1652 2456 1776 2489 malum

221 2574 228 2590 ¹
242 2573 356 2597 Hieron..
371 2572 405 2596 ad
417 2573 517 2603 Alyas„
532 2572 612 2603 Epist.
628 2578 680 2603 cLI,
695 2579 719 2603 q.
733 2577 768 2596 ιν.
783 2584 813 2589 -
828 2572 836 2585 ²
853 2573 929 2603 Aug„
943 2571 973 2595 ‹lc›
991 2571 1105 2594 Utz‘lz'tate
1124 2570 1225 2601 ayendoe
1244 2570 1412 2599 Poem’tentioe,
1427 2569 1499 2593 hom.
1515 2575 1538 2598 1,,
1554 2568 1585 2592 al.
1601 2574 1678 2590 serm.
1694 2571 1776 2595 eccm,

189 2616 214 2632 n.
231 2610 254 2631 ὅ.
269 2621 299 2625 -
313 2608 323 2624 ⁸
343 2607 389 2637 td„
405 2607 436 2631 de
455 2608 514 2631 Bon.
536 2607 652 2637 Conjuq„
671 2614 692 2631 c.
710 2613 735 2631 Vl
755 2609 779 2631 et
794 2613 842 2637 v113
864 2607 892 2631 cla
909 2607 985 2637 Νιιμὶ.
1005 2608 1027 2629 et
1051 2607 1166 2637 Concup„
1182 2606 1225 2629 lib.
1243 2606 1265 2636 l,
1287 2612 1309 2629 c.
1330 2610 1376 2635 xv3
1398 2605 1474 2635 Hug.,
1492 2605 1521 2628 lV
1538 2604 1645 2627 Sentent.
1662 2609 1684 2625 c.
1700 2607 1735 2625 Ν.
1747 2613 1778 2618 ——

189 2644 198 2658 ⁴
211 2643 312 2673 Mami„
327 2649 363 2672 vi,
381 2643 448 2666 12.—
464 2644 474 2659 ⁵
489 2643 602 2672 Hieron„
617 2644 681 2665 contv
696 2643 830 2671 lovinium,
845 2643 886 2666 lib.
906 2643 924 2670 l,
937 2644 962 2665 et
976 2642 1085 2666 habetur
1098 2648 1166 2665 caus.
1183 2646 1267 2670 xxxn,
1283 2648 1308 2671 q.
1325 2646 1360 2670 ιν,
1378 2647 1400 2663 c.
1418 2640 1493 2669 Oriqo
1505 2638 1612 2669 quidam.
1629 2636 1724 2661 ibidem
1739 2637 1778 2660 est

190 2679 314 2704 sententia
329 2677 447 2703 Sexti.-—
461 2678 469 2691 ὃ
483 2677 557 2708 thid„
572 2685 593 2701 c.
610 2677 762 2702 Liberorum.
773 2691 803 2696 —
817 2677 824 2693 7
845 2679 850 2701 t
866 2678 933 2709 Corn,
949 2683 994 2707 vu,
1010 2679 1033 2701 6.
1044 2690 1074 2695 -
1088 2677 1099 2693 ⁴³
1113 2677 1187 2707 Aug„
1201 2676 1230 2699 de
1249 2675 1333 2699 Verbis
1348 2674 1470 2706 Apostoli.

1782 569 1811 588 Dc
1822 573 1884 588 excu-

1789 598 1870 619 satione

1793 629 1867 653 coitus,

1793 667 1840 686 quse
1850 660 1874 680 fit

1782 698 1819 718 per
1839 692 1884 711 haec

1802 722 1865 741 bona>

1789 1545 1818 1565 De
1826 1545 1894 1565 indul-

1804 1576 1873 1603 genua

1789 1607 1894 1634 Apostoli,

1788 1641 1894 1667 quomodo

1789 1674 1816 1693 sit
1842 1672 1895 1692 acci-

1799 1704 1884 1732 pienda.
