<?xml version="1.0" encoding="UTF-8"?>
<!DOCTYPE html PUBLIC "-//W3C//DTD XHTML 1.0 Transitional//EN"
    "http://www.w3.org/TR/xhtml1/DTD/xhtml1-transitional.dtd">
<html xmlns="http://www.w3.org/1999/xhtml" xml:lang="en" lang="en">
 <head>
  <title>
</title>
<meta http-equiv="Content-Type" content="text/html;charset=utf-8" />
  <meta name='ocr-system' content='tesseract 3.04.00' />
  <meta name='ocr-capabilities' content='ocr_page ocr_carea ocr_par ocr_line ocrx_word'/>
</head>
<body>
  <div class='ocr_page' id='page_1' title='image "./operaomniasixtiv06bonauoft/operaomniasixtiv06bonauoft_0530.png"; bbox 0 0 1871 2986; ppageno 0'>
   <div class='ocr_carea' id='block_1_1' title="bbox 49 573 156 778">
    <p class='ocr_par' dir='ltr' id='par_1_1' title="bbox 49 573 156 778">
     <span class='ocr_line' id='line_1_1' title="bbox 58 573 139 594; baseline -0.025 -1"><span class='ocrx_word' id='word_1_1' title='bbox 58 573 87 594; x_wconf 82' lang='lat' dir='ltr'>De</span> <span class='ocrx_word' id='word_1_2' title='bbox 98 575 139 592; x_wconf 67' lang='lat' dir='ltr'>na&lt;</span> 
     </span>
     <span class='ocr_line' id='line_1_2' title="bbox 49 606 151 624; baseline -0.02 -1"><span class='ocrx_word' id='word_1_3' title='bbox 49 609 69 624; x_wconf 85' lang='lat' dir='ltr'>tu</span> <span class='ocrx_word' id='word_1_4' title='bbox 78 606 98 623; x_wconf 81' lang='lat' dir='ltr'>ct</span> <span class='ocrx_word' id='word_1_5' title='bbox 106 610 151 622; x_wconf 56' lang='grc' dir='ltr'>(ων</span> 
     </span>
     <span class='ocr_line' id='line_1_3' title="bbox 58 635 136 656; baseline -0.051 0"><span class='ocrx_word' id='word_1_6' title='bbox 58 635 136 656; x_wconf 61' lang='lat' dir='ltr'>ditione</span> 
     </span>
     <span class='ocr_line' id='line_1_4' title="bbox 53 665 153 684; baseline -0.01 0"><span class='ocrx_word' id='word_1_7' title='bbox 53 665 153 684; x_wconf 73' lang='lat' dir='ltr'>hon-irum</span> 
     </span>
     <span class='ocr_line' id='line_1_5' title="bbox 64 695 143 715; baseline -0.013 0"><span class='ocrx_word' id='word_1_8' title='bbox 64 695 143 715; x_wconf 73' lang='lat' dir='ltr'>auima-</span> 
     </span>
     <span class='ocr_line' id='line_1_6' title="bbox 54 728 156 753; baseline -0.01 -7"><span class='ocrx_word' id='word_1_9' title='bbox 54 733 99 746; x_wconf 85' lang='lat' dir='ltr'>rum</span> <span class='ocrx_word' id='word_1_10' title='bbox 110 728 156 753; x_wconf 83' lang='lat' dir='ltr'>post</span> 
     </span>
     <span class='ocr_line' id='line_1_7' title="bbox 54 760 150 778; baseline -0.01 0"><span class='ocrx_word' id='word_1_11' title='bbox 54 760 150 778; x_wconf 77' lang='lat' dir='ltr'>mortem.</span> 
     </span>
    </p>
   </div>
   <div class='ocr_carea' id='block_1_2' title="bbox 59 1088 166 1203">
    <p class='ocr_par' dir='ltr' id='par_1_2' title="bbox 59 1088 166 1203">
     <span class='ocr_line' id='line_1_8' title="bbox 73 1088 154 1109; baseline -0.012 0"><span class='ocrx_word' id='word_1_12' title='bbox 73 1089 102 1109; x_wconf 82' lang='lat' dir='ltr'>De</span> <span class='ocrx_word' id='word_1_13' title='bbox 113 1088 154 1109; x_wconf 67' lang='lat' dir='ltr'>sus&lt;</span> 
     </span>
     <span class='ocr_line' id='line_1_9' title="bbox 73 1119 145 1145; baseline 0 -6"><span class='ocrx_word' id='word_1_14' title='bbox 73 1119 145 1145; x_wconf 75' lang='lat' dir='ltr'>fragiis</span> 
     </span>
     <span class='ocr_line' id='line_1_10' title="bbox 59 1151 166 1171; baseline -0.009 0"><span class='ocrx_word' id='word_1_15' title='bbox 59 1151 166 1171; x_wconf 77' lang='lat' dir='ltr'>defuncto-</span> 
     </span>
     <span class='ocr_line' id='line_1_11' title="bbox 86 1189 138 1203; baseline -0.038 0"><span class='ocrx_word' id='word_1_16' title='bbox 86 1189 138 1203; x_wconf 79' lang='lat' dir='ltr'>rum.</span> 
     </span>
    </p>
   </div>
   <div class='ocr_carea' id='block_1_3' title="bbox 171 190 1205 228">
    <p class='ocr_par' dir='ltr' id='par_1_3' title="bbox 171 190 1205 228">
     <span class='ocr_line' id='line_1_12' title="bbox 171 190 1205 228; baseline -0.007 -1"><span class='ocrx_word' id='word_1_17' title='bbox 171 201 227 228; x_wconf 70' lang='lat'>504</span> <span class='ocrx_word' id='word_1_18' title='bbox 727 191 1035 224; x_wconf 72' lang='lat' dir='ltr'>SENTENTIARUM</span> <span class='ocrx_word' id='word_1_19' title='bbox 1061 191 1132 221; x_wconf 77' lang='grc' dir='ltr'>ΗΒ.</span> <span class='ocrx_word' id='word_1_20' title='bbox 1158 190 1205 221; x_wconf 80' lang='lat' dir='ltr'>tv.</span> 
     </span>
    </p>
   </div>
   <div class='ocr_carea' id='block_1_4' title="bbox 668 339 1269 386">
    <p class='ocr_par' dir='ltr' id='par_1_4' title="bbox 668 339 1269 386">
     <span class='ocr_line' id='line_1_13' title="bbox 668 339 1269 386; baseline -0.005 0"><span class='ocrx_word' id='word_1_21' title='bbox 668 339 1085 386; x_wconf 87' lang='lat' dir='ltr'><strong>DISTINCTIO</strong></span> <span class='ocrx_word' id='word_1_22' title='bbox 1138 339 1269 384; x_wconf 90' lang='lat' dir='ltr'>XLV</span> 
     </span>
    </p>
   </div>
   <div class='ocr_carea' id='block_1_5' title="bbox 350 456 1573 484">
    <p class='ocr_par' dir='ltr' id='par_1_5' title="bbox 350 456 1573 484">
     <span class='ocr_line' id='line_1_14' title="bbox 350 456 1573 484; baseline -0.007 0"><span class='ocrx_word' id='word_1_23' title='bbox 350 463 386 484; x_wconf 76' lang='lat' dir='ltr'>DE</span> <span class='ocrx_word' id='word_1_24' title='bbox 411 461 545 483; x_wconf 80' lang='lat' dir='ltr'>DIVERSIS</span> <span class='ocrx_word' id='word_1_25' title='bbox 570 460 725 482; x_wconf 73' lang='lat' dir='ltr'>ANlmAnUM</span> <span class='ocrx_word' id='word_1_26' title='bbox 751 457 968 479; x_wconf 66' lang='lat' dir='ltr'>RECEPTACULIS</span> <span class='ocrx_word' id='word_1_27' title='bbox 992 458 997 477; x_wconf 79' lang='grc' dir='ltr'><strong><em>Ζ</em></strong></span> <span class='ocrx_word' id='word_1_28' title='bbox 1027 457 1061 478; x_wconf 82' lang='grc' dir='ltr'>ΕΤ</span> <span class='ocrx_word' id='word_1_29' title='bbox 1087 457 1123 477; x_wconf 82' lang='lat' dir='ltr'>DE</span> <span class='ocrx_word' id='word_1_30' title='bbox 1147 456 1318 478; x_wconf 73' lang='lat' dir='ltr'>sul-&#39;FRAGHS</span> <span class='ocrx_word' id='word_1_31' title='bbox 1344 456 1573 478; x_wconf 66' lang='lat' dir='ltr'>DEFUNCTORL&#39;M.</span> 
     </span>
    </p>
   </div>
   <div class='ocr_carea' id='block_1_6' title="bbox 169 546 1788 2490">
    <p class='ocr_par' dir='ltr' id='par_1_6' title="bbox 169 546 1770 1048">
     <span class='ocr_line' id='line_1_15' title="bbox 213 546 1760 596; baseline -0.005 -8"><span class='ocrx_word' id='word_1_32' title='bbox 213 556 373 588; x_wconf 78' lang='lat' dir='ltr'>Praeterea</span> <span class='ocrx_word' id='word_1_33' title='bbox 386 552 554 586; x_wconf 82' lang='lat' dir='ltr'>sciendum</span> <span class='ocrx_word' id='word_1_34' title='bbox 570 556 616 584; x_wconf 79' lang='lat' dir='ltr'>est</span> <span class='ocrx_word' id='word_1_35' title='bbox 635 551 720 596; x_wconf 88' lang='lat' dir='ltr'>quod</span> <span class='ocrx_word' id='word_1_36' title='bbox 737 561 849 582; x_wconf 77' lang='lat' dir='ltr'>omnes</span> <span class='ocrx_word' id='word_1_37' title='bbox 868 549 1002 589; x_wconf 81' lang='lat' dir='ltr'>auimae,</span> <span class='ocrx_word' id='word_1_38' title='bbox 1024 553 1058 581; x_wconf 89' lang='lat' dir='ltr'>ut</span> <span class='ocrx_word' id='word_1_39' title='bbox 1073 549 1116 581; x_wconf 81' lang='lat' dir='ltr'>ait</span> <span class='ocrx_word' id='word_1_40' title='bbox 1135 548 1342 590; x_wconf 75' lang='lat' dir='ltr'>Augustinus</span> <span class='ocrx_word' id='word_1_41' title='bbox 1357 548 1379 589; x_wconf 84' lang='lat'>¹,</span> <span class='ocrx_word' id='word_1_42' title='bbox 1395 561 1409 579; x_wconf 81' lang='grc' dir='ltr'>α</span> <span class='ocrx_word' id='word_1_43' title='bbox 1422 558 1496 580; x_wconf 88' lang='lat' dir='ltr'>cum</span> <span class='ocrx_word' id='word_1_44' title='bbox 1512 547 1550 580; x_wconf 89' lang='lat' dir='ltr'>de</span> <span class='ocrx_word' id='word_1_45' title='bbox 1567 546 1627 579; x_wconf 78' lang='lat' dir='ltr'>hoc</span> <span class='ocrx_word' id='word_1_46' title='bbox 1640 546 1760 580; x_wconf 78' lang='lat' dir='ltr'>saeculo</span> 
     </span>
     <span class='ocr_line' id='line_1_16' title="bbox 169 603 1760 652; baseline -0.005 -7"><span class='ocrx_word' id='word_1_47' title='bbox 169 613 318 651; x_wconf 83' lang='lat' dir='ltr'>exierint,</span> <span class='ocrx_word' id='word_1_48' title='bbox 335 611 477 643; x_wconf 86' lang='lat' dir='ltr'>diversas</span> <span class='ocrx_word' id='word_1_49' title='bbox 492 610 612 642; x_wconf 88' lang='lat' dir='ltr'>habent</span> <span class='ocrx_word' id='word_1_50' title='bbox 630 608 826 652; x_wconf 67' lang='lat' dir='ltr'>receptiones</span> <span class='ocrx_word' id='word_1_51' title='bbox 847 619 852 638; x_wconf 76' lang='grc' dir='ltr'>ε</span> <span class='ocrx_word' id='word_1_52' title='bbox 871 607 964 639; x_wconf 74' lang='lat' dir='ltr'>bonae</span> <span class='ocrx_word' id='word_1_53' title='bbox 979 606 1097 638; x_wconf 84' lang='lat' dir='ltr'>habeut</span> <span class='ocrx_word' id='word_1_54' title='bbox 1114 605 1287 647; x_wconf 78' lang='lat' dir='ltr'>gaudium,</span> <span class='ocrx_word' id='word_1_55' title='bbox 1305 605 1398 638; x_wconf 84' lang='lat' dir='ltr'>malae</span> <span class='ocrx_word' id='word_1_56' title='bbox 1412 616 1488 637; x_wconf 85' lang='lat' dir='ltr'>vero</span> <span class='ocrx_word' id='word_1_57' title='bbox 1505 607 1676 636; x_wconf 86' lang='lat' dir='ltr'>tormenta.</span> <span class='ocrx_word' id='word_1_58' title='bbox 1697 603 1760 637; x_wconf 85' lang='lat' dir='ltr'>Sed</span> 
     </span>
     <span class='ocr_line' id='line_1_17' title="bbox 170 663 1762 707; baseline -0.005 -4"><span class='ocrx_word' id='word_1_59' title='bbox 170 681 245 703; x_wconf 88' lang='lat' dir='ltr'>cum</span> <span class='ocrx_word' id='word_1_60' title='bbox 262 669 345 702; x_wconf 85' lang='lat' dir='ltr'>facta</span> <span class='ocrx_word' id='word_1_61' title='bbox 360 668 458 701; x_wconf 84' lang='lat' dir='ltr'>fuerit</span> <span class='ocrx_word' id='word_1_62' title='bbox 473 667 666 700; x_wconf 85' lang='lat' dir='ltr'>resurrectio</span> <span class='ocrx_word' id='word_1_63' title='bbox 681 692 688 706; x_wconf 94' lang='lat'>,</span> <span class='ocrx_word' id='word_1_64' title='bbox 706 669 734 697; x_wconf 87' lang='lat' dir='ltr'>et</span> <span class='ocrx_word' id='word_1_65' title='bbox 750 665 912 697; x_wconf 85' lang='lat' dir='ltr'>bonorum</span> <span class='ocrx_word' id='word_1_66' title='bbox 932 664 1090 705; x_wconf 73' lang='lat' dir='ltr'>gaudium</span> <span class='ocrx_word' id='word_1_67' title='bbox 1118 664 1259 707; x_wconf 85' lang='lat' dir='ltr'>amplius</span> <span class='ocrx_word' id='word_1_68' title='bbox 1275 663 1355 703; x_wconf 86' lang='lat' dir='ltr'>erit,</span> <span class='ocrx_word' id='word_1_69' title='bbox 1373 668 1404 695; x_wconf 85' lang='lat' dir='ltr'>et</span> <span class='ocrx_word' id='word_1_70' title='bbox 1422 663 1583 695; x_wconf 87' lang='lat' dir='ltr'>malorum</span> <span class='ocrx_word' id='word_1_71' title='bbox 1602 666 1762 695; x_wconf 83' lang='lat' dir='ltr'>tormenta</span> 
     </span>
     <span class='ocr_line' id='line_1_18' title="bbox 171 721 1763 771; baseline -0.004 -11"><span class='ocrx_word' id='word_1_72' title='bbox 171 728 323 771; x_wconf 82' lang='lat' dir='ltr'>graviora</span> <span class='ocrx_word' id='word_1_73' title='bbox 338 752 344 766; x_wconf 89' lang='lat'>,</span> <span class='ocrx_word' id='word_1_74' title='bbox 361 725 492 770; x_wconf 84' lang='lat' dir='ltr'>quando</span> <span class='ocrx_word' id='word_1_75' title='bbox 507 736 581 756; x_wconf 85' lang='lat' dir='ltr'>cum</span> <span class='ocrx_word' id='word_1_76' title='bbox 597 734 730 767; x_wconf 70' lang='lat' dir='ltr'>corpore</span> <span class='ocrx_word' id='word_1_77' title='bbox 747 722 998 766; x_wconf 84' lang='lat' dir='ltr'>torquebuntur.</span> <span class='ocrx_word' id='word_1_78' title='bbox 1018 735 1033 751; x_wconf 71' lang='lat' dir='ltr'>n</span> <span class='ocrx_word' id='word_1_79' title='bbox 1054 721 1098 753; x_wconf 83' lang='lat' dir='ltr'>Ex</span> <span class='ocrx_word' id='word_1_80' title='bbox 1117 721 1165 753; x_wconf 83' lang='lat' dir='ltr'>his</span> <span class='ocrx_word' id='word_1_81' title='bbox 1179 721 1361 753; x_wconf 72' lang='lat' dir='ltr'>ostenditur</span> <span class='ocrx_word' id='word_1_82' title='bbox 1376 721 1463 765; x_wconf 88' lang='lat' dir='ltr'>quod</span> <span class='ocrx_word' id='word_1_83' title='bbox 1480 723 1584 765; x_wconf 85' lang='lat' dir='ltr'>majus</span> <span class='ocrx_word' id='word_1_84' title='bbox 1599 722 1661 755; x_wconf 87' lang='lat' dir='ltr'>erit</span> <span class='ocrx_word' id='word_1_85' title='bbox 1674 733 1763 765; x_wconf 84' lang='lat' dir='ltr'>gau-</span> 
     </span>
     <span class='ocr_line' id='line_1_19' title="bbox 173 778 1764 824; baseline -0.004 -6"><span class='ocrx_word' id='word_1_86' title='bbox 173 786 265 818; x_wconf 86' lang='lat' dir='ltr'>dium</span> <span class='ocrx_word' id='word_1_87' title='bbox 281 788 465 817; x_wconf 87' lang='lat' dir='ltr'>sanctorum</span> <span class='ocrx_word' id='word_1_88' title='bbox 485 782 517 814; x_wconf 89' lang='lat' dir='ltr'>in</span> <span class='ocrx_word' id='word_1_89' title='bbox 532 781 767 813; x_wconf 85' lang='lat' dir='ltr'>resurrectione</span> <span class='ocrx_word' id='word_1_90' title='bbox 782 784 812 812; x_wconf 88' lang='lat' dir='ltr'>et</span> <span class='ocrx_word' id='word_1_91' title='bbox 829 783 915 822; x_wconf 87' lang='lat' dir='ltr'>post,</span> <span class='ocrx_word' id='word_1_92' title='bbox 934 790 1035 822; x_wconf 83' lang='lat' dir='ltr'>quam</span> <span class='ocrx_word' id='word_1_93' title='bbox 1051 778 1149 810; x_wconf 86' lang='lat' dir='ltr'>fuerit</span> <span class='ocrx_word' id='word_1_94' title='bbox 1163 782 1254 817; x_wconf 67' lang='lat' dir='ltr'>anto,</span> <span class='ocrx_word' id='word_1_95' title='bbox 1272 782 1303 810; x_wconf 84' lang='lat' dir='ltr'>ot</span> <span class='ocrx_word' id='word_1_96' title='bbox 1317 779 1404 822; x_wconf 85' lang='lat' dir='ltr'>quod</span> <span class='ocrx_word' id='word_1_97' title='bbox 1419 779 1546 812; x_wconf 86' lang='lat' dir='ltr'>diversa</span> <span class='ocrx_word' id='word_1_98' title='bbox 1562 779 1764 824; x_wconf 83' lang='lat' dir='ltr'>receptacula</span> 
     </span>
     <span class='ocr_line' id='line_1_20' title="bbox 176 835 1767 881; baseline -0.004 -6"><span class='ocrx_word' id='word_1_99' title='bbox 176 842 343 875; x_wconf 82' lang='lat' dir='ltr'>habebunt</span> <span class='ocrx_word' id='word_1_100' title='bbox 359 840 476 873; x_wconf 82' lang='lat' dir='ltr'>animae</span> <span class='ocrx_word' id='word_1_101' title='bbox 498 843 699 871; x_wconf 79' lang='lat' dir='ltr'>sanctorum.</span> <span class='ocrx_word' id='word_1_102' title='bbox 718 837 764 869; x_wconf 68' lang='lat' dir='ltr'>De</span> <span class='ocrx_word' id='word_1_103' title='bbox 789 837 912 881; x_wconf 84' lang='lat' dir='ltr'>quibus</span> <span class='ocrx_word' id='word_1_104' title='bbox 927 836 1010 868; x_wconf 77' lang='lat' dir='ltr'>idem</span> <span class='ocrx_word' id='word_1_105' title='bbox 1029 835 1235 877; x_wconf 75' lang='lat' dir='ltr'>Augustinus</span> <span class='ocrx_word' id='word_1_106' title='bbox 1249 835 1294 867; x_wconf 87' lang='lat' dir='ltr'>ait</span> <span class='ocrx_word' id='word_1_107' title='bbox 1309 837 1317 851; x_wconf 72' lang='lat'>²</span> <span class='ocrx_word' id='word_1_108' title='bbox 1335 848 1340 866; x_wconf 92' lang='lat'>:</span> <span class='ocrx_word' id='word_1_109' title='bbox 1364 850 1379 867; x_wconf 65' lang='grc' dir='ltr'>α</span> <span class='ocrx_word' id='word_1_110' title='bbox 1394 836 1538 880; x_wconf 73' lang='lat' dir='ltr'>Tempus</span> <span class='ocrx_word' id='word_1_111' title='bbox 1551 863 1558 877; x_wconf 93' lang='lat'>,</span> <span class='ocrx_word' id='word_1_112' title='bbox 1577 836 1665 881; x_wconf 89' lang='lat' dir='ltr'>quod</span> <span class='ocrx_word' id='word_1_113' title='bbox 1681 836 1767 868; x_wconf 88' lang='lat' dir='ltr'>inter</span> 
     </span>
     <span class='ocr_line' id='line_1_21' title="bbox 176 893 1769 938; baseline -0.004 -5"><span class='ocrx_word' id='word_1_114' title='bbox 176 899 318 933; x_wconf 88' lang='lat' dir='ltr'>hominis</span> <span class='ocrx_word' id='word_1_115' title='bbox 329 901 477 938; x_wconf 89' lang='lat' dir='ltr'>mortem,</span> <span class='ocrx_word' id='word_1_116' title='bbox 489 901 519 929; x_wconf 86' lang='lat' dir='ltr'>et</span> <span class='ocrx_word' id='word_1_117' title='bbox 532 896 681 928; x_wconf 78' lang='lat' dir='ltr'>ultimum</span> <span class='ocrx_word' id='word_1_118' title='bbox 694 894 964 927; x_wconf 74' lang='lat' dir='ltr'>resurrectionem</span> <span class='ocrx_word' id='word_1_119' title='bbox 979 893 1207 937; x_wconf 82' lang='lat' dir='ltr'>interpositum</span> <span class='ocrx_word' id='word_1_120' title='bbox 1219 897 1277 933; x_wconf 82' lang='lat' dir='ltr'>est,</span> <span class='ocrx_word' id='word_1_121' title='bbox 1291 893 1415 925; x_wconf 85' lang='lat' dir='ltr'>animas</span> <span class='ocrx_word' id='word_1_122' title='bbox 1429 893 1546 926; x_wconf 82' lang='lat' dir='ltr'>abditis</span> <span class='ocrx_word' id='word_1_123' title='bbox 1557 893 1769 938; x_wconf 78' lang='lat' dir='ltr'>receptaculis</span> 
     </span>
     <span class='ocr_line' id='line_1_22' title="bbox 178 951 1770 998; baseline -0.004 -8"><span class='ocrx_word' id='word_1_124' title='bbox 178 957 338 997; x_wconf 81' lang='lat' dir='ltr'>continet,</span> <span class='ocrx_word' id='word_1_125' title='bbox 354 955 437 987; x_wconf 87' lang='lat' dir='ltr'>sicut</span> <span class='ocrx_word' id='word_1_126' title='bbox 451 964 659 998; x_wconf 60' lang='lat' dir='ltr'>unaquaeque</span> <span class='ocrx_word' id='word_1_127' title='bbox 676 952 776 994; x_wconf 76' lang='lat' dir='ltr'>digna</span> <span class='ocrx_word' id='word_1_128' title='bbox 791 956 835 983; x_wconf 84' lang='lat' dir='ltr'>est</span> <span class='ocrx_word' id='word_1_129' title='bbox 853 951 903 983; x_wconf 89' lang='lat' dir='ltr'>vel</span> <span class='ocrx_word' id='word_1_130' title='bbox 921 951 1050 995; x_wconf 77' lang='lat' dir='ltr'>requie,</span> <span class='ocrx_word' id='word_1_131' title='bbox 1069 951 1118 983; x_wconf 82' lang='lat' dir='ltr'>vel</span> <span class='ocrx_word' id='word_1_132' title='bbox 1134 961 1290 989; x_wconf 76' lang='lat' dir='ltr'>oerunina,</span> <span class='ocrx_word' id='word_1_133' title='bbox 1311 962 1368 994; x_wconf 86' lang='lat' dir='ltr'>pro</span> <span class='ocrx_word' id='word_1_134' title='bbox 1389 962 1425 983; x_wconf 76' lang='lat' dir='ltr'>oo</span> <span class='ocrx_word' id='word_1_135' title='bbox 1439 951 1527 995; x_wconf 88' lang='lat' dir='ltr'>quod</span> <span class='ocrx_word' id='word_1_136' title='bbox 1543 951 1657 984; x_wconf 87' lang='lat' dir='ltr'>sortita</span> <span class='ocrx_word' id='word_1_137' title='bbox 1672 955 1720 983; x_wconf 86' lang='lat' dir='ltr'>est</span> <span class='ocrx_word' id='word_1_138' title='bbox 1735 951 1770 984; x_wconf 90' lang='lat' dir='ltr'>in</span> 
     </span>
     <span class='ocr_line' id='line_1_23' title="bbox 177 1012 553 1048; baseline -0.021 0"><span class='ocrx_word' id='word_1_139' title='bbox 177 1025 272 1048; x_wconf 86' lang='lat' dir='ltr'>carne</span> <span class='ocrx_word' id='word_1_140' title='bbox 287 1014 366 1046; x_wconf 89' lang='lat' dir='ltr'>dum</span> <span class='ocrx_word' id='word_1_141' title='bbox 380 1012 516 1044; x_wconf 85' lang='lat' dir='ltr'>viveret.</span> <span class='ocrx_word' id='word_1_142' title='bbox 537 1024 553 1040; x_wconf 62' lang='lat' dir='ltr'>n</span> 
     </span>
    </p>

    <p class='ocr_par' dir='ltr' id='par_1_7' title="bbox 178 1066 1788 2490">
     <span class='ocr_line' id='line_1_24' title="bbox 227 1066 1769 1114; baseline -0.001 -12"><span class='ocrx_word' id='word_1_143' title='bbox 227 1071 371 1114; x_wconf 87' lang='lat' dir='ltr'>«Neque</span> <span class='ocrx_word' id='word_1_144' title='bbox 392 1068 578 1111; x_wconf 81' lang='lat' dir='ltr'>negandum</span> <span class='ocrx_word' id='word_1_145' title='bbox 603 1072 671 1108; x_wconf 88' lang='lat' dir='ltr'>est,</span> <span class='ocrx_word' id='word_1_146' title='bbox 698 1072 734 1100; x_wconf 91' lang='lat' dir='ltr'>ut</span> <span class='ocrx_word' id='word_1_147' title='bbox 758 1068 802 1099; x_wconf 82' lang='lat' dir='ltr'>ait</span> <span class='ocrx_word' id='word_1_148' title='bbox 824 1067 1030 1109; x_wconf 74' lang='lat' dir='ltr'>Augustinus</span> <span class='ocrx_word' id='word_1_149' title='bbox 1045 1070 1066 1107; x_wconf 78' lang='lat'>³,</span> <span class='ocrx_word' id='word_1_150' title='bbox 1088 1066 1317 1098; x_wconf 81' lang='lat' dir='ltr'>defunctorum</span> <span class='ocrx_word' id='word_1_151' title='bbox 1341 1067 1467 1099; x_wconf 79' lang='lat' dir='ltr'>animas</span> <span class='ocrx_word' id='word_1_152' title='bbox 1492 1067 1608 1110; x_wconf 83' lang='lat' dir='ltr'>pietate</span> <span class='ocrx_word' id='word_1_153' title='bbox 1633 1078 1769 1100; x_wconf 89' lang='lat' dir='ltr'>suorum</span> 
     </span>
     <span class='ocr_line' id='line_1_25' title="bbox 180 1123 1772 1169; baseline -0.003 -7"><span class='ocrx_word' id='word_1_154' title='bbox 180 1129 361 1162; x_wconf 85' lang='lat' dir='ltr'>viventium</span> <span class='ocrx_word' id='word_1_155' title='bbox 379 1126 528 1166; x_wconf 84' lang='lat' dir='ltr'>relevari,</span> <span class='ocrx_word' id='word_1_156' title='bbox 544 1136 618 1158; x_wconf 86' lang='lat' dir='ltr'>cum</span> <span class='ocrx_word' id='word_1_157' title='bbox 636 1137 693 1169; x_wconf 86' lang='lat' dir='ltr'>pro</span> <span class='ocrx_word' id='word_1_158' title='bbox 711 1125 777 1157; x_wconf 85' lang='lat' dir='ltr'>illis</span> <span class='ocrx_word' id='word_1_159' title='bbox 792 1124 987 1157; x_wconf 83' lang='lat' dir='ltr'>sacrificinm</span> <span class='ocrx_word' id='word_1_160' title='bbox 1003 1123 1172 1156; x_wconf 74' lang='lat' dir='ltr'>Mediatori</span> <span class='ocrx_word' id='word_1_161' title='bbox 1188 1124 1227 1166; x_wconf 54' lang='lat' dir='ltr'>ia)</span> <span class='ocrx_word' id='word_1_162' title='bbox 1239 1124 1389 1165; x_wconf 82' lang='lat' dir='ltr'>offertur,</span> <span class='ocrx_word' id='word_1_163' title='bbox 1400 1124 1450 1156; x_wconf 84' lang='lat' dir='ltr'>vel</span> <span class='ocrx_word' id='word_1_164' title='bbox 1461 1124 1675 1168; x_wconf 70' lang='lat' dir='ltr'>eleemosynae</span> <span class='ocrx_word' id='word_1_165' title='bbox 1688 1125 1772 1157; x_wconf 80' lang='lat' dir='ltr'>fiunt</span> 
     </span>
     <span class='ocr_line' id='line_1_26' title="bbox 178 1181 1773 1226; baseline -0.003 -7"><span class='ocrx_word' id='word_1_166' title='bbox 178 1187 213 1219; x_wconf 93' lang='lat' dir='ltr'>in</span> <span class='ocrx_word' id='word_1_167' title='bbox 229 1185 380 1219; x_wconf 73' lang='lat' dir='ltr'>Ecclesia.</span> <span class='ocrx_word' id='word_1_168' title='bbox 397 1184 460 1217; x_wconf 62' lang='lat' dir='ltr'>Sed</span> <span class='ocrx_word' id='word_1_169' title='bbox 477 1184 542 1216; x_wconf 78' lang='lat' dir='ltr'>liaec</span> <span class='ocrx_word' id='word_1_170' title='bbox 558 1183 603 1215; x_wconf 87' lang='lat' dir='ltr'>eis</span> <span class='ocrx_word' id='word_1_171' title='bbox 618 1187 746 1215; x_wconf 85' lang='lat' dir='ltr'>tantum</span> <span class='ocrx_word' id='word_1_172' title='bbox 769 1186 904 1226; x_wconf 78' lang='lat' dir='ltr'>prosunt</span> <span class='ocrx_word' id='word_1_173' title='bbox 918 1208 925 1221; x_wconf 91' lang='lat'>,</span> <span class='ocrx_word' id='word_1_174' title='bbox 945 1182 1003 1225; x_wconf 90' lang='lat' dir='ltr'>qui</span> <span class='ocrx_word' id='word_1_175' title='bbox 1027 1193 1100 1213; x_wconf 74' lang='lat' dir='ltr'>cum</span> <span class='ocrx_word' id='word_1_176' title='bbox 1118 1182 1264 1213; x_wconf 82' lang='lat' dir='ltr'>viverent</span> <span class='ocrx_word' id='word_1_177' title='bbox 1278 1207 1285 1221; x_wconf 93' lang='lat'>‚</span> <span class='ocrx_word' id='word_1_178' title='bbox 1303 1181 1369 1214; x_wconf 77' lang='lat' dir='ltr'>haec</span> <span class='ocrx_word' id='word_1_179' title='bbox 1390 1181 1451 1214; x_wconf 89' lang='lat' dir='ltr'>sihi</span> <span class='ocrx_word' id='word_1_180' title='bbox 1467 1186 1503 1214; x_wconf 89' lang='lat' dir='ltr'>ut</span> <span class='ocrx_word' id='word_1_181' title='bbox 1518 1186 1628 1225; x_wconf 83' lang='lat' dir='ltr'>postea</span> <span class='ocrx_word' id='word_1_182' title='bbox 1643 1185 1773 1226; x_wconf 86' lang='lat' dir='ltr'>possent</span> 
     </span>
     <span class='ocr_line' id='line_1_27' title="bbox 179 1238 1772 1289; baseline -0.004 -12"><span class='ocrx_word' id='word_1_183' title='bbox 179 1244 341 1289; x_wconf 78' lang='lat' dir='ltr'>prodesse,</span> <span class='ocrx_word' id='word_1_184' title='bbox 359 1245 560 1274; x_wconf 86' lang='lat' dir='ltr'>meruerunt.</span> <span class='ocrx_word' id='word_1_185' title='bbox 580 1241 636 1272; x_wconf 86' lang='lat' dir='ltr'>Est</span> <span class='ocrx_word' id='word_1_186' title='bbox 651 1240 738 1272; x_wconf 80' lang='lat' dir='ltr'>enini</span> <span class='ocrx_word' id='word_1_187' title='bbox 757 1239 892 1283; x_wconf 82' lang='lat' dir='ltr'>quidam</span> <span class='ocrx_word' id='word_1_188' title='bbox 908 1239 1039 1271; x_wconf 81' lang='lat' dir='ltr'>vivendi</span> <span class='ocrx_word' id='word_1_189' title='bbox 1059 1238 1185 1278; x_wconf 87' lang='lat' dir='ltr'>modus,</span> <span class='ocrx_word' id='word_1_190' title='bbox 1205 1249 1262 1270; x_wconf 73' lang='lat' dir='ltr'>nec</span> <span class='ocrx_word' id='word_1_191' title='bbox 1278 1243 1341 1271; x_wconf 85' lang='lat' dir='ltr'>tam</span> <span class='ocrx_word' id='word_1_192' title='bbox 1358 1238 1475 1279; x_wconf 85' lang='lat' dir='ltr'>bonus,</span> <span class='ocrx_word' id='word_1_193' title='bbox 1494 1242 1530 1271; x_wconf 86' lang='lat' dir='ltr'>ut</span> <span class='ocrx_word' id='word_1_194' title='bbox 1545 1249 1611 1271; x_wconf 93' lang='lat' dir='ltr'>non</span> <span class='ocrx_word' id='word_1_195' title='bbox 1625 1239 1772 1283; x_wconf 83' lang='lat' dir='ltr'>requirat</span> 
     </span>
     <span class='ocr_line' id='line_1_28' title="bbox 181 1295 1774 1345; baseline -0.004 -11"><span class='ocrx_word' id='word_1_196' title='bbox 181 1303 242 1334; x_wconf 84' lang='lat' dir='ltr'>ista</span> <span class='ocrx_word' id='word_1_197' title='bbox 257 1305 327 1345; x_wconf 84' lang='lat' dir='ltr'>post</span> <span class='ocrx_word' id='word_1_198' title='bbox 343 1303 500 1339; x_wconf 78' lang='lat' dir='ltr'>mortem3</span> <span class='ocrx_word' id='word_1_199' title='bbox 518 1302 656 1330; x_wconf 76' lang='lat' dir='ltr'>nectam</span> <span class='ocrx_word' id='word_1_200' title='bbox 681 1297 787 1329; x_wconf 84' lang='lat' dir='ltr'>malus</span> <span class='ocrx_word' id='word_1_201' title='bbox 800 1323 807 1337; x_wconf 94' lang='lat'>,</span> <span class='ocrx_word' id='word_1_202' title='bbox 836 1301 868 1329; x_wconf 90' lang='lat' dir='ltr'>ut</span> <span class='ocrx_word' id='word_1_203' title='bbox 895 1296 923 1328; x_wconf 67' lang='lat' dir='ltr'>oi</span> <span class='ocrx_word' id='word_1_204' title='bbox 948 1307 1014 1328; x_wconf 90' lang='lat' dir='ltr'>non</span> <span class='ocrx_word' id='word_1_205' title='bbox 1039 1296 1161 1340; x_wconf 79' lang='lat' dir='ltr'>prosint</span> <span class='ocrx_word' id='word_1_206' title='bbox 1185 1296 1245 1328; x_wconf 87' lang='lat' dir='ltr'>ista</span> <span class='ocrx_word' id='word_1_207' title='bbox 1272 1295 1466 1340; x_wconf 86' lang='lat' dir='ltr'>quidquam.</span> <span class='ocrx_word' id='word_1_208' title='bbox 1486 1297 1540 1328; x_wconf 74' lang='lat' dir='ltr'>{ist</span> <span class='ocrx_word' id='word_1_209' title='bbox 1554 1307 1631 1329; x_wconf 90' lang='lat' dir='ltr'>vero</span> <span class='ocrx_word' id='word_1_210' title='bbox 1648 1296 1719 1329; x_wconf 84' lang='lat' dir='ltr'>talis</span> <span class='ocrx_word' id='word_1_211' title='bbox 1740 1296 1774 1328; x_wconf 92' lang='lat' dir='ltr'>in</span> 
     </span>
     <span class='ocr_line' id='line_1_29' title="bbox 182 1353 1775 1399; baseline -0.003 -8"><span class='ocrx_word' id='word_1_212' title='bbox 182 1359 288 1398; x_wconf 87' lang='lat' dir='ltr'>bono,</span> <span class='ocrx_word' id='word_1_213' title='bbox 315 1361 350 1389; x_wconf 84' lang='lat' dir='ltr'>ut</span> <span class='ocrx_word' id='word_1_214' title='bbox 367 1357 426 1389; x_wconf 84' lang='lat' dir='ltr'>ista</span> <span class='ocrx_word' id='word_1_215' title='bbox 442 1367 507 1388; x_wconf 92' lang='lat' dir='ltr'>non</span> <span class='ocrx_word' id='word_1_216' title='bbox 529 1355 692 1399; x_wconf 80' lang='lat' dir='ltr'>requirat;</span> <span class='ocrx_word' id='word_1_217' title='bbox 711 1358 758 1387; x_wconf 82' lang='lat' dir='ltr'>est</span> <span class='ocrx_word' id='word_1_218' title='bbox 776 1365 891 1386; x_wconf 83' lang='lat' dir='ltr'>rursus</span> <span class='ocrx_word' id='word_1_219' title='bbox 906 1353 979 1386; x_wconf 79' lang='lat' dir='ltr'>talis</span> <span class='ocrx_word' id='word_1_220' title='bbox 994 1354 1028 1386; x_wconf 92' lang='lat' dir='ltr'>in</span> <span class='ocrx_word' id='word_1_221' title='bbox 1046 1354 1131 1386; x_wconf 69' lang='lat' dir='ltr'>malo</span> <span class='ocrx_word' id='word_1_222' title='bbox 1145 1380 1152 1391; x_wconf 88' lang='lat'>,</span> <span class='ocrx_word' id='word_1_223' title='bbox 1179 1359 1214 1386; x_wconf 89' lang='lat' dir='ltr'>ut</span> <span class='ocrx_word' id='word_1_224' title='bbox 1238 1365 1294 1386; x_wconf 87' lang='lat' dir='ltr'>nec</span> <span class='ocrx_word' id='word_1_225' title='bbox 1319 1354 1368 1386; x_wconf 88' lang='lat' dir='ltr'>his</span> <span class='ocrx_word' id='word_1_226' title='bbox 1383 1354 1509 1394; x_wconf 88' lang='lat' dir='ltr'>valeat,</span> <span class='ocrx_word' id='word_1_227' title='bbox 1526 1365 1601 1387; x_wconf 90' lang='lat' dir='ltr'>cum</span> <span class='ocrx_word' id='word_1_228' title='bbox 1625 1354 1693 1387; x_wconf 83' lang='lat' dir='ltr'>haec</span> <span class='ocrx_word' id='word_1_229' title='bbox 1709 1353 1775 1386; x_wconf 87' lang='lat' dir='ltr'>vita</span> 
     </span>
     <span class='ocr_line' id='line_1_30' title="bbox 183 1410 1777 1457; baseline -0.003 -9"><span class='ocrx_word' id='word_1_230' title='bbox 183 1414 367 1455; x_wconf 81' lang='lat' dir='ltr'>transierit,</span> <span class='ocrx_word' id='word_1_231' title='bbox 396 1413 556 1457; x_wconf 85' lang='lat' dir='ltr'>adjuvari.</span> <span class='ocrx_word' id='word_1_232' title='bbox 579 1412 737 1451; x_wconf 71' lang='lat' dir='ltr'>Quocirca</span> <span class='ocrx_word' id='word_1_233' title='bbox 765 1412 815 1443; x_wconf 89' lang='lat' dir='ltr'>hic</span> <span class='ocrx_word' id='word_1_234' title='bbox 840 1422 936 1444; x_wconf 84' lang='lat' dir='ltr'>omne</span> <span class='ocrx_word' id='word_1_235' title='bbox 961 1412 1115 1444; x_wconf 85' lang='lat' dir='ltr'>meritum</span> <span class='ocrx_word' id='word_1_236' title='bbox 1140 1416 1361 1455; x_wconf 81' lang='lat' dir='ltr'>comparatur,</span> <span class='ocrx_word' id='word_1_237' title='bbox 1388 1423 1453 1456; x_wconf 87' lang='lat' dir='ltr'>quo</span> <span class='ocrx_word' id='word_1_238' title='bbox 1478 1411 1577 1455; x_wconf 87' lang='lat' dir='ltr'>possit</span> <span class='ocrx_word' id='word_1_239' title='bbox 1600 1416 1669 1455; x_wconf 83' lang='lat' dir='ltr'>post</span> <span class='ocrx_word' id='word_1_240' title='bbox 1693 1410 1777 1444; x_wconf 82' lang='lat' dir='ltr'>hanc</span> 
     </span>
     <span class='ocr_line' id='line_1_31' title="bbox 183 1468 1773 1517; baseline -0.002 -13"><span class='ocrx_word' id='word_1_241' title='bbox 183 1473 283 1506; x_wconf 85' lang='lat' dir='ltr'>vitam</span> <span class='ocrx_word' id='word_1_242' title='bbox 299 1471 459 1517; x_wconf 85' lang='lat' dir='ltr'>quispiam</span> <span class='ocrx_word' id='word_1_243' title='bbox 474 1470 603 1513; x_wconf 76' lang='lat' dir='ltr'>gravari</span> <span class='ocrx_word' id='word_1_244' title='bbox 620 1470 671 1502; x_wconf 87' lang='lat' dir='ltr'>vel</span> <span class='ocrx_word' id='word_1_245' title='bbox 689 1470 838 1502; x_wconf 76' lang='lat' dir='ltr'>relevari.</span> <span class='ocrx_word' id='word_1_246' title='bbox 858 1469 960 1501; x_wconf 84' lang='lat' dir='ltr'>Nemo</span> <span class='ocrx_word' id='word_1_247' title='bbox 976 1473 1085 1501; x_wconf 72' lang='lat' dir='ltr'>autern</span> <span class='ocrx_word' id='word_1_248' title='bbox 1100 1473 1206 1512; x_wconf 79' lang='lat' dir='ltr'>speret</span> <span class='ocrx_word' id='word_1_249' title='bbox 1219 1469 1306 1512; x_wconf 85' lang='lat' dir='ltr'>quod</span> <span class='ocrx_word' id='word_1_250' title='bbox 1322 1469 1374 1501; x_wconf 77' lang='lat' dir='ltr'>hio</span> <span class='ocrx_word' id='word_1_251' title='bbox 1391 1469 1546 1511; x_wconf 77' lang='lat' dir='ltr'>neglexit,</span> <span class='ocrx_word' id='word_1_252' title='bbox 1561 1480 1635 1501; x_wconf 92' lang='lat' dir='ltr'>cum</span> <span class='ocrx_word' id='word_1_253' title='bbox 1646 1468 1773 1508; x_wconf 84' lang='lat' dir='ltr'>obierit,</span> 
     </span>
     <span class='ocr_line' id='line_1_32' title="bbox 184 1526 1778 1574; baseline -0.003 -11"><span class='ocrx_word' id='word_1_254' title='bbox 184 1531 270 1574; x_wconf 86' lang='lat' dir='ltr'>apud</span> <span class='ocrx_word' id='word_1_255' title='bbox 295 1530 397 1562; x_wconf 80' lang='lat' dir='ltr'>Deum</span> <span class='ocrx_word' id='word_1_256' title='bbox 426 1528 616 1573; x_wconf 81' lang='lat' dir='ltr'>promereri.</span> <span class='ocrx_word' id='word_1_257' title='bbox 643 1527 716 1560; x_wconf 91' lang='lat' dir='ltr'>Non</span> <span class='ocrx_word' id='word_1_258' title='bbox 740 1538 816 1569; x_wconf 78' lang='lat' dir='ltr'>ergo</span> <span class='ocrx_word' id='word_1_259' title='bbox 842 1527 918 1568; x_wconf 83' lang='lat' dir='ltr'>ista,</span> <span class='ocrx_word' id='word_1_260' title='bbox 946 1538 1017 1570; x_wconf 82' lang='lat' dir='ltr'>quae</span> <span class='ocrx_word' id='word_1_261' title='bbox 1041 1537 1098 1570; x_wconf 90' lang='lat' dir='ltr'>pro</span> <span class='ocrx_word' id='word_1_262' title='bbox 1124 1526 1285 1558; x_wconf 83' lang='lat' dir='ltr'>defunctis</span> <span class='ocrx_word' id='word_1_263' title='bbox 1305 1526 1573 1559; x_wconf 74' lang='lat' dir='ltr'>commendandis</span> <span class='ocrx_word' id='word_1_264' title='bbox 1594 1526 1778 1570; x_wconf 83' lang='lat' dir='ltr'>frequentat</span> 
     </span>
     <span class='ocr_line' id='line_1_33' title="bbox 187 1583 1779 1629; baseline -0.003 -9"><span class='ocrx_word' id='word_1_265' title='bbox 187 1586 339 1626; x_wconf 73' lang='lat' dir='ltr'>Ecclesia,</span> <span class='ocrx_word' id='word_1_266' title='bbox 358 1586 406 1618; x_wconf 90' lang='lat' dir='ltr'>illi</span> <span class='ocrx_word' id='word_1_267' title='bbox 423 1585 605 1629; x_wconf 81' lang='lat' dir='ltr'>apostolicae</span> <span class='ocrx_word' id='word_1_268' title='bbox 620 1589 696 1617; x_wconf 84' lang='lat' dir='ltr'>sunt</span> <span class='ocrx_word' id='word_1_269' title='bbox 711 1584 846 1617; x_wconf 79' lang='lat' dir='ltr'>adversa</span> <span class='ocrx_word' id='word_1_270' title='bbox 858 1584 1037 1624; x_wconf 63' lang='lat' dir='ltr'>sententian,</span> <span class='ocrx_word' id='word_1_271' title='bbox 1054 1595 1120 1628; x_wconf 84' lang='lat' dir='ltr'>qua</span> <span class='ocrx_word' id='word_1_272' title='bbox 1131 1584 1253 1616; x_wconf 84' lang='lat' dir='ltr'>dictum</span> <span class='ocrx_word' id='word_1_273' title='bbox 1270 1588 1316 1615; x_wconf 67' lang='lat' dir='ltr'>ost</span> <span class='ocrx_word' id='word_1_274' title='bbox 1333 1588 1342 1604; x_wconf 71' lang='lat'><strong>⁴</strong></span> <span class='ocrx_word' id='word_1_275' title='bbox 1356 1596 1362 1615; x_wconf 89' lang='lat'>:</span> <span class='ocrx_word' id='word_1_276' title='bbox 1385 1585 1504 1616; x_wconf 75' lang='lat' dir='ltr'>Omnes</span> <span class='ocrx_word' id='word_1_277' title='bbox 1521 1583 1683 1616; x_wconf 79' lang='lat' dir='ltr'>stabimus</span> <span class='ocrx_word' id='word_1_278' title='bbox 1701 1589 1779 1616; x_wconf 82' lang='lat' dir='ltr'>ante</span> 
     </span>
     <span class='ocr_line' id='line_1_34' title="bbox 188 1641 1779 1686; baseline -0.002 -9"><span class='ocrx_word' id='word_1_279' title='bbox 188 1644 334 1678; x_wconf 51' lang='lat' dir='ltr'>tribunal</span> <span class='ocrx_word' id='word_1_280' title='bbox 353 1643 494 1682; x_wconf 70' lang='lat' dir='ltr'>Clu-isti,</span> <span class='ocrx_word' id='word_1_281' title='bbox 515 1649 549 1674; x_wconf 73' lang='lat' dir='ltr'>ut</span> <span class='ocrx_word' id='word_1_282' title='bbox 569 1643 689 1686; x_wconf 73' lang='lat' dir='ltr'>referat</span> <span class='ocrx_word' id='word_1_283' title='bbox 711 1642 928 1685; x_wconf 72' lang='lat' dir='ltr'>unusquisque</span> <span class='ocrx_word' id='word_1_284' title='bbox 948 1641 1125 1674; x_wconf 76' lang='lat' dir='ltr'>secundum</span> <span class='ocrx_word' id='word_1_285' title='bbox 1147 1653 1202 1681; x_wconf 80' lang='lat' dir='ltr'>ea,</span> <span class='ocrx_word' id='word_1_286' title='bbox 1223 1652 1291 1686; x_wconf 74' lang='lat' dir='ltr'>quse</span> <span class='ocrx_word' id='word_1_287' title='bbox 1312 1653 1371 1686; x_wconf 76' lang='lat' dir='ltr'>per</span> <span class='ocrx_word' id='word_1_288' title='bbox 1390 1653 1504 1686; x_wconf 77' lang='lat' dir='ltr'>corpus</span> <span class='ocrx_word' id='word_1_289' title='bbox 1524 1641 1637 1685; x_wconf 74' lang='lat' dir='ltr'>qessz&#39;t,</span> <span class='ocrx_word' id='word_1_290' title='bbox 1657 1641 1779 1674; x_wconf 78' lang='lat' dir='ltr'>scilicet</span> 
     </span>
     <span class='ocr_line' id='line_1_35' title="bbox 190 1699 1781 1744; baseline -0.002 -9"><span class='ocrx_word' id='word_1_291' title='bbox 190 1702 270 1735; x_wconf 85' lang='lat' dir='ltr'>bona</span> <span class='ocrx_word' id='word_1_292' title='bbox 285 1702 335 1734; x_wconf 83' lang='lat' dir='ltr'>vel</span> <span class='ocrx_word' id='word_1_293' title='bbox 353 1701 444 1733; x_wconf 81' lang='lat' dir='ltr'>mala</span> <span class='ocrx_word' id='word_1_294' title='bbox 463 1700 503 1744; x_wconf 41' lang='lat' dir='ltr'>(b)</span> <span class='ocrx_word' id='word_1_295' title='bbox 522 1712 535 1739; x_wconf 83' lang='lat'><em>;</em></span> <span class='ocrx_word' id='word_1_296' title='bbox 551 1700 629 1744; x_wconf 78' lang='lat' dir='ltr'>quia</span> <span class='ocrx_word' id='word_1_297' title='bbox 648 1700 743 1732; x_wconf 78' lang='lat' dir='ltr'>etiam</span> <span class='ocrx_word' id='word_1_298' title='bbox 765 1699 824 1731; x_wconf 86' lang='lat' dir='ltr'>hoc</span> <span class='ocrx_word' id='word_1_299' title='bbox 842 1699 995 1731; x_wconf 84' lang='lat' dir='ltr'>meritum</span> <span class='ocrx_word' id='word_1_300' title='bbox 1009 1699 1070 1731; x_wconf 89' lang='lat' dir='ltr'>sibi</span> <span class='ocrx_word' id='word_1_301' title='bbox 1088 1699 1228 1743; x_wconf 87' lang='lat' dir='ltr'>quisque</span> <span class='ocrx_word' id='word_1_302' title='bbox 1243 1710 1319 1731; x_wconf 88' lang='lat' dir='ltr'>cum</span> <span class='ocrx_word' id='word_1_303' title='bbox 1336 1700 1369 1731; x_wconf 88' lang='lat' dir='ltr'>in</span> <span class='ocrx_word' id='word_1_304' title='bbox 1390 1710 1524 1743; x_wconf 81' lang='lat' dir='ltr'>corpore</span> <span class='ocrx_word' id='word_1_305' title='bbox 1545 1699 1677 1740; x_wconf 85' lang='lat' dir='ltr'>viveret,</span> <span class='ocrx_word' id='word_1_306' title='bbox 1694 1710 1781 1732; x_wconf 86' lang='lat' dir='ltr'>com-</span> 
     </span>
     <span class='ocr_line' id='line_1_36' title="bbox 192 1756 1782 1803; baseline -0.002 -11"><span class='ocrx_word' id='word_1_307' title='bbox 192 1760 334 1803; x_wconf 79' lang='lat' dir='ltr'>paravit,</span> <span class='ocrx_word' id='word_1_308' title='bbox 352 1762 389 1791; x_wconf 83' lang='lat' dir='ltr'>ut</span> <span class='ocrx_word' id='word_1_309' title='bbox 405 1757 527 1802; x_wconf 80' lang='lat' dir='ltr'>possint</span> <span class='ocrx_word' id='word_1_310' title='bbox 548 1757 576 1789; x_wconf 84' lang='lat' dir='ltr'>ei</span> <span class='ocrx_word' id='word_1_311' title='bbox 599 1757 658 1788; x_wconf 83' lang='lat' dir='ltr'>ista</span> <span class='ocrx_word' id='word_1_312' title='bbox 680 1756 846 1800; x_wconf 73' lang='lat' dir='ltr'>prodesse,</span> <span class='ocrx_word' id='word_1_313' title='bbox 867 1767 930 1788; x_wconf 92' lang='lat' dir='ltr'>non</span> <span class='ocrx_word' id='word_1_314' title='bbox 955 1757 1041 1789; x_wconf 80' lang='lat' dir='ltr'>enini</span> <span class='ocrx_word' id='word_1_315' title='bbox 1066 1757 1219 1788; x_wconf 87' lang='lat' dir='ltr'>omnibus</span> <span class='ocrx_word' id='word_1_316' title='bbox 1243 1761 1391 1800; x_wconf 85' lang='lat' dir='ltr'>prosunt.</span> <span class='ocrx_word' id='word_1_317' title='bbox 1415 1757 1455 1789; x_wconf 88' lang='lat' dir='ltr'>Et</span> <span class='ocrx_word' id='word_1_318' title='bbox 1478 1759 1601 1801; x_wconf 69' lang='lat' dir='ltr'>quare?</span> <span class='ocrx_word' id='word_1_319' title='bbox 1622 1756 1695 1789; x_wconf 92' lang='lat' dir='ltr'>Non</span> <span class='ocrx_word' id='word_1_320' title='bbox 1718 1757 1782 1789; x_wconf 90' lang='lat' dir='ltr'>nisi</span> 
     </span>
     <span class='ocr_line' id='line_1_37' title="bbox 191 1814 1781 1861; baseline -0.003 -12"><span class='ocrx_word' id='word_1_321' title='bbox 191 1820 322 1861; x_wconf 87' lang='lat' dir='ltr'>propter</span> <span class='ocrx_word' id='word_1_322' title='bbox 346 1815 564 1848; x_wconf 81' lang='lat' dir='ltr'>differentiam</span> <span class='ocrx_word' id='word_1_323' title='bbox 583 1815 674 1855; x_wconf 79' lang='lat' dir='ltr'>vitae,</span> <span class='ocrx_word' id='word_1_324' title='bbox 692 1826 791 1858; x_wconf 88' lang='lat' dir='ltr'>quam</span> <span class='ocrx_word' id='word_1_325' title='bbox 816 1814 955 1858; x_wconf 89' lang='lat' dir='ltr'>quisque</span> <span class='ocrx_word' id='word_1_326' title='bbox 979 1814 1077 1857; x_wconf 59' lang='lat' dir='ltr'>gessit</span> <span class='ocrx_word' id='word_1_327' title='bbox 1103 1814 1137 1846; x_wconf 92' lang='lat' dir='ltr'>in</span> <span class='ocrx_word' id='word_1_328' title='bbox 1161 1825 1306 1858; x_wconf 88' lang='lat' dir='ltr'>corpore.</span> <span class='ocrx_word' id='word_1_329' title='bbox 1332 1814 1414 1847; x_wconf 87' lang='lat' dir='ltr'>Cum</span> <span class='ocrx_word' id='word_1_330' title='bbox 1440 1825 1516 1857; x_wconf 84' lang='lat' dir='ltr'>ergo</span> <span class='ocrx_word' id='word_1_331' title='bbox 1541 1814 1697 1847; x_wconf 83' lang='lat' dir='ltr'>sacrificia</span> <span class='ocrx_word' id='word_1_332' title='bbox 1713 1814 1781 1846; x_wconf 89' lang='lat' dir='ltr'>sive</span> 
     </span>
     <span class='ocr_line' id='line_1_38' title="bbox 191 1871 1780 1917; baseline -0.002 -10"><span class='ocrx_word' id='word_1_333' title='bbox 191 1875 314 1913; x_wconf 85' lang='lat' dir='ltr'>altaris,</span> <span class='ocrx_word' id='word_1_334' title='bbox 329 1874 395 1906; x_wconf 87' lang='lat' dir='ltr'>sive</span> <span class='ocrx_word' id='word_1_335' title='bbox 411 1883 698 1917; x_wconf 81' lang='lat' dir='ltr'>quarumcumque</span> <span class='ocrx_word' id='word_1_336' title='bbox 710 1872 849 1904; x_wconf 81' lang='lat' dir='ltr'>aliarum</span> <span class='ocrx_word' id='word_1_337' title='bbox 866 1871 1151 1915; x_wconf 81' lang='lat' dir='ltr'>eleemosynarum</span> <span class='ocrx_word' id='word_1_338' title='bbox 1165 1883 1222 1915; x_wconf 82' lang='lat' dir='ltr'>pro</span> <span class='ocrx_word' id='word_1_339' title='bbox 1238 1871 1408 1915; x_wconf 86' lang='lat' dir='ltr'>baptizatis</span> <span class='ocrx_word' id='word_1_340' title='bbox 1421 1872 1574 1904; x_wconf 86' lang='lat' dir='ltr'>omnibus</span> <span class='ocrx_word' id='word_1_341' title='bbox 1584 1871 1780 1912; x_wconf 83' lang='lat' dir='ltr'>offeruntur,</span> 
     </span>
     <span class='ocr_line' id='line_1_39' title="bbox 193 1928 1782 1976; baseline -0.002 -12"><span class='ocrx_word' id='word_1_342' title='bbox 193 1943 251 1976; x_wconf 91' lang='lat' dir='ltr'>pro</span> <span class='ocrx_word' id='word_1_343' title='bbox 266 1931 361 1964; x_wconf 85' lang='lat' dir='ltr'>valde</span> <span class='ocrx_word' id='word_1_344' title='bbox 376 1930 470 1963; x_wconf 87' lang='lat' dir='ltr'>bonis</span> <span class='ocrx_word' id='word_1_345' title='bbox 485 1930 664 1973; x_wconf 81' lang='lat' dir='ltr'>gratiarnm</span> <span class='ocrx_word' id='word_1_346' title='bbox 684 1929 824 1961; x_wconf 80' lang='lat' dir='ltr'>actiones</span> <span class='ocrx_word' id='word_1_347' title='bbox 840 1933 933 1966; x_wconf 85' lang='lat' dir='ltr'>snut;</span> <span class='ocrx_word' id='word_1_348' title='bbox 956 1940 1012 1973; x_wconf 87' lang='lat' dir='ltr'>pro</span> <span class='ocrx_word' id='word_1_349' title='bbox 1030 1940 1095 1961; x_wconf 90' lang='lat' dir='ltr'>non</span> <span class='ocrx_word' id='word_1_350' title='bbox 1111 1928 1204 1961; x_wconf 79' lang='lat' dir='ltr'>valde</span> <span class='ocrx_word' id='word_1_351' title='bbox 1223 1929 1316 1961; x_wconf 85' lang='lat' dir='ltr'>malis</span> <span class='ocrx_word' id='word_1_352' title='bbox 1331 1955 1338 1969; x_wconf 96' lang='lat'>,</span> <span class='ocrx_word' id='word_1_353' title='bbox 1355 1933 1432 1961; x_wconf 87' lang='lat' dir='ltr'>sunt</span> <span class='ocrx_word' id='word_1_354' title='bbox 1447 1929 1703 1973; x_wconf 80' lang='lat' dir='ltr'>propitiationes.</span> <span class='ocrx_word' id='word_1_355' title='bbox 1720 1928 1782 1961; x_wconf 77' lang='lat' dir='ltr'>Sed</span> 
     </span>
     <span class='ocr_line' id='line_1_40' title="bbox 196 1986 1782 2032; baseline -0.002 -11"><span class='ocrx_word' id='word_1_356' title='bbox 196 2000 252 2032; x_wconf 89' lang='lat' dir='ltr'>pro</span> <span class='ocrx_word' id='word_1_357' title='bbox 267 1989 361 2021; x_wconf 86' lang='lat' dir='ltr'>valde</span> <span class='ocrx_word' id='word_1_358' title='bbox 379 1988 472 2020; x_wconf 88' lang='lat' dir='ltr'>malis</span> <span class='ocrx_word' id='word_1_359' title='bbox 483 2014 490 2028; x_wconf 93' lang='lat'>,</span> <span class='ocrx_word' id='word_1_360' title='bbox 507 1987 566 2019; x_wconf 86' lang='lat' dir='ltr'>etsi</span> <span class='ocrx_word' id='word_1_361' title='bbox 581 1986 675 2019; x_wconf 87' lang='lat' dir='ltr'>nulla</span> <span class='ocrx_word' id='word_1_362' title='bbox 689 1990 765 2018; x_wconf 88' lang='lat' dir='ltr'>sunt</span> <span class='ocrx_word' id='word_1_363' title='bbox 783 1986 975 2029; x_wconf 77' lang='lat' dir='ltr'>adjumenta</span> <span class='ocrx_word' id='word_1_364' title='bbox 992 1990 1197 2018; x_wconf 85' lang='lat' dir='ltr'>mortuorum</span> <span class='ocrx_word' id='word_1_365' title='bbox 1208 2012 1215 2026; x_wconf 89' lang='lat'>‚</span> <span class='ocrx_word' id='word_1_366' title='bbox 1235 1991 1342 2018; x_wconf 86' lang='lat' dir='ltr'>tamen</span> <span class='ocrx_word' id='word_1_367' title='bbox 1358 1987 1615 2030; x_wconf 80' lang='lat' dir='ltr'>qualescumque</span> <span class='ocrx_word' id='word_1_368' title='bbox 1631 1986 1782 2019; x_wconf 82' lang='lat' dir='ltr'>vivorum</span> 
     </span>
     <span class='ocr_line' id='line_1_41' title="bbox 194 2044 1782 2088; baseline -0.001 -10"><span class='ocrx_word' id='word_1_369' title='bbox 194 2046 430 2078; x_wconf 85' lang='lat' dir='ltr'>consolationes</span> <span class='ocrx_word' id='word_1_370' title='bbox 445 2048 533 2077; x_wconf 85' lang='lat' dir='ltr'>sunt.</span> <span class='ocrx_word' id='word_1_371' title='bbox 551 2044 678 2083; x_wconf 84' lang='lat' dir='ltr'>Quibus</span> <span class='ocrx_word' id='word_1_372' title='bbox 702 2054 778 2076; x_wconf 85' lang='lat' dir='ltr'>vero</span> <span class='ocrx_word' id='word_1_373' title='bbox 801 2048 958 2087; x_wconf 86' lang='lat' dir='ltr'>prosunt,</span> <span class='ocrx_word' id='word_1_374' title='bbox 977 2044 1028 2076; x_wconf 84' lang='lat' dir='ltr'>vel</span> <span class='ocrx_word' id='word_1_375' title='bbox 1049 2044 1089 2076; x_wconf 87' lang='lat' dir='ltr'>ad</span> <span class='ocrx_word' id='word_1_376' title='bbox 1111 2044 1171 2076; x_wconf 85' lang='lat' dir='ltr'>hoc</span> <span class='ocrx_word' id='word_1_377' title='bbox 1196 2048 1353 2087; x_wconf 87' lang='lat' dir='ltr'>prosunt,</span> <span class='ocrx_word' id='word_1_378' title='bbox 1377 2049 1412 2076; x_wconf 89' lang='lat' dir='ltr'>ut</span> <span class='ocrx_word' id='word_1_379' title='bbox 1437 2044 1477 2076; x_wconf 88' lang='lat' dir='ltr'>sit</span> <span class='ocrx_word' id='word_1_380' title='bbox 1501 2045 1599 2088; x_wconf 83' lang='lat' dir='ltr'>plena</span> <span class='ocrx_word' id='word_1_381' title='bbox 1620 2044 1782 2085; x_wconf 87' lang='lat' dir='ltr'>remissio,</span> 
     </span>
     <span class='ocr_line' id='line_1_42' title="bbox 196 2101 1786 2144; baseline -0.001 -9"><span class='ocrx_word' id='word_1_382' title='bbox 196 2103 245 2135; x_wconf 83' lang='lat' dir='ltr'>vel</span> <span class='ocrx_word' id='word_1_383' title='bbox 261 2107 345 2135; x_wconf 62' lang='lat' dir='ltr'>curte</span> <span class='ocrx_word' id='word_1_384' title='bbox 363 2107 400 2135; x_wconf 89' lang='lat' dir='ltr'>ut</span> <span class='ocrx_word' id='word_1_385' title='bbox 415 2101 616 2134; x_wconf 83' lang='lat' dir='ltr'>tolerabilior</span> <span class='ocrx_word' id='word_1_386' title='bbox 632 2101 673 2133; x_wconf 86' lang='lat' dir='ltr'>sit</span> <span class='ocrx_word' id='word_1_387' title='bbox 688 2101 758 2144; x_wconf 84' lang='lat' dir='ltr'>ipsa</span> <span class='ocrx_word' id='word_1_388' title='bbox 773 2101 952 2133; x_wconf 84' lang='lat' dir='ltr'>damnatio.</span> <span class='ocrx_word' id='word_1_389' title='bbox 969 2103 979 2118; x_wconf 76' lang='lat'><strong>⁶</strong></span> <span class='ocrx_word' id='word_1_390' title='bbox 994 2101 1205 2133; x_wconf 83' lang='lat' dir='ltr'>Orationibus</span> <span class='ocrx_word' id='word_1_391' title='bbox 1223 2112 1300 2143; x_wconf 70' lang='lat' dir='ltr'>ergo</span> <span class='ocrx_word' id='word_1_392' title='bbox 1323 2106 1437 2134; x_wconf 59' lang='lat' dir='ltr'>sanctae</span> <span class='ocrx_word' id='word_1_393' title='bbox 1456 2102 1604 2134; x_wconf 83' lang='lat' dir='ltr'>Ecclesiae</span> <span class='ocrx_word' id='word_1_394' title='bbox 1617 2129 1624 2140; x_wconf 92' lang='lat'>,</span> <span class='ocrx_word' id='word_1_395' title='bbox 1643 2106 1675 2134; x_wconf 87' lang='lat' dir='ltr'>et</span> <span class='ocrx_word' id='word_1_396' title='bbox 1689 2101 1786 2134; x_wconf 87' lang='lat' dir='ltr'>sacri-</span> 
     </span>
     <span class='ocr_line' id='line_1_43' title="bbox 197 2158 1784 2201; baseline -0.001 -9"><span class='ocrx_word' id='word_1_397' title='bbox 197 2160 270 2192; x_wconf 87' lang='lat' dir='ltr'>ficio</span> <span class='ocrx_word' id='word_1_398' title='bbox 285 2159 439 2199; x_wconf 85' lang='lat' dir='ltr'>salutari,</span> <span class='ocrx_word' id='word_1_399' title='bbox 461 2163 491 2190; x_wconf 86' lang='lat' dir='ltr'>et</span> <span class='ocrx_word' id='word_1_400' title='bbox 506 2158 720 2201; x_wconf 79' lang='lat' dir='ltr'>eleemosynis</span> <span class='ocrx_word' id='word_1_401' title='bbox 734 2183 741 2197; x_wconf 92' lang='lat'>,</span> <span class='ocrx_word' id='word_1_402' title='bbox 758 2169 830 2201; x_wconf 75' lang='lat' dir='ltr'>quae</span> <span class='ocrx_word' id='word_1_403' title='bbox 852 2168 909 2201; x_wconf 92' lang='lat' dir='ltr'>pro</span> <span class='ocrx_word' id='word_1_404' title='bbox 934 2168 1048 2190; x_wconf 76' lang='lat' dir='ltr'>eorum</span> <span class='ocrx_word' id='word_1_405' title='bbox 1074 2158 1243 2201; x_wconf 84' lang='lat' dir='ltr'>spiritibus</span> <span class='ocrx_word' id='word_1_406' title='bbox 1266 2158 1472 2199; x_wconf 82' lang='lat' dir='ltr'>offeruntur,</span> <span class='ocrx_word' id='word_1_407' title='bbox 1491 2170 1556 2191; x_wconf 88' lang='lat' dir='ltr'>non</span> <span class='ocrx_word' id='word_1_408' title='bbox 1579 2163 1626 2191; x_wconf 69' lang='lat' dir='ltr'>est</span> <span class='ocrx_word' id='word_1_409' title='bbox 1645 2158 1784 2191; x_wconf 86' lang='lat' dir='ltr'>dubium</span> 
     </span>
     <span class='ocr_line' id='line_1_44' title="bbox 198 2215 1788 2260; baseline -0.001 -10"><span class='ocrx_word' id='word_1_410' title='bbox 198 2221 345 2250; x_wconf 88' lang='lat' dir='ltr'>mortuos</span> <span class='ocrx_word' id='word_1_411' title='bbox 366 2216 538 2260; x_wconf 85' lang='lat' dir='ltr'>adjuvari,</span> <span class='ocrx_word' id='word_1_412' title='bbox 561 2220 597 2247; x_wconf 82' lang='lat' dir='ltr'>ut</span> <span class='ocrx_word' id='word_1_413' title='bbox 620 2226 693 2247; x_wconf 85' lang='lat' dir='ltr'>cum</span> <span class='ocrx_word' id='word_1_414' title='bbox 717 2215 762 2247; x_wconf 87' lang='lat' dir='ltr'>eis</span> <span class='ocrx_word' id='word_1_415' title='bbox 786 2215 1028 2248; x_wconf 70' lang='lat' dir='ltr'>misericordius</span> <span class='ocrx_word' id='word_1_416' title='bbox 1052 2219 1168 2258; x_wconf 79' lang='lat' dir='ltr'>agatur</span> <span class='ocrx_word' id='word_1_417' title='bbox 1190 2228 1209 2248; x_wconf 89' lang='lat' dir='ltr'>a</span> <span class='ocrx_word' id='word_1_418' title='bbox 1226 2216 1365 2248; x_wconf 84' lang='lat' dir='ltr'>Domino</span> <span class='ocrx_word' id='word_1_419' title='bbox 1380 2243 1387 2257; x_wconf 91' lang='lat'>‚</span> <span class='ocrx_word' id='word_1_420' title='bbox 1405 2227 1505 2260; x_wconf 84' lang='lat' dir='ltr'>quam</span> <span class='ocrx_word' id='word_1_421' title='bbox 1528 2227 1642 2249; x_wconf 88' lang='lat' dir='ltr'>eorum</span> <span class='ocrx_word' id='word_1_422' title='bbox 1659 2221 1788 2260; x_wconf 86' lang='lat' dir='ltr'>peccata</span> 
     </span>
     <span class='ocr_line' id='line_1_45' title="bbox 199 2272 1787 2318; baseline -0.001 -11"><span class='ocrx_word' id='word_1_423' title='bbox 199 2278 402 2307; x_wconf 83' lang='lat' dir='ltr'>meruerunt.</span> <span class='ocrx_word' id='word_1_424' title='bbox 424 2274 492 2306; x_wconf 87' lang='lat' dir='ltr'>Hoc</span> <span class='ocrx_word' id='word_1_425' title='bbox 515 2273 601 2305; x_wconf 88' lang='lat' dir='ltr'>enim</span> <span class='ocrx_word' id='word_1_426' title='bbox 626 2285 644 2305; x_wconf 87' lang='lat' dir='ltr'>a</span> <span class='ocrx_word' id='word_1_427' title='bbox 666 2273 811 2317; x_wconf 85' lang='lat' dir='ltr'>patribus</span> <span class='ocrx_word' id='word_1_428' title='bbox 835 2273 991 2305; x_wconf 84' lang='lat' dir='ltr'>traditum</span> <span class='ocrx_word' id='word_1_429' title='bbox 1022 2278 1088 2305; x_wconf 80' lang='lat' dir='ltr'>tota</span> <span class='ocrx_word' id='word_1_430' title='bbox 1112 2273 1261 2306; x_wconf 79' lang='lat' dir='ltr'>observat</span> <span class='ocrx_word' id='word_1_431' title='bbox 1285 2273 1441 2314; x_wconf 66' lang='lat' dir='ltr'>Ecclesia,</span> <span class='ocrx_word' id='word_1_432' title='bbox 1460 2277 1495 2306; x_wconf 85' lang='lat' dir='ltr'>nt</span> <span class='ocrx_word' id='word_1_433' title='bbox 1512 2284 1570 2318; x_wconf 89' lang='lat' dir='ltr'>pro</span> <span class='ocrx_word' id='word_1_434' title='bbox 1593 2273 1659 2313; x_wconf 87' lang='lat' dir='ltr'>eis,</span> <span class='ocrx_word' id='word_1_435' title='bbox 1680 2272 1787 2317; x_wconf 86' lang='lat' dir='ltr'>quiin</span> 
     </span>
     <span class='ocr_line' id='line_1_46' title="bbox 199 2329 1787 2375; baseline -0.002 -10"><span class='ocrx_word' id='word_1_436' title='bbox 199 2332 428 2365; x_wconf 87' lang='lat' dir='ltr'>communione</span> <span class='ocrx_word' id='word_1_437' title='bbox 452 2331 596 2375; x_wconf 83' lang='lat' dir='ltr'>corporis</span> <span class='ocrx_word' id='word_1_438' title='bbox 612 2335 643 2363; x_wconf 83' lang='lat' dir='ltr'>et</span> <span class='ocrx_word' id='word_1_439' title='bbox 666 2330 836 2372; x_wconf 71' lang='lat' dir='ltr'>sanguinis</span> <span class='ocrx_word' id='word_1_440' title='bbox 860 2331 988 2363; x_wconf 87' lang='lat' dir='ltr'>Domini</span> <span class='ocrx_word' id='word_1_441' title='bbox 1010 2331 1155 2363; x_wconf 68' lang='lat' dir='ltr'>defuncti</span> <span class='ocrx_word' id='word_1_442' title='bbox 1176 2335 1371 2372; x_wconf 67' lang='lat' dir='ltr'>suut‚,cum</span> <span class='ocrx_word' id='word_1_443' title='bbox 1395 2331 1432 2363; x_wconf 87' lang='lat' dir='ltr'>ad</span> <span class='ocrx_word' id='word_1_444' title='bbox 1457 2331 1565 2374; x_wconf 87' lang='lat' dir='ltr'>ipsum</span> <span class='ocrx_word' id='word_1_445' title='bbox 1591 2329 1787 2363; x_wconf 86' lang='lat' dir='ltr'>sacrificium</span> 
     </span>
     <span class='ocr_line' id='line_1_47' title="bbox 200 2387 1787 2433; baseline -0.001 -11"><span class='ocrx_word' id='word_1_446' title='bbox 200 2390 269 2422; x_wconf 89' lang='lat' dir='ltr'>loco</span> <span class='ocrx_word' id='word_1_447' title='bbox 285 2400 343 2422; x_wconf 91' lang='lat' dir='ltr'>suo</span> <span class='ocrx_word' id='word_1_448' title='bbox 359 2392 673 2428; x_wconf 84' lang='lat' dir='ltr'>commemorentur,</span> <span class='ocrx_word' id='word_1_449' title='bbox 698 2391 820 2429; x_wconf 88' lang='lat' dir='ltr'>oretur,</span> <span class='ocrx_word' id='word_1_450' title='bbox 839 2399 874 2419; x_wconf 88' lang='lat' dir='ltr'>ac</span> <span class='ocrx_word' id='word_1_451' title='bbox 899 2399 956 2432; x_wconf 92' lang='lat' dir='ltr'>pro</span> <span class='ocrx_word' id='word_1_452' title='bbox 979 2388 1044 2420; x_wconf 88' lang='lat' dir='ltr'>illis</span> <span class='ocrx_word' id='word_1_453' title='bbox 1069 2400 1200 2433; x_wconf 86' lang='lat' dir='ltr'>quoque</span> <span class='ocrx_word' id='word_1_454' title='bbox 1224 2388 1254 2420; x_wconf 87' lang='lat' dir='ltr'>id</span> <span class='ocrx_word' id='word_1_455' title='bbox 1278 2388 1387 2420; x_wconf 80' lang='lat' dir='ltr'>offerri</span> <span class='ocrx_word' id='word_1_456' title='bbox 1410 2391 1694 2420; x_wconf 86' lang='lat' dir='ltr'>commemoretur.</span> <span class='ocrx_word' id='word_1_457' title='bbox 1715 2387 1787 2420; x_wconf 94' lang='lat' dir='ltr'>Non</span> 
     </span>
     <span class='ocr_line' id='line_1_48' title="bbox 201 2445 1785 2490; baseline -0.002 -10"><span class='ocrx_word' id='word_1_458' title='bbox 201 2452 247 2480; x_wconf 88' lang='lat' dir='ltr'>est</span> <span class='ocrx_word' id='word_1_459' title='bbox 261 2458 338 2490; x_wconf 84' lang='lat' dir='ltr'>ergo</span> <span class='ocrx_word' id='word_1_460' title='bbox 353 2445 585 2488; x_wconf 80' lang='lat' dir='ltr'>ambigendum</span> <span class='ocrx_word' id='word_1_461' title='bbox 604 2445 663 2477; x_wconf 86' lang='lat' dir='ltr'>ista</span> <span class='ocrx_word' id='word_1_462' title='bbox 678 2445 825 2489; x_wconf 79' lang='lat' dir='ltr'>prodesse</span> <span class='ocrx_word' id='word_1_463' title='bbox 841 2445 1017 2486; x_wconf 75' lang='lat' dir='ltr'>det&#39;unctis3</span> <span class='ocrx_word' id='word_1_464' title='bbox 1032 2445 1086 2478; x_wconf 84' lang='lat' dir='ltr'>sed</span> <span class='ocrx_word' id='word_1_465' title='bbox 1100 2445 1220 2478; x_wconf 85' lang='lat' dir='ltr'>talibus</span> <span class='ocrx_word' id='word_1_466' title='bbox 1231 2470 1238 2486; x_wconf 90' lang='lat'>,</span> <span class='ocrx_word' id='word_1_467' title='bbox 1251 2445 1308 2489; x_wconf 88' lang='lat' dir='ltr'>qui</span> <span class='ocrx_word' id='word_1_468' title='bbox 1322 2446 1367 2478; x_wconf 89' lang='lat' dir='ltr'>ita</span> <span class='ocrx_word' id='word_1_469' title='bbox 1381 2445 1534 2478; x_wconf 76' lang='lat' dir='ltr'>vixerunt</span> <span class='ocrx_word' id='word_1_470' title='bbox 1546 2449 1620 2478; x_wconf 88' lang='lat' dir='ltr'>ante</span> <span class='ocrx_word' id='word_1_471' title='bbox 1634 2449 1785 2486; x_wconf 89' lang='lat' dir='ltr'>mortem,</span> 
     </span>
    </p>
   </div>
   <div class='ocr_carea' id='block_1_7' title="bbox 201 2542 1789 2644">
    <p class='ocr_par' dir='ltr' id='par_1_8' title="bbox 201 2542 1789 2644">
     <span class='ocr_line' id='line_1_49' title="bbox 233 2542 1789 2576; baseline -0.001 -8"><span class='ocrx_word' id='word_1_472' title='bbox 233 2546 239 2562; x_wconf 88' lang='lat'>¹</span> <span class='ocrx_word' id='word_1_473' title='bbox 254 2547 328 2576; x_wconf 58' lang='lat' dir='ltr'>Aug„</span> <span class='ocrx_word' id='word_1_474' title='bbox 345 2545 370 2568; x_wconf 75' lang='lat' dir='ltr'>in</span> <span class='ocrx_word' id='word_1_475' title='bbox 389 2544 449 2568; x_wconf 81' lang='lat' dir='ltr'>Joan</span> <span class='ocrx_word' id='word_1_476' title='bbox 464 2561 470 2573; x_wconf 88' lang='lat'><em>‚</em></span> <span class='ocrx_word' id='word_1_477' title='bbox 493 2545 563 2567; x_wconf 81' lang='lat' dir='ltr'>tract.</span> <span class='ocrx_word' id='word_1_478' title='bbox 581 2549 652 2572; x_wconf 65' lang='lat' dir='ltr'>nm,</span> <span class='ocrx_word' id='word_1_479' title='bbox 669 2549 694 2565; x_wconf 87' lang='lat' dir='ltr'>u.</span> <span class='ocrx_word' id='word_1_480' title='bbox 720 2544 755 2572; x_wconf 81' lang='lat'>10,</span> <span class='ocrx_word' id='word_1_481' title='bbox 772 2545 796 2566; x_wconf 85' lang='lat' dir='ltr'>et</span> <span class='ocrx_word' id='word_1_482' title='bbox 815 2543 839 2566; x_wconf 86' lang='lat' dir='ltr'>iu</span> <span class='ocrx_word' id='word_1_483' title='bbox 857 2542 938 2567; x_wconf 73' lang='lat' dir='ltr'>Gloss.</span> <span class='ocrx_word' id='word_1_484' title='bbox 954 2551 1030 2574; x_wconf 72' lang='lat' dir='ltr'>super</span> <span class='ocrx_word' id='word_1_485' title='bbox 1045 2544 1051 2567; x_wconf 90' lang='lat' dir='ltr'>l</span> <span class='ocrx_word' id='word_1_486' title='bbox 1070 2543 1160 2572; x_wconf 61' lang='lat' dir='ltr'>Thess„</span> <span class='ocrx_word' id='word_1_487' title='bbox 1177 2549 1210 2573; x_wconf 82' lang='lat' dir='ltr'>iv,</span> <span class='ocrx_word' id='word_1_488' title='bbox 1230 2544 1265 2567; x_wconf 81' lang='lat' dir='ltr'>tG.</span> <span class='ocrx_word' id='word_1_489' title='bbox 1279 2556 1308 2561; x_wconf 92' lang='lat'>—</span> <span class='ocrx_word' id='word_1_490' title='bbox 1323 2544 1333 2559; x_wconf 64' lang='lat'>³</span> <span class='ocrx_word' id='word_1_491' title='bbox 1349 2543 1374 2567; x_wconf 82' lang='lat' dir='ltr'>td</span> <span class='ocrx_word' id='word_1_492' title='bbox 1389 2563 1394 2571; x_wconf 82' lang='lat'>‚</span> <span class='ocrx_word' id='word_1_493' title='bbox 1408 2543 1547 2572; x_wconf 69' lang='lat' dir='ltr'>Enchiricl„</span> <span class='ocrx_word' id='word_1_494' title='bbox 1563 2550 1588 2566; x_wconf 71' lang='lat' dir='ltr'>c¹</span> <span class='ocrx_word' id='word_1_495' title='bbox 1602 2549 1654 2572; x_wconf 72' lang='lat' dir='ltr'>crx,</span> <span class='ocrx_word' id='word_1_496' title='bbox 1670 2549 1696 2566; x_wconf 87' lang='lat' dir='ltr'>n.</span> <span class='ocrx_word' id='word_1_497' title='bbox 1711 2544 1750 2574; x_wconf 82' lang='lat'>29,</span> <span class='ocrx_word' id='word_1_498' title='bbox 1764 2546 1789 2567; x_wconf 82' lang='lat' dir='ltr'>et</span> 
     </span>
     <span class='ocr_line' id='line_1_50' title="bbox 201 2577 1789 2609; baseline -0.002 -5"><span class='ocrx_word' id='word_1_499' title='bbox 201 2581 309 2604; x_wconf 79' lang='lat' dir='ltr'>habetur</span> <span class='ocrx_word' id='word_1_500' title='bbox 325 2586 393 2603; x_wconf 84' lang='lat' dir='ltr'>caus.</span> <span class='ocrx_word' id='word_1_501' title='bbox 406 2584 463 2606; x_wconf 77' lang='lat' dir='ltr'>xiii,</span> <span class='ocrx_word' id='word_1_502' title='bbox 480 2586 505 2609; x_wconf 88' lang='lat' dir='ltr'>q.</span> <span class='ocrx_word' id='word_1_503' title='bbox 525 2584 551 2606; x_wconf 88' lang='lat' dir='ltr'>u,</span> <span class='ocrx_word' id='word_1_504' title='bbox 570 2584 592 2601; x_wconf 89' lang='lat' dir='ltr'>c.</span> <span class='ocrx_word' id='word_1_505' title='bbox 611 2577 752 2607; x_wconf 77' lang='lat' dir='ltr'>Tempus.—</span> <span class='ocrx_word' id='word_1_506' title='bbox 768 2577 775 2590; x_wconf 81' lang='lat'><strong>³</strong></span> <span class='ocrx_word' id='word_1_507' title='bbox 790 2578 836 2607; x_wconf 61' lang='lat' dir='ltr'>ld„</span> <span class='ocrx_word' id='word_1_508' title='bbox 852 2578 993 2603; x_wconf 58' lang='lat' dir='ltr'>Euam-id„</span> <span class='ocrx_word' id='word_1_509' title='bbox 1008 2586 1031 2601; x_wconf 81' lang='lat' dir='ltr'>c.</span> <span class='ocrx_word' id='word_1_510' title='bbox 1051 2584 1081 2602; x_wconf 81' lang='lat' dir='ltr'>cx</span> <span class='ocrx_word' id='word_1_511' title='bbox 1095 2591 1124 2596; x_wconf 90' lang='lat'>—</span> <span class='ocrx_word' id='word_1_512' title='bbox 1139 2579 1148 2594; x_wconf 62' lang='grc' dir='ltr'>δ</span> <span class='ocrx_word' id='word_1_513' title='bbox 1165 2578 1240 2607; x_wconf 63' lang='lat' dir='ltr'>Hom„</span> <span class='ocrx_word' id='word_1_514' title='bbox 1257 2584 1309 2605; x_wconf 69' lang='lat' dir='ltr'>mr.</span> <span class='ocrx_word' id='word_1_515' title='bbox 1326 2580 1369 2608; x_wconf 77' lang='lat'>103</span> <span class='ocrx_word' id='word_1_516' title='bbox 1388 2579 1405 2602; x_wconf 83' lang='lat' dir='ltr'>tt</span> <span class='ocrx_word' id='word_1_517' title='bbox 1423 2578 1491 2606; x_wconf 59' lang='lat' dir='ltr'>Corn,</span> <span class='ocrx_word' id='word_1_518' title='bbox 1508 2584 1532 2607; x_wconf 84' lang='lat' dir='ltr'>V,</span> <span class='ocrx_word' id='word_1_519' title='bbox 1548 2579 1586 2602; x_wconf 80' lang='lat'>¹0.</span> <span class='ocrx_word' id='word_1_520' title='bbox 1600 2590 1629 2595; x_wconf 92' lang='lat'>—</span> <span class='ocrx_word' id='word_1_521' title='bbox 1645 2578 1655 2594; x_wconf 79' lang='lat'>⁸</span> <span class='ocrx_word' id='word_1_522' title='bbox 1671 2579 1745 2609; x_wconf 65' lang='lat' dir='ltr'>Aug„</span> <span class='ocrx_word' id='word_1_523' title='bbox 1759 2577 1789 2601; x_wconf 79' lang='lat' dir='ltr'>de</span> 
     </span>
     <span class='ocr_line' id='line_1_51' title="bbox 202 2612 1382 2644; baseline -0.002 -6"><span class='ocrx_word' id='word_1_524' title='bbox 202 2614 266 2638; x_wconf 32' lang='lat' dir='ltr'>›vm-b,</span> <span class='ocrx_word' id='word_1_525' title='bbox 281 2616 367 2644; x_wconf 62' lang='lat' dir='ltr'>:ipos-t.</span> <span class='ocrx_word' id='word_1_526' title='bbox 380 2621 457 2637; x_wconf 78' lang='lat' dir='ltr'>serm.</span> <span class='ocrx_word' id='word_1_527' title='bbox 471 2619 551 2642; x_wconf 72' lang='lat' dir='ltr'>xxxii,</span> <span class='ocrx_word' id='word_1_528' title='bbox 565 2612 797 2636; x_wconf 49' lang='lat' dir='ltr'>a·1.sf&gt;1·1u.c1„.xxxuv</span> <span class='ocrx_word' id='word_1_529' title='bbox 812 2619 837 2635; x_wconf 86' lang='lat' dir='ltr'>n.</span> <span class='ocrx_word' id='word_1_530' title='bbox 852 2615 875 2643; x_wconf 78' lang='lat'>2,</span> <span class='ocrx_word' id='word_1_531' title='bbox 891 2616 912 2635; x_wconf 47' lang='grc' dir='ltr'>ΡΙ</span> <span class='ocrx_word' id='word_1_532' title='bbox 929 2613 954 2636; x_wconf 90' lang='lat' dir='ltr'>in</span> <span class='ocrx_word' id='word_1_533' title='bbox 971 2614 1051 2637; x_wconf 75' lang='lat' dir='ltr'>Gloss.</span> <span class='ocrx_word' id='word_1_534' title='bbox 1069 2620 1144 2644; x_wconf 73' lang='lat' dir='ltr'>super</span> <span class='ocrx_word' id='word_1_535' title='bbox 1160 2614 1165 2636; x_wconf 92' lang='grc' dir='ltr'>Ι</span> <span class='ocrx_word' id='word_1_536' title='bbox 1187 2614 1276 2642; x_wconf 55' lang='lat' dir='ltr'>Thess„</span> <span class='ocrx_word' id='word_1_537' title='bbox 1294 2619 1328 2642; x_wconf 77' lang='lat' dir='ltr'>lv,</span> <span class='ocrx_word' id='word_1_538' title='bbox 1349 2616 1382 2636; x_wconf 74' lang='lat'>12.</span> 
     </span>
    </p>
   </div>
   <div class='ocr_carea' id='block_1_8' title="bbox 233 2660 1788 2693">
    <p class='ocr_par' dir='ltr' id='par_1_9' title="bbox 233 2660 1788 2693">
     <span class='ocr_line' id='line_1_52' title="bbox 233 2660 1788 2693; baseline 0.001 -10"><span class='ocrx_word' id='word_1_539' title='bbox 233 2665 262 2692; x_wconf 67' lang='grc' dir='ltr'>ια)</span> <span class='ocrx_word' id='word_1_540' title='bbox 278 2663 349 2693; x_wconf 66' lang='lat' dir='ltr'>Apud</span> <span class='ocrx_word' id='word_1_541' title='bbox 363 2664 436 2692; x_wconf 74' lang='lat' dir='ltr'>Any..</span> <span class='ocrx_word' id='word_1_542' title='bbox 453 2662 512 2685; x_wconf 70' lang='lat' dir='ltr'>edil.</span> <span class='ocrx_word' id='word_1_543' title='bbox 528 2662 629 2690; x_wconf 74' lang='lat' dir='ltr'>Gaume,</span> <span class='ocrx_word' id='word_1_544' title='bbox 646 2660 801 2684; x_wconf 78' lang='lat' dir='ltr'>mediatoris.</span> <span class='ocrx_word' id='word_1_545' title='bbox 818 2674 846 2678; x_wconf 90' lang='lat'>—</span> <span class='ocrx_word' id='word_1_546' title='bbox 860 2662 893 2690; x_wconf 79' lang='lat' dir='ltr'>(b)</span> <span class='ocrx_word' id='word_1_547' title='bbox 913 2662 983 2692; x_wconf 71' lang='lat' dir='ltr'>Vulg.</span> <span class='ocrx_word' id='word_1_548' title='bbox 998 2663 1099 2692; x_wconf 67' lang='lat' dir='ltr'>propria</span> <span class='ocrx_word' id='word_1_549' title='bbox 1115 2663 1238 2692; x_wconf 65' lang='lat' dir='ltr'>corpor-ix,</span> <span class='ocrx_word' id='word_1_550' title='bbox 1251 2662 1324 2691; x_wconf 73' lang='lat' dir='ltr'>prout</span> <span class='ocrx_word' id='word_1_551' title='bbox 1336 2662 1423 2691; x_wconf 73' lang='lat' dir='ltr'>yessit,</span> <span class='ocrx_word' id='word_1_552' title='bbox 1439 2661 1490 2684; x_wconf 79' lang='lat' dir='ltr'>sive</span> <span class='ocrx_word' id='word_1_553' title='bbox 1505 2660 1607 2690; x_wconf 81' lang='lat' dir='ltr'>bonum,</span> <span class='ocrx_word' id='word_1_554' title='bbox 1622 2662 1672 2684; x_wconf 81' lang='lat' dir='ltr'>sive</span> <span class='ocrx_word' id='word_1_555' title='bbox 1687 2660 1788 2685; x_wconf 81' lang='lat' dir='ltr'>malum.</span> 
     </span>
    </p>
   </div>
  </div>
 </body>
</html>
