1991 3006
19 1566 96 1593 Opinio

7 1598 98 1625 propria.

8 1629 111 1655 Appella-

7 1659 36 1680 tio
78 1659 103 1678 tri

7 1689 64 1716 plex.

607 217 700 248 DIST.
720 216 840 248 XXVII.
863 215 953 246 ART.
978 215 1000 245 l.
1022 214 1170 252 QUAEST.
1195 214 1231 244 ΙΙ.

124 282 196 312 talis
214 283 330 314 mulier
348 283 469 314 dicatur
483 285 594 321 mater,
611 284 687 314 falso
705 284 766 314 tale
779 283 891 314 vincu-

125 335 192 365 lum
207 335 321 366 dicitur
335 336 584 366 matrimonium.

395 454 616 486 CONCLUSIO.

127 542 332 568 Matrimonium
354 542 445 575 plures
471 542 549 568 habet
570 543 757 576 etymoloyias,
779 549 893 576 quarum

158 587 249 620 potior
274 587 311 611 est
337 585 407 620 quod
429 586 532 612 dicitur
556 587 650 612 matris
678 587 814 615 mimium,
837 593 894 612 cum

160 630 275 655 maatime
296 630 320 655 ei
339 630 472 655 incumbat
487 631 635 664 concipere,
651 633 758 665 portare
764 650 773 664 ,
788 638 893 664 parere,

161 673 272 705 nutrire,
289 674 314 700 et
328 675 453 707 compati.

165 758 255 797 Resp.
277 759 315 788 ad
334 767 404 797 arg.
429 758 598 789 Dicendum
614 760 699 799 quod
720 759 817 798 aliqui
839 769 893 790 vo-

124 811 253 842 luerunt
281 812 382 842 dicere
410 812 493 851 quod
518 812 594 843 illud
619 813 802 849 vinculum,
828 813 895 843 sive

125 863 319 902 conjunctio,
336 872 397 893 non
414 863 635 894 denominatur
653 873 672 893 a
686 866 785 903 patre,
803 873 859 894 nec
878 874 897 895 a

126 918 246 953 matre;
265 915 318 946 sed
334 925 405 945 cum
423 916 461 945 sit
482 916 646 947 vinculum
663 926 780 954 unum,
799 917 895 947 deno-

126 968 266 998 minatur
280 969 320 998 ab
334 971 481 1007 utroque,
498 969 530 999 in
550 971 704 1008 quantum
720 970 894 1000 uniuntur:

125 1024 155 1052 et:
165 1022 315 1061 quoniam
329 1024 454 1061 pateret
464 1024 575 1060 mater,
588 1023 655 1053 sive
667 1023 755 1054 viret
767 1023 894 1061 mulier,

125 1075 280 1105 uniuntur
301 1077 337 1106 ut
360 1076 422 1106 sint
446 1085 510 1106 una
533 1076 665 1106 materia
688 1077 802 1116 prolis,
828 1077 897 1108 ideo

125 1128 184 1158 hoc
201 1130 434 1159 sacramentum
455 1130 692 1160 matrimonium
707 1130 894 1169 appellatur,

126 1189 191 1211 non
212 1190 230 1210 a
248 1183 364 1218 matre,
383 1181 436 1211 sed
462 1191 480 1211 a
502 1182 650 1219 materia,
678 1184 708 1212 et
732 1191 750 1212 a
773 1191 894 1220 monos,

126 1233 210 1274 quod
233 1236 279 1264 est
303 1243 426 1264 unum:
451 1235 523 1265 inde
546 1235 784 1265 matrimonium
806 1236 896 1274 quasi

126 1287 222 1317 unius
241 1287 383 1317 materia.
404 1287 463 1317 Sed
484 1287 554 1317 licet
573 1287 651 1317 illud
668 1287 810 1317 videatur
824 1297 897 1327 pro-

126 1339 272 1369 babiliter
286 1339 363 1376 dici,
387 1342 491 1369 tamen
507 1342 552 1370 est
567 1342 676 1369 contra
697 1340 849 1370 Isidorum
865 1341 898 1371 in

126 1401 210 1423 nono
233 1392 314 1423 libro
339 1393 627 1433 Etymoloqz‘arum,
652 1402 719 1432 cap.
749 1393 817 1431 ult.7
842 1395 897 1424 ubi

127 1445 213 1482 djcit‚
235 1446 319 1485 quod
339 1447 579 1476 matrimonium
600 1446 715 1476 dicitur
735 1456 753 1476 a
768 1448 893 1477 matre:

126 1499 210 1529 unde
229 1501 373 1529 matrona
393 1499 517 1537 dicitur,
541 1508 613 1539 quse
633 1500 702 1538 J'am
721 1500 843 1538 nupsit3
868 1503 897 1530 et

127 1554 172 1582 est
192 1552 274 1582 dicta
295 1555 438 1583 matrona
461 1553 550 1592 quasi
570 1554 670 1582 mater
693 1552 767 1582 nati.
793 1551 895 1591 Unde,

126 1605 205 1636 sicut
220 1605 261 1635 ibi
282 1605 452 1644 colligitur,
470 1606 528 1636 hoe
542 1608 774 1636 sacramentum
790 1606 895 1646 appel-

105 1671 112 1674 -
127 1657 211 1688 latur
227 1658 429 1698 conjugium,
447 1658 622 1698 appellatur
640 1661 670 1688 et
692 1659 827 1698 nuptiae,
845 1668 897 1699 ap-

127 1710 261 1750 pellatur
275 1713 305 1741 et
320 1711 572 1741 matrimonium.
591 1710 629 1741 Et
644 1711 725 1741 hanc
741 1711 896 1750 triplicem

127 1764 414 1795 denominationem
437 1764 531 1794 hahet
551 1764 725 1794 secundum
741 1764 896 1804 triplicem

127 1818 403 1857 comparationem,
414 1818 481 1848 sive
489 1817 781 1848 considerationem.
794 1817 898 1850 Potest

126 1870 212 1901 enim
226 1870 417 1901 considerari
437 1870 611 1901 secundum
630 1870 708 1900 illud
727 1871 810 1909 quod
829 1874 894 1902 est:

126 1927 157 1954 et
179 1924 222 1954 sic
247 1924 361 1954 dicitur
385 1924 588 1963 conjugium,
616 1923 706 1962 quasi
729 1932 898 1955 commune

123 1977 255 2015 Jugum,
272 1976 346 2016 quia
361 1978 510 2006 mutuum
526 1978 570 2006 est
584 1976 760 2014 vinculum,
777 1978 808 2007 et
824 1986 895 2007 mu-

127 2030 182 2059 tua
196 2030 332 2068 potestas
345 2038 352 2059 :
365 2031 394 2059 et
409 2029 466 2058 hoc
481 2029 554 2058 dicit
569 2028 715 2067 Isidorus,
740 2038 773 2060 ix
789 2030 894 2070 Etym.

128 2081 190 2111 Aut
209 2081 383 2122 secundum
405 2081 537 2120 signum
561 2081 594 2111 in
615 2091 678 2120 quo
693 2085 841 2121 apparet:
866 2085 897 2114 et

127 2134 171 2164 sic
185 2134 333 2165 dicuntur
353 2135 486 2173 nuptiae,
508 2135 597 2174 quasi
613 2143 631 2164 a
645 2135 800 2173 nubibus,
822 2135 897 2175 quia

126 2187 281 2218 nubentes
300 2188 415 2227 operiri
433 2188 589 2226 solebant,
614 2190 644 2218 et
665 2197 775 2218 eorum
796 2189 897 2228 capita

127 2239 325 2278 velabantur,
347 2241 432 2271 unde
449 2242 479 2271 et
499 2249 616 2271 nomen
632 2241 821 2271 translatum
839 2244 895 2272 est.

127 2293 191 2324 Aut
204 2293 378 2324 secundum
399 2294 537 2324 fructum
557 2294 595 2324 ad
617 2303 712 2334 quem
733 2294 894 2334 perducit:

128 2349 159 2377 et
177 2347 328 2385 quoniam
342 2347 484 2387 perducit
502 2346 540 2376 ad
560 2347 680 2377 bonum
699 2347 810 2386 prolis,
828 2347 897 2378 ideo

129 2399 368 2429 matrimonium
389 2399 575 2439 appellatur.
592 2399 694 2438 Magis
713 2402 818 2430 autem
839 2400 895 2431 bo-

129 2461 207 2482 num
217 2453 313 2492 prolis
323 2462 380 2492 per
393 2453 502 2483 matris
516 2461 632 2483 nomen
644 2453 737 2483 datur
748 2453 894 2492 intelligi,

128 2505 205 2544 quia
226 2506 338 2536 mulier
361 2509 489 2545 propter
511 2505 759 2545 procreationem
782 2506 896 2537 libero-

162 2586 170 2602 ¹
181 2586 255 2616 Aug„
268 2587 330 2610 cont.
349 2586 446 2617 Faust„
461 2586 503 2611 lib.
521 2586 586 2616 XVt,
598 2592 621 2610 c.
635 2592 738 2610 nvn—
750 2587 761 2602 ²
770 2587 853 2617 Prov„
868 2593 897 2619 ιι,

134 2621 169 2644 Π.
182 2633 210 2637 —-
222 2619 303 2651 ³1³0„
316 2626 334 2651 1,
352 2622 387 2645 Π.

1660 214 1718 243 229

948 291 1019 312 rum
1036 282 1116 312 facta
1130 283 1174 311 est
1194 281 1226 310 in
1245 280 1438 320 adjutorium
1456 279 1533 316 viri,
1552 281 1582 309 et
1596 280 1670 318 quia
1685 280 1719 310 in

948 335 1162 374 procreatione
1187 333 1282 373 prolis
1300 334 1404 372 magis
1426 333 1579 363 incumbit
1598 332 1655 363 sibi
1678 333 1720 363 la-

948 388 1015 417 bor.
1028 387 1114 417 Unde
1127 389 1212 423 nota,
1228 386 1311 424 quod
1328 386 1568 416 matrimonium
1583 388 1720 425 quatuor
1736 399 1842 420 Matrimo-

949 441 1042 470 habet
1054 439 1264 479 etymologias
1279 438 1451 468 secundum
1468 448 1584 469 nomen
1597 439 1718 469 matris.
1735 432 1777 482 ¹³³2]

948 493 1016 523 Uno
1036 493 1130 523 modo
1149 493 1264 522 dicitur
1282 491 1538 529 matrimonium,
1564 492 1638 531 quia
1658 501 1721 522 ma·
1737 494 1843 551 {iipffissa'

948 547 1004 576 tris
1017 555 1128 576 nomos
1147 547 1200 583 (αἲ,
1217 545 1246 575 id
1264 547 1309 574 est
1326 545 1392 581 lex,
1411 545 1501 583 qnia,
1518 547 1553 574 ut
1575 545 1643 574 dicit
1662 545 1723 575 Au-

951 600 1099 639 gustinus
1118 602 1230 630 contra
1250 598 1403 629 Faustum
1418 598 1437 633 ¹.
1460 609 1474 625 α
1496 597 1543 627 Acl
1558 597 1616 627 hoc
1633 598 1724 629 debet

949 653 1066 683 semina
1085 652 1218 687 nubere,
1241 663 1254 678 n
1276 654 1333 681 etc.
1355 650 1498 681 Secundo
1519 651 1626 688 modo,
1649 652 1724 690 quia

950 708 1085 735 matrem
1098 707 1215 742 monet,
1228 707 1263 734 ut
1274 706 1376 733 servet
1392 703 1493 733 foedus
1507 706 1616 733 contra
1630 704 1723 734 luxu-

950 759 1041 788 riam.
1055 758 1169 787 Contra
1185 757 1268 796 quod
1284 756 1438 786 (licitum-²:
1457 756 1597 795 Reliquit
1615 756 1649 795 lb)
1667 756 1725 787 du-

950 820 1012 843 cem
1026 811 1223 850 pubertatis,
1243 812 1270 841 et
1284 810 1373 848 ¹pacti
1389 809 1444 840 Dei
1458 809 1526 846 sui,
1544 811 1602 839 etc.
1622 809 1724 839 Tertio

952 864 1062 898 modo,
1085 863 1160 903 quia
1184 865 1317 892 matrem
1340 863 1372 891 iu
1395 862 1461 891 vita
1480 861 1630 899 defendit,
1656 864 1725 892 tum

951 927 1006 957 per
1021 917 1139 954 virum,
1155 918 1223 945 tum
1239 924 1294 954 per
1312 914 1443 954 prolem,
1460 915 1536 954 quia
1552 915 1667 945 mulier
1682 916 1727 945 in-

951 971 1039 1009 diget
1053 969 1246 999 defensore³z
1263 967 1428 1006 Defendite
1439 967 1583 998 viduam.
1595 967 1724 1006 Quarto,

952 1022 1194 1052 matrimonium
1210 1021 1324 1051 dicitur
1342 1020 1451 1049 matris
1467 1021 1624 1058 munium,
1638 1021 1668 1051 id
1681 1023 1727 1051 est

953 1076 1062 1106 matris
1074 1075 1224 1111 officium,
1238 1083 1295 1113 pro
1313 1083 1349 1104 co
1365 1074 1448 1113 quod
1464 1074 1559 1113 prolis
1575 1075 1725 1105 enutritio

952 1132 981 1161 ct
1004 1128 1168 1168 acquisitio
1191 1127 1329 1157 maxime
1352 1129 1471 1166 spectat
1495 1127 1532 1157 ad
1559 1128 1726 1158 mulierem

952 1184 984 1213 in
1000 1181 1212 1221 concipiendo,
1229 1181 1262 1210 in
1286 1180 1448 1219 portando,
1466 1180 1497 1209 in
1514 1181 1673 1219 pariendo7
1693 1182 1725 1212 in

952 1235 1135 1267 nutriendo.
1160 1237 1190 1264 et
1213 1234 1244 1263 in
1269 1233 1487 1272 compatiendo
1506 1245 1511 1263 :
1540 1234 1623 1264 unde
1646 1234 1726 1264 sicut

954 1289 1105 1329 possessio
1120 1288 1232 1318 dicitur
1247 1287 1486 1326 patrimonium,
1505 1287 1579 1326 quia
1595 1290 1726 1326 paterna

953 1342 1161 1373 sollicitu=3line
1181 1341 1365 1380 acquiritur,
1384 1340 1426 1369 sic
1446 1340 1540 1379 prolis
1560 1341 1725 1380 acquisitio

954 1395 1193 1426 matrimonium
1213 1398 1258 1424 est
1275 1405 1281 1423 z
1305 1394 1373 1423 haec
1398 1394 1444 1423 est
1466 1393 1628 1432 potissima
1645 1393 1726 1424 inter

953 1455 1063 1477 omnes
1079 1445 1297 1485 etymologias,

997 1503 1007 1530 1
1027 1501 1056 1529 et
1070 1501 1099 1529 ⁶2.
1116 1499 1161 1528 Ad
1182 1498 1259 1527 illud
1275 1506 1353 1535 ergo
1369 1497 1451 1536 quod
1467 1497 1624 1535 objicitur,
1643 1498 1726 1537 quod

953 1562 971 1583 a
987 1551 1127 1591 digniori
1137 1551 1228 1581 dehet
1240 1550 1308 1580 fieri
1319 1549 1544 1585 denominatio,
1558 1549 1725 1580 dicendum

953 1606 1035 1646 quod
1052 1604 1265 1635 denominatio
1281 1606 1325 1634 est
1340 1612 1358 1633 a
1372 1604 1476 1633 fructu
1490 1604 1621 1641 ventris,
1637 1606 1666 1633 et
1683 1605 1726 1634 ita

955 1669 972 1689 a
987 1658 1136 1697 digniori.
1156 1657 1240 1687 Unde
1254 1666 1319 1686 non
1339 1657 1373 1686 fit
1389 1657 1604 1687 denominatio
1619 1667 1637 1687 a
1653 1667 1724 1688 mu-

953 1712 1028 1741 liere
1043 1710 1216 1741 secundum
1234 1710 1318 1749 quod
1338 1709 1463 1747 mulier,
1481 1709 1533 1740 sed
1550 1710 1724 1740 secundum

953 1764 1035 1805 quod
1052 1767 1166 1794 mater:
1185 1765 1213 1793 et
1228 1772 1285 1803 per
1298 1763 1358 1793 hoc
1373 1765 1455 1802 patet
1470 1772 1616 1802 sequens,
1629 1773 1646 1792 a
1662 1773 1725 1803 quo

955 1827 1072 1857 genere
1093 1826 1196 1847 causae
1216 1816 1364 1853 sumitur,
1382 1816 1458 1856 quia
1477 1826 1495 1846 a
1510 1826 1604 1847 causa
1621 1818 1722 1855 finali,

954 1882 971 1901 a
991 1880 1055 1911 qua
1072 1871 1211 1901 maxime
1229 1870 1342 1900 dehent
1366 1872 1561 1900 sacramenta
1579 1870 1724 1900 denomi-

954 1924 1034 1954 nari.

999 1980 1026 2008 3.
1054 1977 1100 2007 Ad
1123 1976 1200 2006 illud
1225 1975 1309 2015 quod
1333 1975 1482 2014 objicitur
1508 1975 1546 2005 de
1575 1975 1725 2006 relatione

954 2029 1205 2070 aequiparantiae,
1223 2028 1392 2058 dicendum
1409 2028 1493 2067 quod
1511 2028 1595 2058 istud
1607 2028 1725 2058 vincu-

953 2083 1018 2113 lum
1044 2083 1077 2112 in
1102 2091 1134 2111 se
1160 2081 1392 2111 consideratum
1413 2080 1577 2120 aequaliter
1600 2081 1725 2120 respicit

954 2139 1127 2175 utrumque
1144 2137 1342 2171 extremum3
1360 2134 1413 2164 sed
1427 2133 1562 2164 relatum
1577 2134 1616 2164 ad
1628 2134 1724 2165 effec-

953 2193 1039 2227 tum,
1059 2198 1122 2219 non
1138 2199 1145 2218 :
1163 2191 1193 2219 et
1216 2188 1268 2217 hic
1283 2187 1318 2217 fit
1336 2187 1548 2217 denominatio
1567 2196 1623 2226 per
1637 2196 1724 2217 com-

953 2242 1147 2283 parationem
1163 2241 1201 2271 ad
1216 2240 1374 2270 effectum.

995 2298 1024 2325 sk.
1044 2295 1087 2325 Ad
1104 2293 1182 2324 illud
1195 2293 1280 2333 quod
1295 2292 1454 2332 objicitur,
1468 2292 1552 2332 quod
1567 2301 1631 2322 non
1646 2302 1725 2323 sem-

953 2358 1009 2389 per
1030 2348 1147 2378 habent
1166 2347 1297 2386 prolem,
1314 2346 1481 2376 dicendum
1500 2346 1584 2386 quod
1606 2355 1671 2376 non
1692 2347 1726 2376 fit

954 2400 1168 2432 denominatio
1185 2399 1224 2429 ab
1246 2401 1375 2436 eventu,
1400 2398 1453 2429 sed
1479 2399 1518 2429 ah
1539 2399 1723 2436 intentione,

956 2456 1081 2493 propter
1102 2461 1199 2492 quam
1223 2451 1438 2491 principaliter
1464 2452 1645 2482 institutum
1667 2451 1725 2481 fuit

954 2508 1206 2537 sacramentum:
1231 2505 1301 2536 ideo
1316 2505 1359 2535 ibi
1374 2514 1437 2535 non
1460 2507 1506 2536 est
1520 2505 1652 2542 falsitas,
1668 2513 1724 2534 nec

955 2560 1088 2590 vanitas,

987 2622 1020 2653 (a)
1036 2623 1124 2653 Νομος.
1139 2622 1200 2646 coet.
1216 2621 1276 2645 edit.
1291 2627 1392 2645 monos.
1406 2634 1432 2638 -
1449 2620 1484 2651 (b)
1502 2620 1574 2651 Vulg.
1595 2619 1722 2649 relinquit.
