1991 3006
49 1103 81 1122 Ad
100 1110 150 1129 opp.

634 229 726 260 DIST.
748 228 880 260 XXXIII.
906 229 994 259 ART.
1019 229 1058 261 ΙΙ.
1082 230 1230 267 QUAEST.
1255 232 1307 262 111.

171 306 250 336 ergo
269 297 412 327 coronari
435 296 526 326 dehet
546 295 599 325 illa
620 304 734 326 corona
756 296 862 326 anima
882 296 938 326 de—

171 359 243 380 cora
253 374 262 388 ,
281 351 320 387 (a)
335 349 473 379 maxime
487 348 601 379 Christi
616 357 745 388 sponsa:
761 350 791 378 et
806 349 877 378 talis
893 352 939 379 est

171 404 262 442 virgo
279 415 285 433 :
303 412 382 442 ergo
393 426 402 440 ,
420 405 479 433 etc.

211 456 287 486 Item
312 455 372 485 hoc
397 454 572 485 ostenditur
599 464 653 494 per
673 455 869 495 Scripturam
891 455 897 470 ¹
929 466 934 484 :

170 509 284 539 Mulier
296 509 415 539 amicta
429 508 490 538 sole
507 517 516 536 .·
531 510 558 538 ετ
572 508 608 538 in
622 509 724 547 capite
736 508 803 547 ejus
819 515 934 539 corono

168 561 334 592 duodecim
347 560 520 592 stellarum.
538 560 570 590 Si
585 561 645 590 hoc
654 561 691 590 de
703 562 792 591 beata
805 561 937 599 Virgine

169 616 250 644 recte
264 613 442 653 exponitur,
467 613 547 642 sicut
570 612 710 643 Christus
735 613 936 643 vincentibus

167 666 379 697 communicat
392 666 544 696 thronum
556 689 564 703 ‚
581 666 626 695 sic
640 666 731 696 beata
746 665 846 704 Virgo
863 675 934 705 per-

167 720 243 750 fecte
259 719 490 750 continentibus
505 728 653 749 coronam
668 728 678 749 .·
694 719 737 748 sic
750 743 757 756 ‚
776 721 834 749 etc.

208 771 284 802 Item
296 781 411 802 corona
421 772 553 802 debetur
565 772 710 801 certanti:
727 772 779 802 sed
789 772 931 802 maxima

166 834 276 864 pugna
291 828 336 856 est
350 826 382 855 in
392 835 483 856 carne
497 837 502 855 :
521 835 599 864 ergo
614 826 668 865 qui
683 826 784 865 ipsam
800 828 934 866 perfecte

166 878 263 908 vincit
288 878 343 918 (b),
371 879 461 909 debet
484 879 663 909 notabiliter
685 880 828 909 coronari
856 890 861 909 :
884 880 935 910 sed

164 932 297 970 perfecte
314 931 447 962 vincunt
462 931 604 969 virgines
621 942 627 961 z
646 940 726 970 ergo
749 935 823 962 sunt
845 935 934 962 nota-

165 983 268 1013 biliter
289 983 476 1014 coronandae
495 995 500 1013 :
517 993 595 1022 ergo
619 984 758 1023 aliquam
784 994 932 1016 coronam

166 1035 346 1073 habebunt,
361 1045 457 1075 quam
472 1045 536 1065 non
551 1035 711 1066 habebunt
726 1038 901 1077 conjugati.

205 1088 264 1119 Sed
280 1091 388 1119 contra
404 1099 410 1119 ε
430 1092 456 1118 1.
475 1088 574 1120 Omne
598 1089 748 1119 meritum
772 1090 933 1121 charitatis

167 1143 211 1171 est
227 1152 233 1171 z
251 1150 329 1180 ergo
345 1144 375 1172 et
390 1142 663 1181 p1·aemium:erg0
681 1143 704 1172 si
720 1143 856 1173 charitas
870 1153 935 1174 om-

165 1203 220 1224 nes
231 1194 363 1225 virtutes
379 1197 495 1232 movet,
512 1197 541 1225 et
556 1195 705 1226 omnibus
720 1197 935 1227 communicat

165 1248 333 1281 meritum,
352 1257 430 1287 ergo
455 1250 485 1278 et
500 1248 669 1287 praemium
686 1259 693 1279 ι
712 1258 790 1288 ergo
806 1250 933 1280 nullum

164 1301 333 1339 praemium
346 1301 540 1331 reddendum
552 1304 598 1331 est
614 1302 792 1340 virginitati
806 1303 910 1342 magis
923 1327 931 1339 ,

165 1363 260 1394 quam
276 1355 329 1385 alii
344 1355 465 1385 virtuti.
484 1354 515 1385 Si
540 1355 641 1392 dicas,
659 1355 742 1394 quod
758 1365 871 1386 verum
887 1358 935 1385 est

164 1407 201 1438 de
211 1408 337 1447 praemio
354 1408 563 1445 substantiali,
577 1411 701 1438 contra:
716 1409 841 1439 nullum
855 1418 934 1449 prae-

165 1461 264 1491 mium
287 1461 418 1491 debetur
451 1462 478 1491 ei
503 1462 557 1501 qui
580 1465 663 1492 caret
682 1462 853 1500 charitate,
878 1472 935 1493 nec

165 1514 389 1549 substantiale,
413 1524 471 1544 nec
492 1515 682 1545 accidentale
707 1526 713 1544 :
739 1524 817 1553 ergo
839 1525 933 1546 omne

167 1567 335 1606 praemium
350 1567 481 1597 debetur
496 1568 651 1598 charitati.

203 1622 232 1650 2.
265 1619 359 1658 Item,
385 1620 410 1650 si
437 1621 613 1660 virginitati
644 1621 775 1652 debetur
802 1622 931 1661 aliquod

162 1673 332 1712 praemium
343 1674 594 1712 superadditum,
610 1677 665 1704 aut
678 1674 736 1704 hoc
752 1677 797 1705 est
812 1675 932 1706 ratione

161 1725 354 1756 difficultatis
365 1750 372 1764 ,
392 1729 447 1757 aut
462 1727 582 1758 ratione
600 1728 799 1767 perfectionis
813 1739 818 1758 :
837 1728 862 1758 si
878 1728 932 1758 dif-

161 1779 322 1817 ficultatis,
336 1780 387 1810 sed
403 1780 561 1811 difficilius
572 1783 617 1811 est
628 1791 719 1811 suam
733 1781 931 1812 voluntatem

105 1859 113 1866 ,
160 1833 290 1863 01110100
303 1833 474 1872 abnegare,
488 1836 518 1864 et
535 1843 591 1873 pro
603 1834 726 1865 Christo
738 1835 927 1873 mendicare,

161 1894 257 1925 quam
288 1886 515 1916 continentiam
538 1895 664 1917 servare
686 1895 693 1915 z
724 1896 803 1926 ergo
832 1888 932 1919 multo

160 1938 272 1968 fortius
288 1938 341 1968 tali
356 1938 439 1968 actui
455 1939 587 1969 debetur
602 1940 740 1969 aureola.
763 1940 794 1970 Si
811 1941 931 1971 ratione

160 1991 377 2030 perfectionis,
399 1991 452 2021 sed
478 1992 576 2022 multo
601 1993 769 2031 perfectius
794 1996 840 2024 est
856 1994 931 2025 dili-

159 2052 235 2082 gere
250 2044 394 2074 inimicos
410 2055 416 2074 :
434 2053 530 2083 ergo,
548 2047 606 2074 etc.

199 2099 226 2127 3.
245 2097 322 2127 Item
337 2121 344 2133 ‚
362 2097 387 2126 si
408 2097 581 2136 virginitati
607 2098 738 2129 debetur
761 2100 929 2139 praemium

158 2150 288 2189 speciale
301 2173 308 2186 ,
338 2152 393 2180 aut
422 2159 499 2189 ergo
532 2151 653 2181 ratione
683 2151 929 2192 incorruptionis

157 2203 270 2241 carnis,
287 2205 343 2234 aut
357 2195 471 2234 meritis
488 2214 494 2234 :
511 2204 535 2233 si
549 2205 661 2241 carnis,
680 2214 758 2244 ergo
774 2206 929 2237 violenter

158 2259 304 2296 corrupta
319 2266 382 2287 non
398 2257 529 2287 haberet
544 2258 706 2288 aureolam
718 2283 726 2296 ,
743 2260 835 2298 cujus
850 2269 927 2290 con—

158 2309 290 2340 trarium
313 2310 447 2340 habetur
470 2320 525 2350 per
545 2311 678 2341 verbum
701 2312 827 2343 Luciae:
860 2325 873 2341 «
895 2313 927 2344 Si

157 2363 288 2393 invitam
304 2372 354 2393 me
372 2362 559 2401 violaveris,
584 2365 709 2395 castitas
725 2366 804 2396 mihi
818 2367 926 2406 dupli-

157 2415 279 2446 cabitur
293 2416 332 2446 ad
357 2425 548 2447 coronam.»
574 2417 606 2447 Si
630 2419 806 2449 secundum
829 2420 927 2451 incor-

157 2469 335 2507 ruptionem
351 2469 482 2507 mentis‚
508 2472 562 2500 aut
576 2470 651 2510 quia
676 2480 840 2512 nunquam
856 2484 923 2504 cor-

157 2523 267 2560 rupta,
284 2523 339 2551 aut
353 2522 429 2560 quia
443 2525 589 2561 reparata
604 2534 609 2553 :
628 2524 652 2553 si
669 2524 744 2564 quia
759 2535 924 2566 nunquam

157 2575 315 2613 corrupta,
331 2576 406 2604 tunc
421 2584 498 2614 ergo
513 2577 711 2615 paucissimis
727 2578 859 2610 debetur
872 2589 925 2610 au-

157 2626 259 2664 reola,
280 2628 310 2657 et
325 2627 418 2657 etiam
435 2636 497 2659 non
513 2629 604 2659 beato
623 2629 735 2661 Joanni
748 2656 755 2669 ,
773 2632 848 2672 quia
864 2642 923 2663 vo·-

192 2690 195 2701 '
212 2689 296 2719 Alma,
311 2695 356 2719 χιι,
376 2691 394 2713 l.
409 2703 433 2706 —-
449 2690 481 2720 (a)
494 2691 554 2714 Coee.
571 2691 630 2714 edil,
645 2691 703 2715 add.
720 2694 752 2717 et.
772 2707 801 2711 —
814 2694 845 2723 (ὁ)
862 2696 923 2720 Coer.

1710 237 1767 265 313

997 297 1055 327 luit
1069 298 1199 335 nubere⁷
1213 298 1293 328 sicut
1307 299 1432 336 dicitur,
1450 302 1479 330 et
1494 303 1600 331 tamen
1615 302 1684 340 ejus
1701 301 1762 332 vir-

997 350 1113 387 ginitas
1136 350 1274 380 multum
1298 353 1554 391 commendatur;
1576 354 1601 383 si
1617 354 1691 393 quia
1707 363 1760 384 re-

997 405 1121 441 parata,
1138 412 1215 442 ergo
1230 406 1524 444 quantumcumque
1541 406 1601 436 fuit
1614 406 1760 436 luxuria-

997 457 1063 492 tus,
1089 456 1261 486 dummodo
1284 457 1416 495 perfecte
1445 459 1592 496 poeniteat
1605 482 1612 495 ,
1635 459 1764 489 habebit

995 509 1171 546 aureolam3
1199 509 1224 538 si
1249 510 1425 539 secundum
1454 514 1625 551 utrumque
1642 536 1650 549 ,
1679 513 1760 542 redit

995 561 1098 591 adhuc
1114 563 1216 601 majUs
1232 562 1470 598 inconveniens,
1487 564 1561 603 quia
1577 564 1690 602 nullis,
1708 568 1764 596 aut

995 615 1102 653 paucis
1117 615 1244 645 aureola
1259 615 1425 646 deberetur
1441 617 1488 655 (c).

1034 669 1063 697 4.
1082 667 1177 706 Item,
1193 677 1265 698 cum
1281 669 1457 707 virginitati
1473 670 1623 700 debeatur
1638 671 1762 701 tructus

993 721 1194 758 centesimus,
1209 723 1238 750 et
1248 724 1367 751 constat
1380 722 1464 761 quod
1476 723 1535 753 hoc
1546 732 1606 753 non
1618 726 1664 753 est
1680 733 1763 763 prae-

994 773 1093 803 mium
1110 774 1313 804 substantiale
1324 799 1332 811 ‚
1350 775 1401 804 sed
1418 775 1617 811 accidentale,
1637 776 1761 807 videtur

993 835 1072 864 ergo
1083 827 1165 865 quod
1178 827 1260 857 idem
1269 828 1306 857 sit
1315 828 1454 866 aureola,
1467 829 1549 868 quod
1560 830 1694 859 fructus:
1708 830 1760 859 sed

993 889 1065 909 cum
1074 880 1194 910 fructus
1208 880 1374 910 conveniat
1383 881 1475 911 statui
1487 882 1652 920 virginali,
1664 892 1761 921 quare

994 941 1057 961 non
1072 932 1218 962 aureola?
1233 933 1389 972 quaeritur
1404 943 1481 972 crgo
1496 934 1682 965 differentia.

1267 1013 1489 1045 CONCLUSIO.

995 1091 1169 1125 szryz'rzitatt's
1181 1095 1318 1126 proemium
1328 1102 1379 1120 non
1395 1096 1471 1121 modo
1482 1098 1520 1122 cst
1533 1097 1661 1131 (laudium
1677 1105 1762 1123 essen-

1028 1135 1093 1161 tiale
1104 1136 1222 1163 omnibus
1234 1137 1308 1163 bonis
1322 1146 1469 1172 commune,
1482 1140 1527 1166 sed
1541 1142 1649 1167 aureola
1660 1142 1764 1167 addens

1026 1180 1154 1212 quadrum
1169 1181 1303 1214 quoddam
1319 1182 1495 1209 accidentale.

1032 1249 1122 1289 Resp.
1139 1251 1177 1281 ud
1192 1260 1260 1289 arg.
1278 1251 1449 1283 Dicendum
1460 1253 1545 1292 quod
1559 1253 1671 1293 triplex
1682 1263 1760 1293 prze-

992 1302 1092 1332 mium
1108 1303 1246 1342 legimus
1273 1304 1305 1334 in
1331 1304 1510 1344 Scriptura,
1539 1306 1654 1336 scilicet
1678 1315 1758 1345 prae-

992 1354 1090 1384 mium
1108 1365 1223 1393 aurcae,
1241 1358 1409 1396 praemium
1424 1358 1507 1397 quod
1523 1360 1567 1388 est
1581 1358 1712 1395 fructus,
1728 1362 1761 1388 ct

991 1408 1161 1446 praemium
1186 1410 1346 1440 aureolae:
1369 1410 1577 1449 distinguitur
1603 1413 1708 1441 autem
1741 1421 1759 1441 a

990 1460 1121 1491 diversis
1136 1461 1193 1491 hoc
1213 1463 1433 1493 (ilvcrsimode.
1455 1463 1563 1493 Dicunt
1587 1464 1672 1494 enim
1686 1465 1756 1503 qui-

989 1514 1073 1549 dam,
1091 1514 1175 1553 quod
1191 1516 1361 1553 praemium
1382 1525 1488 1546 anreae
1511 1517 1643 1546 debetur
1662 1517 1757 1547 radici

989 1566 1165 1604 charitatis3
1177 1569 1347 1606 praemium
1359 1569 1481 1599 fructus
1495 1570 1628 1600 debetur
1640 1571 1760 1601 ratione

988 1619 1208 1650 refrenationis
1232 1622 1411 1660 pronitatis;
1430 1623 1483 1653 sed
1507 1623 1676 1662 praeniium
1701 1633 1758 1654 au—

988 1672 1082 1702 reolae
1098 1673 1217 1703 ratione
1228 1674 1482 1714 incorruptionis.
1497 1676 1577 1713 Quia
1588 1676 1673 1706 enim
1689 1677 1759 1707 cha-

988 1726 1063 1756 ritas
1072 1726 1176 1756 influit
1188 1727 1219 1756 in
1228 1736 1337 1758 omnes
1348 1728 1490 1767 virtutes7
1505 1729 1574 1759 ideo
1582 1739 1680 1760 aurea
1689 1739 1759 1760 om-

988 1779 1018 1808 ni
1037 1779 1146 1809 virtuti
1171 1782 1201 1810 et
1215 1781 1298 1810 actui
1316 1781 1459 1811 debetur.
1478 1781 1514 1812 Et
1537 1783 1690 1822 quoniam
1710 1783 1758 1813 vis

987 1831 1238 1871 concupiscibilis
1265 1836 1422 1872 quantum
1453 1835 1491 1864 ad
1520 1836 1760 1873 generationem

987 1886 1032 1914 est
1047 1888 1195 1924 corrupta
1210 1888 1240 1915 ct
1251 1886 1375 1924 infecta,
1388 1887 1456 1917 ideo
1470 1887 1502 1917 111
1514 1888 1581 1927 ipsa
1595 1888 1683 1928 viget
1693 1898 1761 1929 pro-

987 1937 1089 1967 nitas:
1108 1938 1176 1968 ideo
1199 1939 1256 1968 soli
1275 1940 1495 1977 continentiae,
1515 1950 1586 1980 quae
1604 1941 1691 1971 illan]
1708 1952 1760 1972 re-

986 1990 1096 2027 frenat„
1112 1992 1280 2030 praemium
1295 1993 1415 2023 fructus
1430 1994 1571 2024 debetur.
1590 1994 1669 2030 Quia
1684 2004 1760 2025 vero

986 2042 1180 2083 incorruptio
1209 2045 1382 2075 attenditur
1408 2048 1564 2085 quantuni
1599 2048 1637 2078 ad
1652 2048 1757 2085 fidem,

985 2098 1139 2135 quantum
1163 2097 1201 2127 ad
1223 2098 1469 2129 refrenationem
1497 2101 1539 2138 <dl
1568 2104 1676 2131 contra
1703 2111 1758 2133 vo-

985 2150 1149 2189 luptatem,
1175 2153 1205 2180 et
1226 2154 1384 2191 quantum
1405 2153 1443 2183 ad
1469 2154 1678 2185 constantiam
1704 2165 1758 2185 us-

984 2212 1046 2242 que
1075 2203 1112 2233 ad
1144 2207 1299 2241 mortem,
1331 2206 1401 2236 ideo
1430 2207 1529 2237 tribus
1552 2208 1677 2238 actibus
1705 2210 1757 2239 sle>

985 2258 1074 2287 betur
1098 2259 1243 2296 aurolea,
1269 2259 1385 2290 scilicet
1410 2261 1647 2300 praedicationi,
1679 2273 1755 2293 con-

984 2310 1124 2341 tinentiae
1150 2312 1319 2351 11031οᾱ11,
1337 2316 1365 2343 el
1388 2314 1446 2353 ipsi
1472 2315 1636 2354 martyrio.
1669 2315 1757 2347 Unde

983 2365 1159 2395 secundun]
1175 2365 1232 2395 hos
1257 2375 1353 2396 aurea
1368 2369 1414 2396 est
1438 2367 1593 2406 gaudium
1618 2369 1656 2399 de
1676 2369 1753 2406 Deo;

983 2418 1112 2454 fructus⁷
1130 2417 1168 2448 de
1190 2419 1356 2457 pronitatis
1382 2421 1597 2458 restrictionc;
1623 2422 1675 2452 sed
1698 2431 1755 2452 au-

983 2470 1065 2500 reola
1077 2494 1085 2507 ,
1102 2471 1257 2509 gaudium
1273 2472 1310 2501 de
1325 2472 1573 2512 incorruptione.
1599 2474 1657 2504 Sed
1686 2475 1755 2505 haec

983 2522 1092 2562 positio
1119 2532 1181 2553 0011
1210 2524 1336 2555 videtur
1360 2527 1573 2561 conveniens,
1600 2527 1752 2566 quoniam

981 2576 1176 2616 incorruptio
1184 2586 1249 2608 non
1264 2580 1390 2609 tantum
1402 2580 1491 2609 estin
1507 2581 1558 2610 his
1574 2580 1689 2619 quihus
1699 2580 1752 2610 de-

979 2657 1040 2679 ecli'l.
1051 2656 1111 2679 add.
1132 2658 1157 2680 et
1170 2657 1323 2682 notabiliter,
1343 2671 1371 2675 —
1388 2661 1417 2689 (c)
1438 2660 1498 2682 Caet.
1515 2659 1576 2683 edit.
1595 2659 1709 2683 debetur.
1724 2673 1753 2677 —

983 2692 1019 2726 (rl)
1033 2693 1098 2715 deest
1115 2694 1237 2723 quantun]
1253 2693 1284 2717 ad
1300 2694 1507 2718 refrenationem

1787 935 1878 959 Quaslio

1784 965 1886 985 lateralia.

1779 1427 1857 1453 opimo
1870 1430 1875 1447 1

1790 1459 1867 1477 Aurea.

1776 1795 1872 1816 Fructus.

1776 2008 1878 2028 Aureola.

1774 2431 1868 2456 improbi
