1991 3006
49 506 82 526 Ad
101 512 152 532 opp.

53 2087 155 2109 Fundam.

573 203 667 235 DIST.
691 203 753 235 XX.
779 203 892 234 PART.
917 203 939 233 1.
963 202 1053 234 AR'r.
1078 203 1100 234 1.
1122 204 1270 240 QUAEST.
1295 206 1345 237 Vl.

424 322 602 361 QUAESTIO
624 323 663 354 Vl
669 346 675 352 .

195 405 241 431 An
257 405 327 431 Iocus
340 405 496 438 purqatorz'z‘
510 405 547 430 sz't
560 404 690 438 superius,
704 404 745 430 vel
759 403 876 435 inferius
888 401 906 427 ¹.

208 486 248 516 De
272 485 360 523 loco,
385 485 418 515 in
445 494 509 525 quo
534 485 650 516 animae
674 485 851 524 puniuntur
875 484 935 514 hae

167 546 274 578 poena;
290 539 320 568 et
335 538 493 577 quaeritur
506 540 617 568 utrum
632 538 718 568 locus
730 536 781 567 ille
796 537 835 566 sit
845 545 936 576 supe-

167 591 245 628 rius,
261 599 303 621 an
324 591 454 622 inferius
466 615 475 629 ‚
492 600 533 621 an
557 591 589 621 in
611 590 726 621 medio.
744 590 781 621 Et
804 589 888 629 quod
904 589 935 619 in

166 643 234 674 Ioco
248 644 415 683 superiori,
433 644 558 674 videtur
574 644 638 674 sic:
654 643 779 673 Animae
794 642 856 673 illae
868 643 936 681 jus-

167 698 206 726 tae
217 698 316 726 erutae
330 699 404 727 sunt
415 697 453 728 de
463 699 613 736 potestate
630 697 843 733 tenebrarum,
858 704 937 735 quo-

167 749 253 779 niam
268 749 329 780 hoc
344 750 456 781 dieitur
471 751 509 781 de
523 751 673 781 omnibus
689 750 765 780 viris
777 749 887 789 Justis,
906 751 937 779 et

166 801 205 831 de
226 801 287 831 illis
312 803 450 833 maxime
474 812 587 833 verum
607 804 672 841 est,
690 811 770 842 quos
784 810 848 831 non
864 811 935 840 pos—

167 857 242 884 sunt
255 855 292 885 ad
309 855 430 886 malum
446 856 627 895 pertrahere
644 866 651 886 z
669 855 721 886 sed
741 855 807 894 ipse
829 855 936 885 diabo-

168 908 216 938 lus
235 911 280 938 est
302 909 445 948 princeps
471 909 552 939 aeris
572 909 669 948 hujus
687 919 694 938 :
711 917 790 946 ergo
814 908 939 938 videtur

168 962 250 1000 quod
265 962 326 992 sint.
340 962 402 992 illae
418 963 533 992 animae
548 971 642 1001 supra
657 963 743 992 hunc
758 970 862 992 aerem
879 961 938 991 ele-

167 1016 269 1044 vatae:
285 1023 364 1053 ergo
379 1015 506 1045 videtur
528 1015 612 1054 quod
630 1015 717 1045 loeus
734 1014 937 1053 purgatorius

167 1067 348 1098 animarum
364 1068 403 1098 sit
416 1068 447 1097 in
460 1068 586 1107 sphaera
601 1068 685 1106 ignis
701 1077 840 1098 sursum.

209 1122 238 1150 2.
269 1120 346 1150 Item
375 1120 407 1150 in
436 1121 652 1161 corporalibus
686 1120 764 1150 situs
793 1120 938 1160 sequitur

168 1174 306 1213 pondus;
323 1177 353 1204 et
368 1183 442 1204 cum
458 1184 570 1213 corpus
588 1174 682 1204 habet
703 1174 737 1204 in
752 1183 785 1204 se
801 1174 937 1204 inclina-

169 1227 269 1257 tiones
284 1227 433 1265 diversas,
446 1228 590 1267 sequitur
605 1231 752 1258 naturam
769 1228 938 1267 praedomi-

169 1280 271 1309 nantis
289 1290 295 1310 :
309 1290 386 1318 ergo
401 1290 419 1310 a
434 1281 527 1310 simili
543 1281 575 1310 in
584 1281 745 1319 spiritibus
760 1281 872 1311 locatio
887 1290 935 1310 se-

169 1333 277 1371 quitur
292 1334 417 1372 pondus
432 1334 616 1372 spirituum:
630 1334 683 1364 sed
698 1334 821 1372 pondus
832 1334 863 1363 in
880 1334 940 1373 spi-

169 1385 283 1415 ritibus
305 1389 350 1415 est
368 1395 481 1416 amor:
504 1395 583 1424 ergo
608 1387 634 1415 si
663 1387 694 1416 in
722 1387 942 1425 spiritualibus

170 1438 419 1476 praedominatur
433 1448 523 1469 amor
535 1442 637 1469 castus
649 1463 656 1476 ,
674 1439 727 1478 qui
747 1440 846 1469 tendit
868 1448 938 1469 sur-

169 1498 251 1527 sum,
269 1491 396 1521 videtur
409 1491 492 1530 quod
513 1492 643 1531 spiritus
657 1491 820 1522 absolutus
836 1501 854 1521 a
869 1501 939 1522 eor-

169 1552 257 1582 pore,
273 1544 298 1573 si
313 1544 429 1574 habeat
443 1544 639 1582 charitatem,
654 1545 801 1584 quamvis
819 1545 939 1584 aliquid

169 1596 283 1627 habeat
297 1597 476 1635 cremabile,
493 1598 604 1628 debeat
617 1598 692 1628 ferri
705 1607 845 1628 sursum.

209 1651 238 1680 3.
256 1650 332 1680 Item
348 1651 569 1689 purgatorium
583 1653 628 1681 est
645 1651 696 1681 via
712 1651 813 1681 media
837 1654 938 1681 traus-

170 1703 267 1733 eundi
290 1712 309 1732 a
328 1705 410 1733 statu
434 1704 494 1734 viae
516 1704 555 1734 ad
576 1706 697 1734 statum
723 1704 830 1743 patriae
855 1714 861 1733 z
888 1703 941 1734 sed

171 1758 269 1786 status
285 1756 346 1787 viae
357 1758 402 1786 est
417 1756 500 1787 circa
514 1757 618 1787 locum
634 1759 826 1794 terrestrem,
839 1759 941 1787 status

171 1809 280 1849 patriae
292 1812 338 1839 est
354 1809 436 1840 intra
449 1809 553 1840 locum
572 1810 825 1849 supracoelestem
839 1821 845 1839 :
861 1818 941 1848 ergo

171 1871 243 1892 cum
269 1863 321 1892 via
348 1863 388 1893 sit
417 1863 520 1893 media
539 1863 577 1892 acl
602 1863 787 1899 terminum,
814 1862 940 1892 videtur

172 1916 255 1954 quod
269 1916 496 1955 purgatorium
511 1916 596 1946 sitin
610 1916 714 1946 medio
729 1916 812 1946 inter
826 1915 941 1946 coelum

172 1969 203 1997 et
215 1970 331 1998 terram
345 1979 351 1998 :
369 1969 422 1999 sed
438 1969 579 1999 medium
603 1969 679 1999 illud
693 1978 821 1999 sursum
837 1971 894 2006 est,
912 1971 942 1999 et

172 2021 310 2051 maxime
322 2024 502 2061 competens
513 2021 647 2061 sphaerae
658 2022 759 2061 ignis:
775 2031 863 2060 ergo,
881 2024 938 2052 ete.

211 2073 271 2104 Sed
287 2074 371 2113 quod
386 2074 426 2104 sit
448 2074 482 2104 iu
503 2074 571 2105 1000
586 2075 738 2112 inferiori,
755 2074 871 2104 seilicet
892 2074 940 2104 in-

170 2126 295 2164 fernali,
312 2127 439 2158 videtur
462 2138 468 2158 :
488 2127 592 2167 primo
615 2127 799 2158 auctoritate
826 2127 942 2166 Grego-

171 2179 211 2209 rii
226 2180 259 2210 in
274 2180 420 2219 dialogo:
437 2191 452 2209 a
463 2180 530 2211 Una
545 2180 720 2220 eademque
730 2180 778 2210 vis
793 2180 938 2220 puniens,

171 2233 269 2263 bonos
286 2233 408 2272 probat,
426 2236 555 2273 purgat,
570 2236 599 2263 et
609 2233 743 2273 eliquat;
760 2233 860 2264 malos
867 2242 940 2264 vero

171 2286 370 2325 condemnat,
388 2286 539 2325 devastat,
557 2288 588 2318 et
602 2287 794 2317 exterminat
810 2297 816 2316 :
830 2297 844 2314 1>
862 2295 942 2325 ergo

172 2339 297 2369 videtur
312 2339 395 2379 quod
406 2339 490 2370 idem
500 2340 540 2369 sit
552 2339 697 2379 puniens,
714 2342 741 2369 et
754 2339 837 2369 idem
847 2340 942 2369 etiam

173 2392 211 2422 sit
226 2392 331 2423 locum
346 2393 606 2432 purgandorum,
630 2395 659 2422 et
684 2392 772 2422 locus
793 2392 944 2423 damnan-

174 2445 299 2477 dorum.

215 2499 290 2530 item
305 2500 365 2531 hoc
379 2500 503 2531 videtur
519 2509 574 2540 per
589 2501 690 2531 simile
703 2525 710 2538 ,
727 2501 803 2540 quia
816 2500 945 2540 lymbus

176 2553 289 2583 sanctis
317 2554 458 2593 patribus
488 2554 546 2584 suit
575 2554 642 2584 loco
671 2554 864 2594 purgatorii3
891 2553 944 2584 sed

210 2632 270 2662 ¹Cf.
290 2634 315 2657 S.
334 2633 433 2662 Thom,
455 2634 486 2657 lv
507 2634 585 2662 Sem„
614 2633 670 2657 dist.
690 2639 749 2662 xxi,
775 2640 799 2663 q.
821 2640 843 2664 1,
859 2636 905 2656 uri.
923 2636 945 2664 1,

177 2674 201 2698 q.
221 2673 251 2697 11;
272 2669 359 2693 Frane.
384 2669 414 2692 de
433 2669 524 2700 Mayr.‚
545 2669 576 2693 lv
599 2669 678 2700 Sem„
695 2669 752 2693 dist.
772 2675 816 2699 xx,
836 2676 861 2699 q.
877 2671 942 2693 5.-

1716 213 1754 242 67

989 272 1110 300 constat
1135 271 1218 311 quod
1245 271 1372 311 lymbus
1401 273 1461 304 fuit
1481 273 1515 303 in
1539 274 1679 313 inferno,
1702 280 1757 308 aut

985 323 1080 361 juxta
1098 323 1276 362 infernum,
1293 325 1377 364 quod
1401 328 1485 365 patet
1508 336 1566 366 par
1589 328 1757 360 articulum

990 375 1062 406 fidei
1079 385 1086 406 :
1105 376 1271 408 Descendit
1292 377 1335 408 acl.
1349 379 1468 416 inferos
1485 387 1496 409 .·
1520 379 1634 410 dieitur
1648 381 1733 412 enim
1748 386 1759 401 ²

992 429 1075 468 quod
1089 429 1265 468 expoliavit
1279 431 1483 470 principatus
1495 456 1505 470 ,
1522 435 1551 464 et
1566 436 1734 472 potestates
1750 445 1760 466 :

991 491 1087 520 ergo,
1105 484 1163 512 etc.

1032 534 1110 566 Item
1122 536 1243 566 ratione
1258 536 1395 574 videtur,
1408 539 1482 577 quia
1496 539 1583 570 loeus
1597 549 1699 579 poenae
1714 545 1761 573 est

991 588 1078 618 loeus
1090 588 1256 627 ignobilis,
1273 589 1353 619 sicut
1368 590 1453 620 locus
1468 591 1579 629 gloriae
1603 596 1650 624 est
1668 595 1759 625 nobi-

992 640 1030 670 lis
1042 651 1048 677 ;
1061 643 1091 671 et
1105 641 1222 671 iterum
1233 641 1344 681 culpae,
1359 642 1390 671 in
1405 647 1563 682 quantum
1577 645 1762 685 hujusmodi

993 693 1081 724 locus
1095 694 1227 724 debetur
1243 694 1393 724 inferior:
1419 696 1473 726 sed
1496 696 1582 727 loeus
1606 702 1760 738 purgato-

993 747 1060 777 rius
1076 749 1121 777 est
1136 747 1268 787 poenalis
1281 748 1380 785 locus,
1397 751 1427 779 et
1441 751 1623 788 purgationi
1639 752 1763 784 debitus

993 801 1114 831 ratione
1133 801 1233 840 culpae
1252 812 1258 832 t
1283 811 1362 841 ergo
1384 802 1475 833 debet
1497 813 1564 834 esse
1586 805 1737 843 ignobilis
1755 818 1761 837 :

995 854 1047 884 sed
1063 854 1150 884 locus
1175 857 1294 894 quanto
1315 855 1459 894 superior
1472 880 1481 893 ,
1497 858 1584 887 tanto
1607 859 1762 897 nobilior3

994 909 1024 937 et
1052 910 1170 945 quanto
1200 908 1329 938 inferior
1341 932 1349 946 ,
1377 911 1465 939 tanto
1494 909 1600 939 minus
1628 911 1740 941 nobilis.
1754 923 1760 941 :

994 968 1085 997 ergo,
1104 962 1163 990 etc.
1192 960 1253 991 Sed
1275 961 1359 1000 quod
1383 962 1422 991 sit
1442 962 1473 991 iu
1501 962 1624 1000 medio,
1641 963 1764 994 videtur

995 1021 1050 1051 per
1066 1012 1239 1051 Erigonem
1252 1013 1290 1043 de
1304 1015 1411 1044 sancto
1426 1013 1549 1045 Victore
1563 1015 1573 1031 ³
1590 1025 1596 1044 z
1622 1027 1635 1043 t(
1647 1016 1764 1047 Proba-

995 1065 1057 1095 bile
1071 1067 1117 1095 est
1132 1066 1214 1105 quod
1230 1066 1262 1095 in
1277 1066 1325 1096 his
1341 1067 1416 1097 loeis
1434 1068 1620 1106 puniantur,
1646 1069 1678 1099 in
1696 1071 1767 1109 qui-

995 1118 1054 1148 bus
1082 1118 1208 1158 culpam
1240 1120 1467 1150 commiserunt
1491 1131 1497 1151 :
1525 1132 1538 1149 1)
1562 1122 1615 1152 sed
1641 1123 1766 1162 eulpam

995 1172 1223 1202 commiserunt
1236 1172 1288 1202 1110
1303 1173 1336 1202 111
1350 1173 1472 1204 medio:
1489 1183 1581 1213 ergo,
1597 1177 1654 1206 etc.

1036 1224 1113 1254 item
1141 1225 1205 1263 1100
1242 1226 1346 1264 ipsum
1377 1227 1502 1257 videtur
1531 1229 1677 1268 exemplo
1697 1240 1703 1260 :
1732 1229 1767 1259 ln

995 1279 1109 1316 quarto
1136 1278 1339 1317 Dz'aloqmwn
1359 1279 1369 1294 ⁸
1394 1282 1503 1310 narrat
1527 1280 1701 1320 Gregorius
1730 1283 1768 1312 de

996 1330 1182 1368 Paschasio,
1207 1332 1290 1371 quod
1313 1332 1489 1372 Cyprianus
1511 1335 1694 1375 episcopus,
1716 1336 1768 1367 vir

996 1387 1133 1421 sancius,
1149 1394 1223 1415 euni
1240 1386 1272 1415 in
1287 1386 1477 1425 quibusdam
1500 1388 1620 1418 balneis
1634 1389 1767 1427 invenit,

995 1437 1034 1467 ad
1046 1447 1118 1476 quae
1134 1438 1234 1468 iverat
1251 1439 1317 1477 ipse
1333 1440 1497 1479 episcopus
1517 1441 1646 1471 consilio
1664 1442 1766 1473 medi-

996 1499 1123 1529 cornm3
1147 1494 1177 1521 et
1202 1491 1388 1522 Pasohasius
1408 1493 1601 1532 ,iampridem
1625 1497 1769 1526 mortuus

995 1543 1037 1573 ibi
1053 1544 1255 1583 puniebatur,
1269 1547 1299 1575 et
1314 1547 1383 1584 post
1397 1547 1465 1585 eJus
1478 1545 1636 1585 adjutorio
1652 1546 1768 1578 libera-

997 1599 1046 1628 tus
1066 1600 1122 1634 est,
1139 1598 1234 1636 signo
1252 1598 1325 1629 dato
1349 1599 1450 1629 eidem
1473 1599 1636 1640 episcopo,
1654 1600 1680 1630 si
1701 1604 1769 1640 post

997 1650 1199 1690 trigesimum
1212 1651 1295 1681 diem
1312 1652 1508 1683 inveniretur
1520 1653 1646 1684 ibidem.

1038 1703 1115 1734 ltem
1130 1704 1189 1734 1100
1206 1704 1302 1734 etiam
1318 1705 1443 1735 videtur
1463 1706 1599 1743 ratione,
1616 1708 1767 1746 quoniam

996 1758 1095 1787 status
1117 1757 1324 1796 purgatorius
1347 1760 1393 1788 est
1411 1760 1511 1789 status
1535 1759 1657 1790 medius
1686 1760 1768 1791 inter

996 1811 1113 1839 statum
1130 1810 1254 1848 gloriae,
1271 1812 1302 1840 et
1317 1813 1433 1841 statum
1450 1812 1661 1843 damnationis
1676 1815 1767 1844 aeter-

996 1871 1046 1892 11ae
1063 1873 1069 1892 2
1086 1871 1164 1901 ergo
1180 1863 1213 1892 in
1229 1863 1332 1894 medio
1345 1864 1427 1894 inter
1445 1867 1618 1905 utrumque
1639 1866 1766 1897 deberet

996 1924 1063 1945 esse
1082 1926 1088 1945 :
1103 1925 1179 1955 ergo
1195 1925 1252 1946 nec
1267 1917 1423 1956 superius,
1437 1927 1493 1948 nec
1507 1918 1650 1955 inferiuS,
1667 1919 1719 1949 sed
1732 1920 1766 1950 in

997 1968 1100 1999 medio
1114 1968 1197 1998 cirea
1210 1978 1277 1999 nos.

1271 2079 1493 2112 CONCLUSIO.

998 2165 1154 2199 Pztryatorz‘i
1178 2166 1247 2192 locus
1273 2167 1413 2194 secundum
1442 2169 1522 2201 Iegem
1549 2176 1707 2196 communem
1731 2172 1766 2197 est

1031 2210 1162 2242 inferius,
1187 2212 1210 2236 et
1233 2211 1375 2238 secundum
1399 2212 1621 2247 dispensationem
1645 2214 1766 2241 divinam

1032 2255 1067 2280 est
1081 2255 1111 2280 in
1124 2254 1219 2281 medio.

1038 2340 1129 2380 Resp.
1153 2340 1191 2371 ad
1219 2350 1290 2380 arg.
1322 2341 1494 2373 Dicendum
1523 2343 1608 2383 quod
1636 2344 1720 2376 istud
1748 2355 1766 2375 a

998 2393 1120 2424 Sanctis
1132 2394 1378 2426 determinatum
1393 2405 1457 2427 non
1472 2398 1536 2435 est,
1560 2406 1618 2428 nec
1631 2399 1767 2429 rationes

1000 2447 1135 2477 multum
1153 2448 1293 2478 efficaces
1307 2448 1345 2479 ad
1361 2448 1443 2480 hanc
1466 2451 1631 2481 materiam
1656 2451 1768 2482 adduci

1000 2500 1105 2530 valent
1119 2500 1157 2531 de
1173 2501 1267 2539 sacili,
1284 2511 1341 2541 pro
1359 2511 1396 2533 eo
1416 2503 1500 2542 quod
1515 2503 1638 2535 licitum
1659 2507 1704 2535 est
1718 2505 1768 2535 hic

1000 2553 1086 2584 varie
1101 2554 1217 2584 sentire
1232 2563 1240 2584 ι
1257 2557 1288 2585 et
1303 2556 1477 2587 secundum
1492 2558 1554 2587 tres
1573 2560 1678 2596 partes
1695 2566 1768 2596 pro-

1002 2633 1009 2647 ²
1022 2633 1125 2662 Coloss.,
1140 2640 1169 2663 11,
1185 2636 1252 2657 1ὕ.-
1265 2634 1273 2648 ⁵
1289 2635 1365 2665 Hug„
1383 2634 1412 2658 de
1427 2636 1536 2659 Sacram.
1552 2635 1596 2658 lib.
1613 2636 1644 2664 ll,
1656 2643 1684 2666 p.
1703 2636 1767 2667 XVI,

1002 2674 1114 2692 c.1V.-—-
1128 2669 1238 2699 ⁸Greg-‚
1253 2669 1320 2693 Dial.
1337 2669 1380 2693 lib.
1397 2670 1438 2699 lv,
1454 2677 1476 2692 c.
1495 2676 1537 2694 XL.
