1991 3006
7 667 111 689 Fundam.

540 217 635 249 DIST.
660 218 692 249 L.
718 218 833 249 PART.
859 218 898 248 ΙΙ.
922 217 1012 249 ART.
1037 218 1075 248 Π.
1097 217 1246 254 QUAEST.
1270 218 1308 249 ῙῘ.

127 285 204 325 quia
223 284 400 325 synderesis
419 285 453 314 in
473 284 633 324 aliquibus
654 285 830 316 viatoribus
852 287 898 316 est

127 338 342 378 praecipitata:
364 347 443 377 ergo
459 338 584 368 videtur
600 338 632 368 in
649 339 693 369 eis
706 339 831 378 penitus
846 348 898 369 ex-

126 391 233 421 tincta.
259 390 296 421 Et
318 391 379 421 hoc
402 391 526 421 videtur
549 400 604 431 per
627 392 800 429 rationem,
824 392 899 430 quia

127 443 207 474 sicut
229 444 327 474 fomes
348 453 381 474 se
395 444 489 474 habet
509 444 547 474 ad
569 444 706 482 malum,
724 445 767 475 sic
784 445 898 484 synde-

127 497 204 528 resis
224 497 262 527 ad
283 497 425 528 bonum:
451 498 503 528 sed
521 498 625 527 omnis
645 498 745 528 fomes
768 498 898 528 omnino

126 551 283 581 extinctus
304 553 352 581 est
371 550 403 581 in
425 551 541 581 beatis:
565 560 643 589 ergo
663 551 840 590 synderesis
864 551 896 580 in

127 604 293 634 damnatis.

167 657 244 687 Item
259 665 380 697 quaero,
399 665 472 686 cum
487 656 605 687 vermis
622 659 769 687 nascatur
783 666 822 687 ex
837 666 898 696 pu-

128 711 308 741 trefactione
318 733 326 747 ,
342 711 372 740 et
386 710 490 747 rodat,
507 720 569 749 qua
585 710 769 749 metaphora
784 710 898 740 dicitur

128 763 244 794 vermis
257 763 467 801 conscientiae,
485 773 556 794 cum
574 764 626 795 illa
640 774 702 795 uon
718 766 898 804 putrescat?

167 816 227 847 Sed
241 821 369 847 contra:
392 817 479 853 Quod
500 818 531 847 in
551 817 707 848 damnatis
726 818 765 848 sit
781 818 898 848 vermis

125 870 307 910 spiritualis,
316 871 381 902 sive
391 871 489 909 dolor,
501 872 638 908 videtum
649 871 725 911 quia
735 880 830 911 super
839 873 897 903 Ec·

125 923 338 955 clesiasticum
349 926 386 963 (α)
396 925 561 957 :Vindicta
571 926 680 956 carnis
689 925 785 964 impii
793 925 813 962 ¹,
824 926 896 961 etc„

126 976 252 1008 Glossa:
278 989 292 1006 «
310 977 433 1008 Vermis
456 980 502 1008 est
524 988 593 1009 sera
619 978 771 1009 scelerum
794 978 896 1017 poeni-

126 1031 231 1061 tentia.
245 1042 258 1058 >³
272 1031 309 1061 Et
326 1031 524 1070 Augustinus
534 1035 555 1068 2,
574 1031 609 1061 (Ie
627 1031 691 1070 fide
704 1031 748 1062 ad
758 1031 896 1069 Petrum,

124 1083 197 1113 dicit
212 1083 296 1122 quod
310 1083 472 1114 habebunt
486 1084 546 1114 hoc
562 1084 764 1124 supplicium.

166 1136 243 1166 Item
258 1136 379 1167 ratione
394 1137 531 1174 videtur,
548 1137 624 1177 quia
643 1137 821 1177 synderesis
839 1146 897 1167 na—

126 1189 270 1220 turaliter
291 1193 509 1220 remurmurat
536 1192 645 1221 contra
674 1190 793 1221 malum
811 1202 817 1220 :
844 1190 897 1219 sed

127 1242 240 1272 vitium
256 1251 320 1273 non
335 1242 432 1273 demit
447 1245 588 1274 extrema
603 1246 725 1274 naturae
740 1243 876 1283 vestigia
890 1253 895 1273 :

127 1303 222 1334 ergo,
244 1297 303 1325 etc.

168 1349 256 1387 Item⁷
269 1358 480 1390 quaecumque
496 1350 613 1381 faciunt
625 1351 664 1381 ad
676 1360 802 1391 poenam
812 1350 899 1381 dam-

128 1405 287 1440 natorum,
301 1403 414 1434 debent
429 1412 495 1434 esse
506 1404 540 1434 in
552 1404 610 1434 eis:
629 1404 682 1435 sed
693 1405 762 1435 haec
775 1413 898 1434 remur-

127 1456 264 1487 muratio
287 1455 464 1496 synderesis
486 1459 584 1496 auget
607 1467 718 1487 eorum
747 1466 895 1497 poenam:

126 1518 206 1548 ergo
221 1509 332 1539 saltem
347 1511 435 1539 actus
451 1509 502 1539 ille
518 1519 582 1540 non
597 1510 688 1540 debet
704 1510 781 1541 tolli.

166 1562 243 1592 Item
258 1561 362 1592 omnis
381 1565 542 1600 creatura,
559 1564 733 1594 secundum
748 1563 829 1603 quod
846 1573 899 1593 na-

126 1618 209 1652 tura,
225 1615 361 1645 deservit
375 1614 513 1646 Creatori
527 1625 534 1646 :
552 1625 628 1655 ergo
644 1616 670 1646 si
686 1616 834 1647 voluntas
848 1626 898 1647 ra-

126 1668 266 1705 tionalis,
290 1669 464 1699 secundum
479 1670 563 1708 quod
578 1672 708 1708 natura,
733 1673 779 1701 est
801 1673 896 1708 recta,

125 1730 205 1761 ergo
225 1721 253 1751 ei
272 1721 406 1752 deservit
424 1732 430 1751 ι
457 1722 510 1752 sed
530 1724 673 1753 creatura
689 1723 825 1754 Creatori
844 1724 897 1754 de-

126 1775 267 1805 serviens
288 1776 430 1804 armatur
453 1774 485 1804 in
509 1777 703 1806 tormentum
724 1778 834 1807 contra
849 1779 896 1807 in-

122 1828 243 1865 justos:
261 1836 349 1866 ergo⁷
368 1829 425 1857 etc.

399 1938 622 1970 CONCLUSIO.

126 2027 158 2053 In
173 2026 308 2053 damnatis
321 2027 390 2059 viqee
403 2027 500 2052 vermis
512 2027 676 2060 spiritualis,
692 2029 739 2061 qui
749 2029 785 2054 est
800 2036 898 2055 remor-

161 2077 204 2097 sus
223 2071 386 2097 conscienciae
402 2072 511 2105 propter
529 2072 678 2104 peccatum,
697 2072 767 2105 quod
781 2073 900 2105 finaliter

162 2116 290 2141 remansit
300 2116 330 2141 in
344 2116 437 2141 anima
452 2122 550 2142 eorum.

168 2201 258 2241 Resp.
272 2201 310 2231 ad
330 2210 401 2239 arg.
422 2200 595 2231 Dicendum
612 2202 696 2241 quod
713 2203 781 2242 ipsa
796 2205 899 2233 trans-

126 2255 200 2285 latio
220 2255 339 2285 vermis
357 2254 396 2285 ad
416 2254 557 2285 dolorem
583 2256 779 2295 spiritualem
796 2258 897 2287 mani-

126 2309 216 2339 festat
237 2309 268 2338 in
290 2308 406 2348 quibus
427 2310 458 2339 et
475 2318 539 2348 quo
560 2310 653 2340 modo
669 2310 707 2340 sit
724 2312 855 2349 vermis,
873 2312 898 2342 si

126 2361 305 2392 attendatur
313 2361 392 2392 ratio
408 2362 628 2393 transferendi.
642 2363 678 2394 In
690 2373 801 2394 verme
813 2365 898 2395 enim

126 2415 280 2445 materiali
295 2415 511 2446 consideratur
525 2416 633 2456 origo,
649 2419 680 2448 et
691 2419 818 2449 morsio.
832 2418 898 2450 Ori-

126 2471 189 2506 tur,
216 2468 362 2508 inquam,
387 2478 427 2500 ex
450 2470 695 2509 putrefactione,
721 2474 752 2502 et
778 2472 900 2503 mordet

127 2521 205 2552 illud
223 2521 256 2551 in
278 2530 341 2561 quo
360 2521 471 2552 oritur.
489 2522 539 2553 Sic
561 2523 595 2553 in
615 2523 769 2562 spirituali
791 2525 898 2556 dolore

163 2620 166 2632 ¹
187 2618 273 2646 lia-cli„
299 2624 346 2649 vu,
374 2620 409 2642 ¹9.
429 2632 459 2636 —
483 2620 490 2633 ²
510 2620 561 2643 lino
587 2621 711 2651 Fulgent„
734 2622 764 2646 (le
791 2623 846 2646 Fid.
867 2624 901 2647 ml

131 2654 238 2684 Petrum,
259 2661 280 2678 c.
302 2660 343 2684 111,
365 2662 389 2678 n.
416 2656 444 2678 42
468 2655 507 2682 (in
530 2657 641 2687 Append.
666 2660 741 2688 Oper.
773 2661 798 2682 S.
822 2661 898 2689 Aug..

130 2692 190 2714 tom.
209 2690 250 2721 Vl,
264 2690 323 2714 edit.
341 2691 447 2721 Gaum.)

1664 221 1722 249 6219

954 294 1017 315 non
1032 285 1164 325 quilibet
1178 285 1267 316 dolor
1281 287 1327 316 est
1339 286 1468 323 vermis,
1483 286 1536 316 sed
1551 285 1605 325 qui
1621 286 1720 315 nasci—

954 340 1006 368 tur
1024 348 1062 369 ex
1081 339 1307 378 putrefactione
1324 340 1457 379 peccati3
1474 341 1504 369 et
1519 341 1595 369 tunc
1612 348 1720 379 pecca-

954 394 1021 422 tum
1036 391 1150 422 dicitur
1163 392 1416 431 putres-activum,
1429 392 1555 431 quando
1570 392 1677 422 anima
1689 392 1721 422 in

953 454 989 475 eo
1008 445 1175 484 requiescit
1189 445 1336 475 finaliter.
1355 445 1476 475 Rursus
1498 447 1619 485 oportet
1637 445 1720 485 quod

953 499 992 528 sit.
1010 499 1040 529 in
1056 499 1162 529 dolore
1177 499 1294 529 morsio
1308 510 1313 529 :
1331 499 1400 529 haec
1415 501 1521 529 autem
1537 500 1583 529 est
1597 508 1636 528 ex
1650 507 1722 529 con-

953 561 1047 582 cursu
1063 552 1201 582 duorum
1216 552 1423 589 moventium,
1440 552 1498 582 sibi
1512 552 1648 582 invicem
1663 552 1720 582 ob-

954 605 1110 635 viantium
1126 607 1156 635 et
1170 605 1396 635 resistentium.
1411 604 1471 635 Ista
1485 605 1547 635 duo
1562 606 1722 635 moventia

953 660 1029 688 sunt
1047 658 1080 688 in
1102 659 1229 689 homine
1244 658 1392 688 voluntas
1413 658 1584 696 naturalis,
1600 660 1630 688 et
1645 657 1722 688 deli-

954 710 1093 741 berativa
1105 734 1112 747 ,
1132 720 1269 750 quarum
1285 713 1420 750 utraque
1437 713 1552 741 movet.
1572 710 1633 740 Ista
1647 719 1722 741 con-

953 767 1085 795 currunt
1104 774 1159 804 per
1174 765 1396 795 conscientiam
1418 764 1588 794 dictantem
1604 763 1722 803 aliquid

952 819 1070 849 factum
1097 827 1164 848 esse
1191 818 1382 855 indebitum;
1413 820 1443 848 et
1470 819 1545 847 tunc
1575 817 1720 854 obviant,

953 872 1078 911 quando
1102 871 1254 901 naturalis
1274 871 1444 901 detestatur
1468 870 1661 907 indebitum,
1690 872 1720 900 et

953 924 1165 955 deliberativae
1190 925 1224 963 (ὁ)
1250 924 1350 964 placet
1369 933 1377 954 ε
1402 926 1478 954 tunc
1501 925 1608 954 autem
1629 923 1724 954 resis-

952 979 1039 1013 tunt,
1055 977 1183 1017 quando
1205 979 1338 1017 utraque
1358 977 1390 1007 in
1405 986 1462 1007 suo
1484 978 1556 1007 actu
1571 976 1677 1015 viget,
1695 979 1726 1007 et

953 1033 1036 1072 quod
1052 1032 1105 1062 illa
1124 1033 1290 1063 efficaciter
1311 1033 1492 1069 detestatur,
1509 1031 1607 1061 altera
1619 1031 1647 1061 ei
1662 1030 1723 1061 im-

954 1086 1148 1116 mutabiliter
1174 1086 1324 1116 adbaeret.
1352 1085 1535 1121 Secundum
1560 1084 1620 1114 hoc
1645 1093 1725 1124 ergo

953 1142 1037 1180 patet
1056 1140 1088 1170 in
1106 1140 1221 1179 quibus
1236 1143 1281 1170 est
1297 1140 1425 1176 vermis,
1443 1142 1474 1169 et
1489 1138 1627 1178 quando.
1644 1138 1725 1169 Nam

952 1192 1115 1222 deficiente
1130 1201 1297 1229 concursu,
1310 1191 1363 1231 qui
1376 1193 1422 1222 est
1436 1199 1492 1230 per
1510 1190 1628 1230 peccati
1644 1198 1720 1220 con-

953 1246 1130 1283 scientiam,
1148 1255 1212 1276 non
1234 1248 1282 1276 est
1296 1245 1429 1282 vermis,
1449 1245 1529 1275 sicut
1549 1245 1582 1274 in
1596 1244 1723 1274 haereti·

953 1299 1011 1336 eis,
1029 1301 1059 1329 et
1079 1299 1112 1329 in
1128 1299 1178 1329 his
1193 1300 1248 1339 qni
1263 1299 1396 1330 credunt
1410 1297 1567 1338 peccando
1585 1297 1665 1327 bene
1682 1297 1726 1327 fe-

953 1352 1040 1383 cisse.
1061 1352 1228 1383 Deficiente
1247 1352 1426 1382 obviatione
1446 1360 1510 1381 non
1532 1352 1579 1380 est
1594 1350 1723 1388 vermis,

953 1408 1066 1446 utputa
1080 1407 1113 1437 in
1128 1407 1177 1436 his
1193 1406 1248 1446 qui
1268 1406 1373 1437 dolent
1388 1406 1424 1436 de
1439 1404 1533 1444 culpa
1548 1404 1722 1434 secundum

953 1460 1150 1490 voluntatem
1182 1469 1246 1490 non
1280 1460 1406 1489 tantum
1442 1457 1636 1494 naturalem,
1672 1457 1725 1488 sed

953 1513 1047 1543 etiam
1073 1513 1326 1549 deliberativam,
1356 1514 1392 1542 ut
1419 1513 1494 1542 sunt
1524 1511 1723 1551 poenitentes.

956 1567 1121 1598 Deficiente
1132 1566 1312 1596 resistentia
1327 1574 1393 1595 non
1408 1567 1454 1595 est
1470 1564 1595 1602 vermis,
1612 1566 1725 1603 utputa

953 1620 1081 1660 quando
1098 1619 1244 1650 voluntas
1260 1621 1349 1649 tanta
1362 1617 1565 1648 delectatione
1581 1617 1680 1647 fertur
1695 1617 1727 1646 in

954 1675 1134 1714 peccatum,
1151 1672 1237 1713 quod
1251 1672 1398 1702 absorbet
1414 1673 1538 1701 motum
1556 1670 1728 1701 voluntatis

955 1727 1118 1764 naturalis7
1135 1728 1170 1756 ut
1185 1735 1250 1756 non
1263 1725 1390 1755 sentiat.
1410 1724 1444 1754 Et
1457 1724 1500 1754 sic
1516 1725 1612 1763 patet,
1630 1732 1729 1763 quare

955 1779 1075 1811 vermis
1090 1779 1227 1809 deficiat:
1244 1780 1298 1808 aut
1313 1779 1440 1817 propter
1453 1777 1607 1807 defectum
1623 1779 1728 1816 putre-

955 1833 1098 1863 factionis
1116 1833 1149 1862 in
1164 1832 1275 1871 justis;
1298 1833 1353 1861 ait
1374 1839 1545 1861 concursus
1566 1831 1598 1861 in
1617 1831 1726 1868 caecis3

954 1888 1011 1917 aut
1031 1886 1222 1917 obviationis
1250 1885 1284 1915 in
1308 1884 1533 1925 poenitentibus
1556 1893 1650 1922 vere;
1674 1887 1729 1915 aut

954 1939 1158 1977 resistentiae',
1175 1941 1211 1969 ut
1229 1939 1261 1969 in
1279 1938 1328 1968 his
1341 1938 1395 1979 qui
1412 1940 1539 1978 peccant
1554 1946 1594 1968 ex
1610 1947 1729 1977 magna

954 1992 1092 2023 libidine.
1112 1992 1147 2023 Et
1170 2001 1210 2022 cx
1231 1992 1282 2022 his
1303 1993 1387 2031 patet
1409 1991 1493 2030 quod
1515 1991 1547 2021 in
1571 1990 1729 2021 damnatis

954 2046 1076 2085 vigebit
1091 2045 1226 2083 vermis,
1243 2045 1318 2084 quia
1339 2044 1383 2074 ibi
1402 2045 1461 2075 erit
1482 2045 1599 2084 peccati
1619 2046 1727 2084 putre-

954 2099 1061 2133 factio,
1086 2109 1126 2129 cx
1148 2100 1208 2129 hoc
1231 2098 1317 2138 quod
1339 2100 1502 2137 peccatum
1523 2098 1659 2129 finaliter
1678 2107 1729 2129 re—

954 2153 1071 2182 mansit
1088 2153 1120 2182 in
1142 2152 1249 2182 anima
1264 2160 1386 2182 eorum.
1405 2151 1451 2181 Ibi
1466 2152 1525 2182 erit
1542 2152 1636 2182 etiam
1653 2161 1728 2182 con-

954 2215 1076 2244 c=usuS,
1107 2208 1235 2246 propter
1268 2207 1470 2245 peccatorum
1495 2205 1728 2244 apertissimam

954 2259 1120 2290 visionem.
1148 2258 1192 2288 lbi
1218 2259 1277 2289 erit
1302 2258 1397 2289 etiam
1423 2258 1573 2296 obviatio,
1601 2261 1730 2298 propter

955 2312 1127 2343 voluntatis
1155 2311 1370 2343 deliberativae
1398 2312 1661 2350 obstinationem,
1699 2314 1730 2343 et

954 2366 1132 2406 synderesis
1150 2365 1484 2396 remurmurationern.
1502 2365 1547 2396 lbi
1563 2366 1622 2396 erit
1634 2365 1728 2396 etiam

954 2419 1144 2455 resistentia,
1160 2420 1235 2459 quia
1247 2419 1410 2449 delectatio
1425 2419 1540 2459 peccati
1556 2419 1614 2449 erit
1625 2419 1729 2450 ablata

954 2482 1010 2513 per
1025 2482 1127 2512 poenee
1143 2473 1361 2503 acerbitatem:
1376 2475 1406 2504 et
1420 2483 1459 2504 ex
1472 2474 1532 2504 hoc
1547 2473 1644 2512 ipsius
1655 2482 1729 2513 syn·

954 2526 1071 2557 (lcrcsis
1086 2527 1166 2557 actio
1178 2527 1353 2566 fortificata,
1368 2529 1398 2558 et
1413 2536 1453 2558 ex
1466 2527 1525 2557 hoc
1538 2525 1655 2557 vermis
1671 2526 1728 2556 mi-

955 2579 1095 2610 rabiliter
1110 2579 1223 2611 rodens
1238 2581 1269 2611 et
1283 2579 1427 2619 puniens.

987 2660 1018 2688 (a)
1036 2660 1095 2683 Caet.
1111 2659 1170 2683 edit.
1185 2659 1352 2684 Ecclesiaste&
1364 2672 1393 2677 -
1406 2659 1437 2690 (1))
1451 2660 1510 2682 [ml.
1524 2658 1583 2682 edzt.
1600 2658 1726 2683 delibera«

955 2695 1014 2719 tive.

1742 1155 1826 1181 Apphe.
