1991 3006
207 190 264 220 394

202 256 263 286 nisi
278 256 450 287 consentiat
466 257 546 288 male
559 257 660 289 facere
677 269 684 289 ε
700 261 730 289 et
744 261 818 290 tunc
833 269 903 290 cam
916 269 971 299 po-

202 312 261 340 test
281 310 455 348 dimittere,
472 311 520 340 vel
544 314 699 351 quantum
722 313 760 343 ad
786 315 908 351 toru'n,
925 313 975 344 vcl

201 365 355 403 quantum
367 363 404 393 ad
415 363 689 403 cohabitationem,
703 375 764 395 non
778 366 834 394 sim
841 366 972 405 pliciter,

202 416 226 445 si
248 416 341 446 ambo
358 419 431 446 sunt
453 416 568 447 fideles.
594 417 628 447 Et
655 428 709 457 per
729 418 825 448 istum
844 419 974 449 mollum

201 471 276 498 sunt
303 468 515 508 intelligendae
543 472 742 501 auclorltutvs
770 472 807 501 nl
837 472 895 501 lioc
925 472 972 502 in-

202 522 321 553 ductae:
336 532 408 552 nain
423 526 550 563 propter
564 525 626 554 alia
643 534 759 563 genera
775 527 974 564 peccatorum

202 584 264 606 non
275 578 375 615 potest
384 577 552 615 dimittere,
566 587 622 608 nec
635 582 790 617 quantum
803 578 840 607 ad
857 581 972 616 torum,

201 631 416 667 necquantum
424 630 463 660 ud
472 630 747 667 cohabitationem,
758 631 816 661 nisi
828 634 976 670 praestent

202 690 350 720 magnam
365 683 559 713 occasionem
582 685 697 721 ruinae,
719 689 749 714 ct
771 685 976 715 vehomenter

201 734 350 765 timeatur
364 735 402 766 de
414 736 519 775 lapsu3
538 739 612 767 tunc
623 737 707 766 enim
720 737 792 766 livet
805 737 972 769 dimittere,

201 788 281 818 sicut
306 788 420 819 dicitur
441 789 503 827 hic,
530 792 560 820 et
584 790 720 820 habetur
744 799 829 819 cuns.
854 799 972 827 xxvnl,

201 850 232 880 q.
250 851 281 871 11.
293 842 299 858 ¹
312 842 354 873 Se·
363 842 555 874 oculustuus
567 842 771 874 scandalizat
783 846 826 878 τω
843 843 950 873 (inissa
966 855 972 874 ε

205 906 219 922 (ι
236 894 268 924 ln
286 904 383 925 manu
399 898 428 925 et
446 896 477 925 in
494 896 585 926 oculo
600 896 711 926 dextro
729 899 861 935 possunt
877 897 974 936 accipi

201 948 306 985 frater,
324 957 416 985 uxor,
441 953 471 979 ct
494 949 702 988 propinquus,
731 950 785 989 qui
813 949 889 979 alias
912 959 974 980 non

200 1001 292 1031 debet
318 1001 450 1039 dimitti,
473 1002 527 1032 sed
550 1002 641 1032 dehet
662 1002 822 1040 corrigi.»
853 1003 889 1033 Et
914 1003 974 1034 De-

199 1055 305 1086 crelal.
327 1055 381 1084 lib.
408 1055 457 1092 IV,
481 1056 527 1085 tit.
547 1056 587 1087 De
611 1056 778 1093 Dz'vorcc't's,
801 1066 827 1086 c.
849 1056 973 1094 Qiaesc'-

199 1108 263 1146 vm
276 1111 306 1138 et
318 1108 398 1138 infra
413 1119 418 1139 :
436 1109 568 1139 «Mulie-r
586 1119 641 1148 pro
662 1110 756 1147 furto,
769 1110 817 1140 vel
834 1110 893 1139 olio
913 1111 972 1140 cri-

199 1161 283 1191 mine
300 1161 359 1191 viri
376 1162 439 1199 sui,
457 1163 515 1192 nisi
532 1163 718 1201 religionem
733 1172 800 1193 suae
816 1164 887 1194 fidei
904 1173 970 1194 cor-

198 1222 347 1253 rumpere
358 1214 444 1251 velit,
457 1216 496 1245 ab
508 1225 545 1246 eo
557 1217 696 1255 separari
709 1225 772 1247 non
789 1217 889 1247 debet.
902 1228 916 1243 »
938 1217 975 1247 Et

198 1267 242 1297 sic
261 1269 367 1307 patent
383 1269 515 1307 obJecta.

517 1361 584 1381 DUB.
609 1361 652 1382 lv.

200 1419 253 1444 Filii
269 1420 360 1450 vestri,
378 1420 420 1451 qui
437 1421 467 1444 de
483 1420 530 1444 hac
545 1421 636 1451 copula
654 1424 810 1452 nascuntur,
832 1421 956 1445 immundi
967 1439 974 1451 ,

455 1456 479 1479 id
494 1458 547 1485 est,
564 1457 643 1487 spurii
657 1459 724 1481 sunt.

242 1525 316 1556 [tem
327 1528 373 1556 est
382 1526 434 1556 hic
446 1526 580 1565 quaestio
590 1537 596 1556 z
608 1529 717 1557 utrum
729 1529 824 1557 natus
835 1537 874 1557 ex
888 1530 975 1566 parte

201 1578 296 1616 fideli,
313 1580 343 1608 et
360 1581 460 1608 matre
470 1579 600 1617 infideli,
612 1579 723 1610 debeat
738 1580 825 1619 sequi
838 1583 970 1619 patrem,

200 1633 255 1661 aut
270 1633 421 1669 matrerm
436 1634 465 1661 et
476 1632 561 1671 quod
574 1635 718 1670 matrem,
730 1633 866 1671 videtur,
883 1633 972 1672 quia.

199 1685 281 1715 sicut
298 1685 330 1714 in
350 1685 602 1723 praecedentibus
618 1686 765 1716 habitum
781 1688 842 1724 est,
865 1689 974 1726 partus

199 1738 342 1778 sequitur
358 1740 513 1768 ventrem.
538 1738 615 1769 Item
639 1739 741 1778 proles
760 1740 793 1769 in
815 1739 974 1779 principio

200 1791 303 1830 magis
327 1791 449 1829 indiget
471 1793 614 1822 materno
639 1792 766 1831 solatio,
793 1802 891 1832 quam
915 1802 973 1832 pa—

199 1847 288 1875 terno
303 1855 308 1874 :
326 1853 405 1883 ergo
421 1845 525 1883 magis
538 1845 628 1876 debet
639 1846 777 1885 relinqui
793 1846 897 1876 matri.
913 1845 974 1877 Sed

200 1900 299 1928 mater
317 1900 363 1927 est
383 1898 506 1937 judaea,
532 1899 582 1929 vel
602 1899 754 1937 infidelis,
774 1900 827 1930 sed
845 1902 972 1930 contra:

200 1951 290 1982 Caus.
307 1960 420 1988 xxvni,
440 1961 470 1991 q.
495 1962 515 1989 1,
535 1962 561 1982 c.
585 1952 703 1991 Judoez‘,
725 1955 755 1983 et
776 1953 857 1983 infra
876 1964 882 1983 :
905 1965 918 1981 «
937 1953 975 1983 Hi

207 2005 260 2044 qui
276 2005 432 2044 procreati
448 2008 520 2035 sunt
533 2006 570 2036 de
582 2006 760 2036 infidelibus
771 2006 973 2044 mulieribus,

203 2060 231 2087 et
248 2057 393 2088 fidelibus
407 2059 494 2095 viris,
513 2058 718 2088 christianam
735 2061 909 2098 sequantur
924 2068 974 2089 re-

201 2109 365 2149 ligionem,
386 2111 622 2150 nonjudaicam
638 2112 908 2151 superstitionem.
929 2123 942 2139 »

241 2162 333 2203 Resp.
352 2164 523 2195 Dicendum
540 2165 625 2204 quod
642 2165 745 2204 proles
759 2167 814 2195 aut
830 2164 976 2204 pervenit

201 2216 239 2246 ad
260 2216 400 2246 adultam
424 2219 564 2255 aetatem,
589 2220 746 2248 autnon:
771 2218 795 2246 si
819 2218 973 2257 pervenit,

203 2278 276 2299 cum
291 2269 374 2299 salus
389 2280 446 2300 sna
462 2270 596 2309 pendeat
611 2279 649 2300 ex
665 2270 765 2300 libera
778 2271 849 2309 ejus
864 2270 975 2301 volun-

202 2323 280 2359 tate,
304 2322 374 2360 ejus
394 2325 440 2352 est
460 2323 671 2362 requirendus
690 2332 880 2359 consensus,
901 2325 931 2353 et
951 2323 975 2352 si

202 2383 267 2404 non
295 2374 364 2404 vult
392 2376 584 2414 consentire,
613 2385 687 2406 cum
707 2376 867 2415 justitiam
894 2376 976 2406 Deus

201 2427 281 2457 nulli
298 2427 398 2457 invito
414 2428 544 2466 tribuat,
564 2431 666 2468 potest
681 2438 753 2459 curn
771 2429 888 2459 infideli
906 2438 975 2459 ma-

201 2482 259 2518 tre,
271 2480 321 2511 vel
337 2483 426 2520 patre
437 2489 614 2511 remanere.
633 2481 665 2512 Si
681 2484 788 2512 autem
803 2482 907 2512 minor
918 2485 974 2520 est,

201 2541 274 2562 cum
288 2532 373 2563 salus
394 2542 452 2564 sua
467 2533 507 2563 sit
522 2542 541 2563 a
556 2533 741 2573 parentibus
757 2534 974 2573 procuranda,

234 2605 240 2620 ¹
260 2604 361 2633 Mami„
389 2610 412 2633 v,
436 2607 474 2628 29.
489 2618 520 2622 -
544 2606 577 2635 (ιι)
601 2605 694 2628 Forsan
717 2605 845 2635 leqendum
866 2614 930 2630 eum,
947 2620 977 2624 ——

203 2638 235 2668 (h)
252 2639 290 2662 Al.
315 2640 475 2669 parvitatem.
490 2653 518 2657 —
544 2641 573 2670 (c)
600 2640 687 2671 Suppl.
706 2641 747 2669 jus
770 2641 934 2665 matrimonii.
947 2655 977 2660 —

205 2674 238 2704 (d)
252 2674 322 2699 Edit.
342 2675 397 2700 Ven.
409 2675 555 2700 nolente.-
571 2675 601 2706 (e)
614 2682 680 2700 eam.

759 192 1075 225 SENTENTIARUM
1098 194 1172 226 LIB.
1197 195 1246 226 lv.
1286 216 1289 218 -

1031 261 1085 300 qui
1102 262 1200 292 etiam
1219 262 1258 299 (a)
1277 263 1316 292 ad
1332 263 1453 293 cultum
1469 263 1522 294 Dei
1539 264 1716 296 debuerunt
1727 275 1800 307 pro-

1030 323 1146 352 creare,
1157 317 1187 345 ct
1198 319 1377 353 genuerunt
1393 316 1493 346 filium
1505 317 1559 348 irae
1570 328 1578 355 3
1589 320 1673 348 recte
1689 328 1801 350 secun-

1030 367 1106 397 dum
1118 369 1129 405 j
1137 377 1172 397 ns
1185 371 1275 398 vetus
1285 392 1293 403 ,
1311 370 1341 398 et
1356 369 1450 399 ctiam
1464 378 1596 407 novum,
1613 371 1695 401 sicut
1708 374 1802 411 patet,

1032 420 1182 451 Decrelul.
1201 421 1255 451 lib.
1273 420 1325 456 ΙΙΙ,
1342 422 1389 451 tit.
1408 422 1448 453 De
1466 422 1673 455 conversione
1688 424 1804 463 infide-

1029 475 1119 510 lium,
1144 486 1171 504 ν.
1198 475 1249 505 13⁴1:
1268 475 1398 513 litteris,
1416 475 1507 505 debet
1522 477 1610 515 sequi
1631 476 1756 507 fidelem
1770 477 1803 508 in

1028 528 1169 558 favorem
1186 528 1267 560 fidei.
1285 530 1316 558 et
1330 529 1439 559 salutis
1453 529 1587 568 parvuli,
1605 531 1634 560 et
1648 530 1724 560 boni
1740 539 1804 561 ma-

1030 581 1170 610 trimonii
1185 590 1260 610 :noc
1269 583 1369 621 potest
1384 584 1484 612 mater
1495 582 1665 621 praecipere
1677 585 1805 623 propter

1031 637 1246 674 paupertatem
1261 636 1310 673 (hi,
1325 636 1358 665 in
1370 645 1432 675 qua
1448 636 1590 674 indigeat
1601 637 1670 675 cJus
1680 635 1801 673 solatio,

1030 698 1086 718 nec
1115 688 1254 727 allegare
1284 688 1442 726 laborem,
1470 692 1597 728 propter
1627 688 1804 728 periculum

1030 741 1256 777 damnationis,
1281 741 1364 780 quod
1388 741 1543 778 imminet,
1561 742 1586 771 si
1602 742 1706 781 ipsum
1728 741 1806 773 deti-

1030 797 1103 823 neat
1119 794 1150 823 in
1165 794 1357 824 infidelitatis
1371 803 1491 824 errore:
1506 797 1536 824 et
1547 795 1606 824 hoc
1616 797 1719 825 totum
1729 803 1804 835 pro-

1031 847 1124 877 batur
1136 856 1191 886 per
1201 846 1288 884 illud,
1301 847 1384 886 quod
1397 847 1532 878 habetur
1542 847 1572 877 in
1588 847 1738 886 praedicta
1748 848 1803 878 de-

1030 900 1136 929 cretali
1161 901 1199 931 tle
1229 899 1439 932 conversione
1467 900 1650 939 infidelium
1664 924 1673 938 ,
1702 910 1730 931 c.
1755 901 1806 932 Ex

1031 952 1165 984 litteris.

1360 1002 1429 1023 nun.
1454 1003 1485 1023 v.

1078 1063 1103 1087 Si
1119 1070 1179 1087 vcro
1194 1064 1270 1087 ambo
1286 1063 1452 1092 crediderint,
1470 1071 1515 1094 per
1530 1064 1701 1096 cognitionem
1716 1066 1760 1090 Dei

1249 1100 1412 1123 confirmatur
1430 1099 1584 1130 conjugium,

1071 1165 1221 1202 Ponatur,
1237 1166 1320 1204 quod
1338 1166 1440 1205 primo
1453 1167 1560 1197 credat
1574 1176 1670 1203 unus,
1683 1169 1714 1198 et
1727 1167 1806 1198 alter

1030 1219 1184 1256 discedat,
1202 1221 1233 1249 ct
1251 1220 1329 1249 nolit
1344 1220 1534 1254 cohabitare,
1555 1220 1605 1250 vel
1620 1221 1804 1258 fornicetur,

1029 1275 1058 1302 et
1076 1274 1182 1311 postea
1202 1275 1416 1310 convertatur,
1436 1275 1548 1303 utrum
1564 1273 1744 1304 reddendus
1763 1274 1803 1304 sit

1031 1324 1059 1354 ei
1078 1325 1126 1354 vir
1139 1334 1228 1363 suus,
1245 1335 1285 1355 an
1300 1325 1351 1355 ille
1367 1326 1465 1365 possit
1479 1326 1626 1365 excipere
1638 1325 1675 1356 de
1686 1325 1807 1365 injuria

1031 1378 1236 1415 dimissionis,
1248 1378 1295 1409 vel
1309 1379 1522 1409 fornicationis
1533 1390 1539 1416 ;
1552 1381 1584 1409 et
1598 1379 1682 1419 quod
1692 1378 1808 1409 habeat

1032 1431 1131 1468 reddi,
1148 1432 1275 1462 videtur
1287 1441 1341 1471 per
1351 1432 1488 1462 litteram
1504 1432 1605 1462 istam.
1620 1432 1708 1469 Item,
1723 1432 1807 1471 quod

1032 1494 1096 1515 uon
1106 1485 1201 1524 possit
1209 1485 1366 1523 excipere,
1376 1485 1510 1523 videtur,
1523 1485 1598 1524 quia
1608 1485 1640 1515 in
1649 1485 1806 1524 baptismo

1033 1539 1140 1568 onmia
1153 1541 1228 1568 sunt
1238 1538 1365 1568 dimissa
1376 1538 1478 1577 quoad
1491 1538 1617 1577 culpam
1624 1539 1655 1568 et
1664 1546 1804 1577 poenam.

1033 1591 1091 1621 Sed
1106 1591 1139 1620 iu
1152 1591 1345 1621 contrarium
1364 1591 1489 1621 videtur
1501 1591 1604 1621 littera
1613 1590 1804 1630 praecedens,

1029 1644 1105 1683 quin
1118 1644 1311 1674 contumelia
1325 1644 1478 1674 Creatoris
1489 1643 1582 1673 solvit
1599 1644 1634 1682 (c)
1654 1653 1661 1674 ε
1678 1652 1769 1683 ergo,
1779 1644 1805 1674 si

1030 1697 1168 1727 solutum
1190 1699 1245 1734 est,
1258 1696 1394 1733 vitietur,
1407 1696 1492 1735 quod
1507 1697 1606 1726 altero
1622 1696 1745 1727 volente
1762 1696 1802 1736 (d)

1032 1751 1071 1780 sit
1087 1750 1384 1788 redintegrandum.
1403 1750 1482 1781 Item
1499 1749 1556 1779 iste
1569 1749 1681 1787 fidelis,
1698 1750 1806 1781 statim

1031 1806 1065 1833 ut
1084 1803 1232 1833 dimissus
1255 1803 1330 1840 fuit,
1364 1803 1466 1842 potuit
1487 1802 1672 1833 contrahere
1698 1813 1704 1833 ε
1726 1811 1805 1842 ergo

1030 1857 1136 1886 statim
1153 1856 1213 1886 suit
1227 1855 1391 1886 absolutus
1405 1865 1424 1885 a
1437 1855 1592 1894 ligamine
1610 1866 1616 1885 z
1635 1864 1714 1894 crgo
1740 1864 1805 1886 non

1030 1909 1166 1947 videtur,
1184 1909 1268 1948 quod
1285 1918 1366 1939 uxor
1382 1909 1478 1948 possit
1494 1918 1568 1940 eum
1582 1911 1735 1948 repetere.

1072 1963 1163 2002 Resp.
1181 1962 1357 1992 Dicendum
1372 1963 1456 2001 quod
1471 1962 1497 1992 si
1516 1962 1671 2001 conjuges
1685 1970 1805 1993 succes-

1031 2016 1099 2046 sive
1114 2016 1152 2045 ad
1168 2015 1262 2045 fidem
1281 2015 1421 2051 veniant,
1443 2015 1469 2044 si
1484 2017 1597 2045 neuter
1611 2014 1747 2046 alterum
1761 2014 1806 2046 di-

1032 2069 1132 2104 misit,
1149 2077 1206 2098 nec
1221 2068 1461 2098 fornicationem
1477 2068 1647 2105 commisit,
1663 2068 1803 2108 compel-

1030 2121 1113 2151 lendi
1132 2124 1205 2151 sunt
1228 2120 1358 2151 insimul
1379 2120 1578 2158 cohabitare,
1595 2123 1625 2150 et
1640 2120 1805 2152 affectione

1033 2174 1167 2204 maritali
1190 2183 1223 2204 se
1239 2173 1375 2204 invicem
1391 2175 1541 2209 tractare3
1562 2173 1587 2203 si
1603 2175 1710 2204 autem
1727 2173 1806 2205 alter

1033 2228 1072 2258 ab
1088 2228 1186 2258 altero
1202 2227 1389 2263 discesserit,
1405 2227 1500 2257 refert
1509 2227 1591 2267 quis,
1605 2229 1714 2258 utrum
1730 2228 1804 2259 fide-

1030 2281 1069 2311 lis
1088 2282 1127 2311 ab
1151 2281 1284 2318 infideli,
1310 2290 1350 2310 an
1370 2290 1387 2311 e
1406 2290 1569 2311 converso.
1594 2281 1627 2311 Si
1648 2281 1747 2312 fidelis
1766 2282 1806 2312 ab

1032 2334 1167 2371 infideli,
1193 2334 1252 2364 hoc
1273 2334 1371 2364 libere
1397 2334 1513 2373 potuit,
1541 2336 1571 2364 et
1593 2334 1660 2364 sine
1686 2335 1780 2374 culpa
1795 2346 1802 2365 :

1032 2388 1115 2418 unde
1136 2387 1213 2417 illud
1228 2388 1261 2417 in
1282 2387 1369 2418 nullo
1384 2387 1443 2417 sibi
1465 2387 1661 2427 praeJudicat.
1683 2387 1714 2418 Si
1730 2388 1806 2418 infi-

1032 2440 1109 2471 delis
1123 2449 1141 2470 a
1156 2440 1239 2470 fideli
1250 2464 1258 2477 ,
1281 2442 1383 2479 potest
1398 2439 1508 2477 fidelis,
1525 2440 1620 2470 etiam
1635 2442 1807 2480 postquam

1032 2494 1118 2524 venit
1132 2493 1173 2523 ad
1186 2493 1297 2531 fidem,
1322 2493 1482 2532 excipere3
1499 2494 1530 2523 et
1549 2492 1575 2523 si
1598 2492 1685 2531 vult,
1706 2495 1808 2533 potest

1032 2556 1107 2578 eum
1117 2547 1152 2586 (e)
1168 2546 1322 2586 recipere;
1341 2549 1446 2577 tamen
1461 2545 1605 2585 compelli
1621 2554 1687 2576 non
1700 2545 1802 2582 debet,

1032 2601 1108 2640 quia
1123 2600 1229 2630 statim
1244 2600 1284 2630 ab
1301 2608 1337 2630 eo
1352 2603 1398 2630 est
1421 2598 1596 2630 absolutus.
1617 2598 1677 2630 Sed
1691 2599 1730 2630 de
1742 2599 1807 2630 for-

1033 2653 1190 2685 nicatione
1210 2652 1488 2693 distinguendum,
1512 2653 1588 2693 quia
1607 2652 1710 2693 primo
1731 2660 1807 2683 con-
