1991 3006
719 221 904 253 DISTINCT.
928 220 1006 253 XXI.
1032 221 1133 252 PARS
1156 223 1177 252 l.
1710 226 1748 255 89

155 292 236 322 istud
259 301 322 322 non
350 292 538 329 intelligitur
565 290 603 321 de
629 289 815 320 venialibus.
842 289 920 319 Item

154 345 309 385 quaeritur
332 354 395 385 quo
421 347 511 384 tropo
543 344 690 373 dicuntur
718 342 853 372 venialia
879 342 918 372 11-

155 408 268 438 gnum,
286 401 316 429 et
330 399 449 428 foenum
460 421 467 434 ,
484 400 514 427 et
528 396 658 436 stipula,
675 398 705 426 et
720 405 792 426 cum
809 395 919 425 multae

153 452 215 482 sint
241 450 413 482 venialium
441 449 647 485 differentiae,
675 457 737 488 quo
761 448 854 479 modo
881 448 919 478 ad

152 507 214 535 tres
228 506 359 544 possunt
373 503 492 534 reduci.

190 557 228 587 Et
250 557 504 596 respondendum
528 558 573 586 est
592 556 630 586 ad
652 556 729 593 hoc,
751 555 834 595 quod
854 564 919 584 una

150 610 306 650 scriptura
322 609 430 640 multis
445 609 546 639 modis
566 611 667 648 potest
682 609 797 648 exponi
810 619 817 645 ;
836 617 919 637 unus

150 667 253 694 tamen
270 665 316 693 est
330 663 512 702 principalis
525 664 555 693 et
570 661 712 692 litteralis
727 661 915 697 intellectus,

148 716 254 756 plures
266 718 372 746 tamen
385 724 452 745 esse
465 716 596 754 possunt
605 723 661 754 per
672 714 914 753 adaptationem.

148 768 302 799 Litteralis
318 770 425 799 autem
439 767 626 805 intellectus,
643 767 816 797 secundum
833 767 917 806 quod

148 824 232 861 patet
255 831 295 852 ex
319 821 439 859 Glossa,
464 823 494 851 et
512 821 616 851 littera
631 820 794 859 sequenti,
812 822 857 850 est
879 820 916 850 de

147 875 338 912 venialibus3
351 874 403 904 sed
417 874 629 913 Hieronymus
642 873 812 913 quamdam
825 874 917 913 adap-

148 928 297 959 tationem
319 927 457 967 exponit.
482 927 515 957 s'i
538 929 700 965 quaeratur
726 926 804 956 ratio
820 926 916 966 hujus

147 981 331 1018 intellectus,
348 980 515 1010 dicendum
531 980 615 1018 quod
630 979 800 1019 Apostolus
812 979 915 1018 loqui-

146 1036 198 1064 tur
213 1034 251 1064 de
268 1033 444 1064 venialibus
460 1033 492 1062 in
513 1035 669 1072 quantum
691 1034 767 1062 sunt
790 1042 915 1062 crema-

146 1087 220 1117 bilia
236 1097 241 1116 :
260 1086 428 1116 cremabile
443 1088 561 1123 autem,
578 1085 661 1125 quod
676 1087 803 1125 praestat
819 1086 917 1124 pabu—

145 1139 224 1176 lum,
237 1142 267 1170 et
279 1139 475 1170 consumitur
490 1139 529 1169 ab
545 1139 631 1177 igne,
649 1139 681 1168 in
696 1138 809 1178 triplici
825 1138 914 1169 diffe-

145 1192 246 1223 rentia
269 1194 316 1222 est
339 1203 344 1222 :
364 1192 522 1232 quoddam
541 1192 626 1222 enim
646 1195 692 1221 est
715 1192 801 1231 quod
822 1192 915 1222 durat

145 1245 279 1283 diutius3
312 1245 469 1285 quoddam
504 1245 654 1275 citissime
689 1244 888 1275 consumitur
905 1256 911 1281 3

145 1298 304 1338 quoddam
319 1298 423 1329 medio
444 1299 548 1329 modo.
568 1298 673 1328 Primo
688 1297 782 1328 modo
798 1298 914 1328 dicitur

146 1351 286 1390 lignum3
308 1352 444 1382 secundo
468 1352 562 1382 modo
588 1351 701 1381 dicitur
724 1351 857 1391 stipula;
884 1354 915 1381 et

146 1405 236 1435 terlio
253 1405 344 1436 modo
361 1405 475 1436 dicitur
489 1405 610 1435 soenum
624 1429 631 1443 ,
649 1405 732 1444 quod
748 1407 832 1436 tenet
847 1415 912 1436 me-

145 1458 232 1489 dium
250 1458 331 1489 inter
346 1460 520 1498 utrumque
535 1461 727 1488 extremum.

467 1562 535 1583 DUB.
560 1562 592 1582 11.

147 1625 217 1649 Unde
233 1630 285 1648 non
299 1624 391 1648 frustra
405 1624 446 1647 illa
460 1624 508 1647 tria
523 1623 636 1647 distinxit
650 1624 794 1654 Apostolus,
808 1624 915 1655 lignum,

370 1659 480 1690 foenum,
494 1659 623 1690 stipulam,
638 1660 686 1683 etc.

184 1727 316 1758 Videtur
330 1727 412 1757 male
427 1727 540 1765 dicere,
559 1727 633 1766 quia
649 1735 745 1766 supra
761 1726 856 1756 fidem
871 1727 916 1756 111-

145 1780 190 1810 hil
200 1780 374 1810 aedificatur
389 1780 449 1810 nisi
464 1780 602 1810 bonum:
620 1789 699 1818 ergo
711 1779 836 1810 nullum
848 1789 916 1819 pec-

145 1837 250 1864 catum
269 1845 275 1864 ε
300 1833 352 1864 5οᾶ
376 1833 512 1863 venialia
532 1836 606 1863 sunt
630 1835 793 1872 peccatum
814 1844 819 1863 ε
838 1842 916 1871 ergo

146 1887 233 1917 nullo
264 1886 357 1917 modo
386 1886 691 1925 superaedificantur.
726 1885 801 1915 Item
836 1886 916 1916 nihil

146 1939 344 1970 comburitur
364 1938 447 1978 quod
463 1940 508 1969 est
526 1938 563 1968 de
585 1938 739 1978 spirituali
762 1938 913 1969 aediflcio:

146 1992 199 2023 sed
214 1992 349 2031 lignum,
367 1994 397 2022 et
411 1992 552 2029 foenum,
567 1995 598 2022 et
613 1992 729 2031 stipula
744 1993 915 2032 superaedi-

146 2046 280 2076 ficantur
293 2056 299 2076 ε
313 2054 392 2084 ergo
403 2054 466 2076 non
482 2047 674 2076 cremantur.

185 2099 277 2138 Resp.
303 2098 473 2129 Dicendum
495 2099 580 2138 quod
603 2099 746 2137 lignum,
774 2100 914 2137 foenum,

145 2152 260 2192 stipula
284 2152 529 2192 superaedificari
552 2152 702 2182 dicuntur
727 2152 913 2192 dupliciter,

145 2206 320 2236 secundum
340 2206 423 2245 quod
443 2205 609 2245 dupliciter
632 2215 798 2245 possumus
815 2216 916 2246 expo-

145 2268 232 2290 nere.
249 2258 352 2290 Potest
372 2259 458 2289 enim
473 2268 528 2298 per
544 2259 671 2297 lignum
687 2259 821 2299 intelligi
836 2269 916 2299 opus

145 2312 265 2343 honum
277 2336 286 2350 ,
312 2312 363 2342 cui
392 2314 498 2342 tamen
522 2314 567 2342 est
596 2321 758 2342 annexum
790 2313 916 2352 aliquod

146 2365 268 2396 veniale
283 2366 457 2405 peccatum,
471 2365 550 2395 sicut
565 2368 650 2404 patet
664 2365 697 2395 in
712 2366 822 2396 multis
839 2367 915 2397 acti-

146 2419 221 2456 bus,
238 2420 270 2450 et
288 2418 349 2449 tale
368 2427 446 2458 opus
465 2427 504 2448 ex
527 2418 588 2448 alio
603 2418 698 2449 habet
721 2419 805 2458 quod
825 2420 864 2449 sit
879 2420 915 2450 de

147 2471 294 2509 aedifieio,
309 2481 349 2502 ex
364 2472 425 2502 alio
447 2472 542 2502 habet
563 2472 646 2511 quod
670 2472 710 2502 sit
731 2473 912 2503 cremabile.

146 2524 224 2554 Nam
239 2525 510 2564 superaedificatur
524 2534 561 2555 ea
578 2525 698 2556 ratione
716 2535 779 2565 qua
796 2527 915 2557 bonnm

147 2580 193 2609 est
221 2581 347 2618 propter
370 2579 574 2619 principalem
600 2579 830 2617 intentionem;
861 2581 914 2610 sed

147 2633 304 2662 crematur
317 2641 355 2662 ea
368 2631 488 2663 ratione
504 2641 567 2671 qua
583 2632 677 2663 habet
691 2641 833 2663 amorem
850 2635 913 2663 ter-

146 2684 231 2715 renis
251 2693 412 2716 annexum
430 2697 436 2716 z
461 2688 492 2716 et
514 2686 569 2717 vix
597 2686 775 2726 contingit,
792 2687 853 2717 nisi
883 2687 915 2718 in

978 289 1138 328 perfectis,
1159 289 1237 328 quin
1253 290 1286 320 in
1305 291 1395 322 bonis
1414 293 1564 332 operibus
1585 292 1674 322 cadat
1688 293 1745 322 ali-

977 341 1053 381 quid
1075 352 1093 372 a
1115 342 1212 372 latere
1234 344 1493 382 reprehensibile.
1521 345 1620 375 Aliter
1646 347 1747 383 potest

976 395 1111 434 exponi,
1128 397 1162 425 ut
1178 404 1233 434 per
1248 395 1375 433 lignum
1386 420 1393 431 ,
1409 398 1531 428 foenum
1553 400 1583 428 et
1598 397 1746 437 stipulam

976 450 1058 478 recte
1079 448 1301 487 intelligantur
1325 449 1477 487 venialia,
1495 453 1525 481 et
1541 451 1583 481 ita
1602 450 1746 481 dicantur

975 501 1237 540 superaedificari,
1255 510 1319 531 non
1338 503 1372 531 ut
1387 503 1448 532 sint
1469 503 1506 533 de
1526 503 1674 541 aedificio,
1693 504 1746 533 sed

975 554 1126 592 quoniam
1141 554 1383 585 fundamentum
1398 556 1520 586 {edificii
1537 566 1601 587 non
1615 557 1746 587 subver-

974 608 1063 644 tunt,
1086 607 1139 637 sed
1162 607 1258 637 simul
1279 610 1361 638 stant
1380 618 1453 639 cum
1472 610 1524 639 illo
1542 621 1548 640 2
1564 619 1627 639 non
1647 610 1691 639 sic
1713 610 1745 640 in

975 660 1159 690 mortalibus
1183 661 1334 699 peccatis:
1357 664 1386 691 et
1409 671 1465 701 pro
1487 664 1573 692 tanto
1597 662 1746 692 dicuntur

974 713 1234 752 superaedificari,
1255 717 1360 745 tamen
1387 715 1598 745 nihilominus
1622 724 1745 745 crema-

974 765 1104 796 buntur.

1291 826 1358 847 111111.
1382 827 1426 847 111.

973 882 1020 910 Qui
1040 889 1100 905 vero
1123 883 1327 913 superaedificant
1346 890 1448 914 aurum,
1470 886 1616 915 argentum,
1636 885 1745 915 lapidem

1074 918 1222 948 pretiosum,
1238 919 1269 943 de
1287 921 1393 950 utroque
1409 921 1467 950 igne
1483 921 1565 944 securi
1579 923 1644 944 sunt.

1012 979 1142 1010 Videtur
1158 981 1239 1011 male
1254 982 1373 1019 dicere3
1393 983 1468 1022 quia
1483 983 1516 1013 in
1530 992 1609 1013 auro
1624 983 1746 1013 intelli-

971 1034 1060 1071 gitur
1074 1035 1297 1074 contemplatio
1314 1036 1385 1071 Dei,
1406 1037 1439 1066 in
1464 1038 1600 1075 argento
1622 1036 1745 1066 dilectio

971 1087 1120 1126 proximi,
1140 1089 1173 1118 in
1188 1089 1346 1128 lapidibus
1362 1091 1504 1129 pretiosis
1520 1091 1604 1120 bona
1623 1099 1719 1130 opera
1736 1101 1742 1120 z

970 1140 1024 1170 sed
1047 1150 1157 1171 omnes
1175 1142 1255 1180 justi
1278 1142 1337 1173 hoc
1358 1143 1613 1182 superaedificant
1637 1154 1643 1173 :
1665 1152 1744 1182 ergo

970 1193 1077 1223 nullus
1089 1196 1194 1233 J‘ustus
1211 1196 1355 1226 transibit
1376 1206 1432 1236 per
1454 1197 1563 1235 ignem
1586 1199 1741 1236 purgato-

970 1246 1065 1276 rium.
1083 1246 1116 1277 Si
1133 1248 1217 1278 dicas
1232 1249 1316 1288 quod
1332 1249 1523 1287 intelligitur
1538 1259 1610 1279 cum
1628 1250 1740 1289 praeci-

970 1299 1072 1336 sione;
1089 1302 1216 1331 contra¹
1234 1312 1240 1331 :
1261 1301 1331 1332 Non
1349 1305 1395 1333 est
1410 1303 1467 1341 qui
1485 1303 1588 1340 faciat
1607 1303 1739 1341 bonum,

970 1356 998 1383 et
1011 1361 1075 1391 mm
1089 1357 1213 1392 peccem·
1228 1364 1307 1393 ergo
1323 1355 1429 1385 nullus
1446 1356 1573 1395 praecise
1595 1356 1663 1386 haec
1685 1366 1739 1387 su-

970 1407 1171 1445 peraedificat.
1188 1407 1264 1438 Item
1274 1409 1430 1447 quaeritur
1440 1409 1477 1439 de
1486 1409 1672 1440 sufficientia
1681 1410 1739 1440 ho-

970 1468 1044 1488 rum
1060 1460 1168 1497 trium,
1187 1463 1216 1490 et
1230 1470 1293 1500 quo
1311 1462 1401 1492 modo
1419 1462 1675 1500 distinguuntur.
1692 1463 1742 1492 Vi-

970 1512 1063 1542 detur
1082 1514 1167 1543 enim
1187 1515 1271 1554 quod
1296 1524 1412 1545 aurum
1432 1515 1535 1554 potius
1555 1516 1681 1546 deberet
1695 1518 1741 1546 at—

970 1565 1068 1596 tribui
1083 1566 1251 1605 dilectioni,
1267 1577 1364 1607 quam
1381 1568 1650 1608 contemplationi,
1668 1570 1742 1609 quia

969 1619 1093 1650 dilectio
1107 1623 1153 1651 est
1168 1621 1401 1660 pretiosissima.

1012 1672 1102 1712 Resp.
1120 1673 1294 1704 Dicendum
1304 1675 1386 1714 quod
1400 1676 1662 1715 superaedificatio
1670 1686 1742 1708 con·

971 1727 1185 1766 templationis
1197 1752 1204 1765 ,
1221 1727 1412 1766 dilectionis,
1431 1732 1461 1759 et
1481 1730 1573 1759 11011εο
1588 1730 1720 1761 actionis
1731 1755 1740 1769 ,

970 1779 1161 1819 intelligitur
1184 1790 1239 1820 per
1263 1782 1505 1813 aedificationem
1532 1784 1602 1813 auri
1633 1786 1664 1813 et
1691 1794 1741 1815 ar—

972 1835 1071 1872 genti,
1089 1836 1119 1864 et
1134 1834 1286 1873 lapidum,
1301 1844 1374 1865 cum
1391 1836 1589 1875 praecisione,
1600 1837 1644 1867 ita
1659 1838 1744 1877 quod

971 1886 1033 1915 alia
1040 1895 1104 1915 non
1111 1887 1413 1926 superaedificentur.
1424 1888 1514 1919 Tunc
1522 1892 1629 1920 autem
1639 1891 1744 1922 dicun-

971 1941 1024 1969 tur
1034 1940 1170 1970 venialia
1184 1941 1442 1980 snperaedificari,
1453 1952 1516 1973 non
1527 1944 1654 1983 quando
1663 1954 1745 1976 com-

971 1993 1152 2031 mittuntur,
1166 1994 1219 2024 sed
1230 1995 1356 2034 quando
1367 1995 1400 2025 in
1410 2005 1505 2026 usum
1515 1999 1545 2027 et
1556 1999 1587 2026 in
1598 1998 1743 2029 habitum

971 2048 1217 2084 convertuntur,
1240 2047 1321 2077 sicut
1345 2048 1378 2078 in
1397 2049 1565 2080 dilectione
1589 2050 1740 2089 filiorum,

971 2102 1001 2130 et
1015 2100 1135 2137 uxoris,
1155 2103 1185 2130 et
1201 2101 1402 2139 hujusmodi;
1420 2104 1450 2132 et
1465 2103 1532 2133 sine
1552 2103 1606 2133 tali
1632 2104 1744 2135 habitu

971 2154 1000 2182 et
1016 2162 1078 2183 usu
1094 2153 1173 2183 110110
1188 2155 1289 2192 potest
1304 2154 1400 2184 1101110
1421 2164 1500 2192 0550,
1516 2157 1663 2195 quamvis
1678 2167 1743 2188 non

970 2206 1065 2245 possit
1081 2208 1206 2245 peccata
1221 2207 1327 2246 aliqua
1342 2210 1499 2246 quantum
1518 2209 1556 2239 ad
1572 2211 1677 2240 actum
1694 2211 1743 2240 vi-

970 2261 1047 2296 tare,
1068 2261 1182 2299 utputa
1205 2269 1277 2299 quae
1300 2270 1340 2290 ex
1359 2262 1558 2301 surreptione
1582 2263 1632 2293 vel
1654 2264 1743 2302 igno-

971 2312 1072 2342 rantia
1086 2313 1245 2343 oriuntur.
1263 2313 1342 2343 Solis
1360 2323 1440 2353 ergo
1458 2315 1602 2354 perfectis
1615 2325 1741 2357 compe-

971 2366 1007 2396 tit
1016 2367 1276 2405 superaedificatio
1287 2367 1368 2404 auri,
1377 2369 1450 2404 etc„
1462 2370 1492 2398 et
1502 2368 1535 2398 hi
1544 2370 1646 2399 securi
1655 2373 1740 2401 sunt.

971 2420 1058 2456 Quod
1074 2420 1230 2459 quaeritur
1251 2420 1289 2450 de
1308 2421 1506 2452 distinctione
1525 2422 1676 2461 istorum,
1693 2424 1740 2454 di-

970 2473 1105 2503 cendum
1121 2473 1205 2513 quod
1220 2475 1266 2503 est
1280 2473 1367 2512 loqui
1384 2474 1421 2504 de
1437 2475 1635 2506 ordinatione
1649 2486 1739 2507 men-

970 2527 1009 2557 tis
1022 2529 1178 2567 quantum
1201 2527 1239 2557 ad
1267 2529 1388 2566 partem
1405 2528 1607 2567 ,superiorem
1627 2540 1633 2559 ε
1652 2532 1682 2560 et
1699 2530 1742 2560 sic

970 2581 1161 2620 intelligitur
1188 2581 1410 2621 contemplatio
1434 2582 1505 2619 Dei;
1529 2585 1559 2613 et
1589 2583 1740 2622 quoniam

970 2635 1037 2665 111εο
1049 2635 1122 2665 dicit
1135 2635 1277 2665 eminens
1296 2635 1329 2665 in
1343 2635 1460 2672 anima,
1478 2638 1561 2665 recte
1582 2636 1740 2675 intelligi-

1005 2696 1114 2727 ¹Eccle.‚
1128 2703 1172 2728 vn,
1186 2698 1224 2721 21.
