1991 3006
89 1060 123 1080 Ad
141 1066 191 1086 opp,

209 186 265 215 108
761 186 1068 219 SENTENTIARUM
1090 189 1164 220 LIB.
1186 190 1235 220 IV.

247 251 325 282 Item
339 252 420 282 nihil
434 253 647 291 objiciendum
666 256 713 284 est
726 254 759 284 in
771 254 890 293 Judicio
906 263 973 285 ma-

207 305 319 336 nifesto
330 329 338 343 ,
355 306 439 345 quod
455 314 518 336 non
533 306 630 345 possit
650 307 812 337 manifeste
826 307 952 346 probari
965 318 972 337 :

207 367 287 397 ergo
305 359 371 398 pari
393 358 515 388 ratione
535 359 614 389 nihil
634 359 862 399 imponendum
881 362 927 390 est
942 360 975 390 in

203 411 323 451 judicio
354 411 577 450 poenitentiali,
601 413 684 452 quod
709 422 772 443 non
796 413 891 452 possit
922 423 976 453 per

208 466 317 494 testem
331 466 453 494 rectum
465 465 590 504 probari
604 477 610 496 ;
626 466 711 496 165115
725 468 832 496 autem
845 468 891 496 est
905 475 976 496 con-

207 517 355 548 scientia:
377 526 456 556 ergo
477 518 557 548 611111
579 519 748 549 dicendum
768 521 829 555 est,
858 519 917 549 11151
938 519 975 549 116

207 580 269 610 quo
286 574 412 602 accusat
427 573 615 603 conscientia
630 584 636 604 :
655 582 746 611 ergo,
763 576 820 603 etc.

247 623 325 654 Item
346 625 499 655 confessio
519 628 565 656 est
588 626 626 656 ad
646 626 850 665 dirigendum
873 626 975 657 medi-

206 686 279 707 cum
305 678 500 717 spiritualem
512 704 519 716 ,
553 680 633 709 sicut
666 679 806 717 cognitio
841 679 976 709 carnalis

206 730 398 761 infirmitatis
411 734 457 762 est
469 732 507 763 ad
519 732 722 771 dirigendum
736 732 895 763 medicum
910 742 976 762 car-

207 783 330 814 nalem:
353 785 405 816 sed
427 784 479 815 ille
499 785 571 815 111611
595 794 701 815 errare
724 786 899 822 medicum,
921 786 975 825 qni

206 836 279 867 dicit
294 846 326 867 se
341 837 458 867 habere
478 838 645 875 morbum,
668 847 763 877 quem
779 848 844 869 non
859 839 954 869 hahet
965 848 974 878 3

206 889 288 920 sicut
302 890 356 929 qui
370 890 444 920 dicit
458 900 491 920 se
506 900 570 921 non
591 891 723 928 habere,
741 900 838 930 quem
858 892 972 922 habet:

207 952 284 982 ergo
301 943 381 974 sicut
395 947 501 984 peccat
516 945 567 975 ille
584 944 639 984 qui
658 944 806 982 dimittit,
822 945 864 976 ita
879 947 909 976 et
925 945 976 975 ille

207 997 262 1037 qui
278 997 373 1028 addit.

244 1049 374 1082 Contra:
393 1051 601 1090 Gregorius':
625 1064 638 1080 11
650 1051 812 1083 Bonarum
822 1053 977 1083 mentium

206 1105 253 1134 est
273 1104 316 1134 ibi
341 1105 467 1144 eulpam
491 1114 683 1143 agnoscere,
713 1106 770 1136 ubi
793 1105 886 1145 culpa
913 1115 975 1135 non

206 1159 270 1188 est:
287 1168 301 1186 »
320 1167 400 1197 ergo
416 1159 442 1188 si
457 1161 557 1198 potest
572 1160 602 1189 et
617 1159 708 1189 debet
723 1168 756 1189 se
770 1159 866 1189 homo
881 1168 976 1189 accu-

206 1219 276 1241 sare
298 1211 473 1242 secundum
495 1212 579 1251 quod
600 1213 745 1250 agnoscit
767 1222 815 1249 56,
841 1214 871 1242 61
894 1213 977 1243 bona

207 1273 297 1294 mens
310 1266 411 1304 potest
430 1274 463 1295 se
482 1265 589 1304 magis
612 1265 801 1305 culpabilem
816 1268 975 1305 reputare,

205 1326 304 1356 quam
319 1318 358 1348 sit
370 1318 546 1349 seeundum
561 1319 736 1357 veritatem,
751 1319 877 1350 videtur
892 1320 975 1359 quod

205 1371 309 1408 magis
323 1371 421 1411 possit
435 1380 467 1402 se
483 1381 640 1409 accusare,
661 1381 758 1411 quam
773 1373 813 1402 sit
829 1373 861 1402 in
875 1382 920 1403 re.

245 1426 275 1454 Ξ.
292 1423 371 1455 Item
386 1424 441 1464 qui
457 1425 628 1455 conteritur
642 1425 714 1464 plus
728 1434 825 1464 quam
841 1426 975 1464 meruit,

205 1479 236 1508 et
251 1477 398 1508 satisfacit
411 1478 573 1518 puniendo
587 1487 620 1509 se
639 1479 723 1509 ultra
737 1488 830 1519 quam
846 1480 975 1518 meruit,

208 1532 305 1570 iuste,
330 1533 361 1562 et
380 1531 595 1570 laudabiliter,
618 1534 649 1562 et
669 1533 748 1562 bene
768 1533 839 1563 facit
862 1544 868 1563 :
897 1542 976 1571 ergo

205 1584 275 1623 pari
294 1585 415 1615 ratione
429 1585 484 1624 qui
498 1594 531 1615 se
549 1588 675 1616 accusat
691 1585 774 1616 ultra
790 1595 886 1625 quam
902 1596 977 1626 pec-

206 1637 299 1675 cavit,
315 1638 395 1668 bene
410 1637 493 1668 facit.

247 1693 275 1721 3.
299 1690 377 1721 ltem
401 1692 553 1722 consessio
582 1694 629 1722 est
657 1692 695 1722 ad
724 1692 977 1724 humiliationem

206 1744 401 1781 confitentis⁷
425 1747 456 1775 et
473 1745 533 1775 hoc
560 1754 614 1784 per
640 1745 897 1776 accusationem:
924 1747 977 1777 sed

206 1806 300 1828 nemo
317 1799 416 1836 potest
437 1807 468 1828 se
488 1798 583 1828 nimis
602 1798 786 1836 humiliare⁷
805 1799 928 1830 etiamsi
945 1810 977 1831 se

207 1850 353 1889 suinciat
367 1851 515 1881 omnibus
529 1854 656 1890 propter
672 1851 771 1882 Deum
789 1863 796 1882 ι
814 1862 893 1891 ergo
909 1854 977 1893 pari

206 1903 329 1934 ratione
343 1912 437 1934 nemo
452 1906 552 1943 potest
565 1913 598 1934 se
611 1905 706 1935 nimis
721 1914 880 1936 accusare.

246 1959 276 1987 4.
304 1956 381 1987 Item
400 1960 537 1996 ponatur
556 1958 641 1997 quod
661 1958 788 1998 aliquod
812 1962 976 1998 peceatum

206 2010 364 2040 commisit
385 2010 477 2049 quis,
505 2011 542 2040 de
566 2019 629 2050 quo
657 2011 778 2041 dubitat
800 2014 910 2042 utrum
938 2013 977 2042 sit

206 2062 348 2101 mortale,
366 2063 416 2094 vel
431 2063 571 2101 veniale3
591 2073 700 2103 quaero
716 2065 851 2104 qualiter
866 2065 977 2096 debeat

206 2115 282 2146 illud
304 2116 467 2146 confiteri:
483 2118 514 2146 et
532 2116 658 2147 videtur
676 2118 762 2157 quod
784 2118 864 2148 sicut
889 2127 974 2149 mor-

208 2169 286 2207 tale,
310 2169 385 2209 quia
406 2169 439 2199 16
463 2169 566 2199 dubiis
591 2170 731 2201 securior
755 2180 828 2209 pars
849 2174 895 2202 est
917 2173 975 2203 eli—

209 2222 330 2261 genda;
343 2224 372 2252 et
383 2222 523 2262 alioquin
534 2223 560 2253 si
571 2223 652 2253 sicut
663 2223 786 2254 veniale
797 2226 975 2264 confitetur,

207 2275 380 2306 discrimini
404 2285 436 2306 se
462 2276 630 2307 committit
650 2286 657 2307 :
682 2278 737 2308 sed
757 2279 904 2317 possibile
930 2282 977 2310 est.

207 2328 291 2368 quod
310 2328 391 2358 istud
417 2331 581 2368 peecatum
602 2339 665 2359 non
684 2330 724 2360 sit
747 2331 808 2361 nisi
831 2332 973 2363 veniale:

207 2389 286 2420 ergo
314 2383 415 2421 potest
433 2382 555 2412 veniale
584 2384 726 2414 confiteri
752 2386 788 2414 ut
817 2385 975 2416 mortale:

207 2443 286 2473 ergo
310 2435 348 2465 ad
372 2436 598 2466 confessionem
620 2436 734 2467 addere
757 2438 795 2468 ad
820 2448 853 2469 se
884 2448 975 2469 accu-

208 2487 353 2518 sandum.

241 2587 245 2599 ¹
269 2587 354 2617 Greg„
376 2587 444 2617 Hesp.
465 2587 498 2610 mi
526 2588 645 2619 interroy.
670 2591 773 2619 „layum
800 2591 920 2614 Cantuar.
947 2603 978 2609 —-

209 2621 216 2634 ’·’
232 2623 305 2652 Aug„
329 2621 363 2645 ad
382 2622 506 2652 Consent„
525 2625 603 2646 contr.
626 2625 745 2649 Mendac..
769 2633 790 2649 6.
815 2632 870 2655 mx,
894 2627 977 2656 quoad

209 2663 320 2681 sensum.
333 2669 363 2675 —
377 2657 386 2674 ³
398 2657 487 2690 Eccli.,
501 2664 602 2690 xxxvii,
615 2661 654 2685 20.

1304 318 1527 350 CONCLUSIO.

1031 407 1062 432 In
1077 407 1235 438 confessione
1250 408 1320 433 nihil
1336 408 1396 434 licet
1411 408 1507 435 addere
1526 409 1600 435 ultra
1620 411 1803 437 testimonium

1067 452 1233 477 conscientia»
1254 459 1264 481 ,·
1285 453 1372 485 potest
1396 454 1481 479 tamen
1504 454 1563 486 fieri
1585 453 1692 480 additio
1715 455 1804 488 quoad

1067 503 1131 526 rem,
1144 497 1173 521 ut
1187 502 1212 521 se
1227 497 1286 529 quis
1298 496 1362 530 plus
1376 499 1477 523 accuset
1491 505 1571 531 quam
1583 499 1715 532 peccavit,
1728 497 1803 525 modo

1068 539 1107 565 ita
1120 539 1211 566 credat
1225 547 1286 566 esse.

1071 628 1162 668 Resp.
1180 628 1218 658 ad
1233 638 1302 667 arg.
1319 629 1367 660 Ad
1381 629 1604 669 praedictorum
1622 630 1803 670 intelligen-

1030 681 1106 711 tiam
1131 682 1373 720 praenotandum
1394 686 1458 720 651,
1476 683 1561 723 quod
1582 683 1687 714 differt
1712 693 1801 715 men-

1030 734 1094 769 tiri,
1110 736 1139 764 et
1149 734 1263 764 salsum
1279 735 1390 765 dicere.
1407 736 1531 766 Mentiri
1544 736 1629 766 enim
1641 738 1688 767 est
1701 746 1802 776 quan-

1030 787 1070 817 do
1090 787 1174 817 aliud
1195 789 1345 827 exprimit
1358 798 1433 827 vox,
1450 798 1547 828 quam
1562 789 1675 820 sentiat
1690 799 1780 820 mens
1793 815 1801 827 ‚

1031 841 1154 870 etiamsi
1169 850 1223 880 per
1240 850 1350 871 vocem
1365 851 1477 872 verum
1492 842 1614 872 dicatur
1629 843 1661 873 in
1675 852 1719 873 re.
1738 842 1804 873 Fal-

1031 903 1102 924 sum
1128 894 1230 924 dieere
1249 897 1310 932 651,
1327 895 1456 934 quando
1480 904 1542 925 vox
1566 895 1721 926 discordat
1737 906 1755 926 a
1769 905 1804 926 re

1032 947 1222 985 significata.
1250 947 1375 978 Mentiri
1401 948 1549 987 quidem,
1579 949 1654 989 quia
1680 958 1804 990 semper

1032 1000 1180 1039 importat
1201 1001 1338 1031 abusum
1364 1002 1468 1040 signi,
1499 1004 1528 1032 et
1555 1002 1802 1042 obliquationem

1032 1053 1169 1083 hominis
1191 1056 1347 1093 quantum
1370 1055 1408 1085 ad
1432 1055 1498 1085 vim
1522 1055 1747 1086 intellectivam
1773 1058 1804 1087 et

1032 1107 1232 1144 exteriorem,
1247 1107 1329 1137 inter
1343 1117 1422 1146 quas
1436 1110 1483 1138 est
1497 1109 1662 1146 discordia,
1680 1118 1805 1149 semper

1033 1160 1154 1190 malum
1173 1162 1237 1197 est,
1269 1162 1299 1190 et
1324 1160 1367 1190 ita
1395 1161 1571 1191 secundum
1601 1171 1633 1192 sc
1660 1162 1802 1201 malum,

1032 1213 1116 1252 quod
1136 1213 1224 1242 nulla
1244 1215 1343 1252 potest
1366 1213 1448 1243 bona
1471 1214 1709 1245 circumstantia
1731 1224 1803 1246 ves-

1033 1266 1102 1303 1111,
1120 1267 1154 1295 111
1169 1265 1248 1295 bene
1264 1266 1332 1302 fiat,
1350 1266 1430 1296 516111
1447 1266 1520 1296 111611
1534 1267 1758 1305 Augustinus’
1771 1268 1804 1299 in

1032 1319 1113 1349 libro
1130 1323 1240 1350 contra
1261 1319 1476 1351 illemlactum.
1500 1320 1628 1351 Falsum
1645 1331 1723 1352 vero
1745 1322 1805 1353 11161

1033 1374 1133 1412 potest
1148 1373 1327 1412 frequenter
1344 1374 1515 1411 meritorie,
1534 1383 1607 1404 cum
1623 1384 1713 1406 mens
1726 1375 1806 1406 deei-

1032 1426 1129 1465 pitur,
1156 1428 1186 1456 et
1209 1426 1252 1456 ita
1277 1426 1375 1456 credit
1398 1436 1465 1456 6556
1488 1429 1523 1457 111
1548 1427 1699 1466 loquitur,
1725 1428 1806 1458 sicut

1033 1479 1113 1509 dixit
1140 1479 1308 1518 Apostolus
1340 1488 1372 1509 se
1407 1480 1440 1509 111
1472 1479 1657 1519 Hispaniam
1683 1481 1804 1520 prosec-

1033 1534 1153 1562 turum.
1175 1531 1208 1562 Si
1229 1540 1306 1570 ergo
1321 1533 1357 1561 tu
1372 1540 1497 1571 quaeras
1518 1534 1628 1562 utrum
1643 1532 1734 1563 liceat
1748 1533 1803 1563 ad-

1033 1586 1107 1616 dere
1130 1586 1168 1616 ad
1191 1585 1439 1623 contessionem,
1456 1586 1711 1625 respondendum
1735 1589 1802 1625 est,

1033 1639 1118 1678 quod
1133 1641 1189 1669 ant
1209 1641 1245 1669 tu
1269 1638 1406 1677 loqueris
1429 1640 1587 1677 quantum
1601 1638 1640 1669 ad
1656 1639 1805 1670 testifica-

1034 1693 1152 1723 tionem
1168 1692 1378 1729 eonscientiae,
1392 1694 1446 1721 aut
1459 1694 1616 1730 quantum
1631 1692 1670 1722 ad
1685 1692 1806 1723 confor-

1033 1746 1176 1776 mitatem
1192 1745 1332 1776 veritatis
1347 1745 1379 1774 in
1396 1754 1439 1775 re.
1460 1744 1491 1774 Si
1508 1747 1662 1784 quantum
1677 1745 1716 1775 ad
1729 1755 1806 1776 con-

1033 1800 1193 1830 scientiam
1205 1823 1212 1834 ,
1230 1801 1265 1829 111
1280 1798 1470 1829 conscientia
1490 1798 1596 1828 minus
1611 1802 1752 1837 accuset,
1774 1802 1805 1830 et

1034 1863 1097 1884 vox
1117 1852 1270 1892 amplius;
1297 1852 1339 1881 516
1364 1853 1409 1881 651
1433 1852 1596 1890 peccatum
1618 1854 1648 1881 et
1669 1852 1804 1883 menda-

1033 1907 1137 1943 cium,
1155 1908 1185 1936 et
1202 1905 1344 1945 perditur
1367 1904 1569 1934 consessionis
1584 1905 1734 1936 meritum
1746 1930 1753 1943 ‚
1771 1906 1804 1936 in

1034 1970 1098 2000 qua
1120 1960 1212 1990 debet
1235 1968 1302 1989 esse
1329 1958 1465 1988 verbum
1489 1967 1605 1995 verax,
1629 1959 1803 1989 secundum

1033 2012 1110 2042 illud
1120 2012 1149 2041 ³:
1167 2012 1249 2042 Ante
1265 2011 1373 2042 omnia
1387 2010 1514 2041 verbum
1529 2018 1630 2042 veraoe
1642 2010 1802 2050 proecedat

1034 2069 1074 2098 te.
1093 2065 1233 2096 Verbum
1254 2072 1353 2094 verax
1375 2065 1437 2100 est,
1460 2063 1633 2102 quandoid
1654 2064 1804 2103 exprimit

1033 2120 1161 2158 lingua,
1184 2118 1267 2158 quod
1291 2117 1385 2148 sentit
1413 2117 1612 2147 conscientia.
1639 2117 1671 2147 Si
1696 2119 1803 2148 autem

1033 2172 1190 2210 intelligas
1206 2171 1243 2201 de
1258 2170 1416 2201 additione
1431 2171 1588 2208 quantum
1603 2169 1642 2200 ad
1656 2170 1702 2200 rei
1718 2169 1802 2201 veri-

1033 2228 1129 2256 tatem
1141 2249 1149 2262 ,
1166 2225 1210 2254 ita
1228 2223 1313 2263 quod
1334 2222 1524 2253 couscientia
1538 2231 1602 2252 non
1616 2222 1771 2254 discordat
1785 2232 1804 2253 a

1032 2279 1166 2317 lingua,
1191 2276 1360 2308 dicendum
1383 2278 1459 2306 tune
1482 2275 1565 2314 quod
1591 2275 1660 2306 talis
1686 2275 1801 2307 additio

1033 2335 1133 2373 potest
1152 2340 1219 2361 esse
1236 2329 1406 2360 meritoria.
1424 2327 1483 2364 Qui
1498 2328 1584 2358 enim
1603 2328 1636 2358 in
1651 2328 1756 2367 parvis
1771 2337 1804 2358 se

1033 2386 1130 2417 credit
1151 2384 1295 2423 graviter
1321 2381 1502 2419 offendisse,
1518 2382 1548 2411 et
1572 2380 1616 2410 sic
1636 2381 1804 2411 confitetur

1033 2439 1124 2480 quasi
1149 2437 1289 2476 graviter
1313 2434 1497 2470 offenderit,
1525 2433 1663 2464 multum
1683 2433 1804 2473 absque

1034 2492 1130 2524 dubio
1154 2490 1287 2530 proficit.
1312 2488 1457 2519 Rationes
1480 2487 1582 2525 igitur
1605 2486 1642 2517 ad
1666 2487 1804 2526 primam

1034 2547 1156 2586 partem
1174 2543 1392 2583 procedentes,
1409 2539 1621 2576 concludunt,
1637 2539 1723 2579 quod
1738 2548 1803 2571 non

1035 2600 1133 2639 potest
1150 2606 1206 2626 1161·
1231 2596 1321 2626 debet
1344 2593 1457 2624 addere
1479 2591 1562 2622 ultra
1583 2591 1804 2624 testimonium

1035 2649 1244 2683 conscientiae.

1968 2619 1978 2693 ”x
