1991 3006
191 182 249 211 118
749 177 1057 210 SENTENTIARUM
1080 180 1153 212 LIB.
1178 180 1227 211 IV.

191 259 257 292 quo
272 247 443 279 dimissum
459 246 620 279 Dominus
634 247 780 280 debitum
797 247 909 291 petiit,
928 258 965 280 eo
985 248 1074 292 quod
1096 249 1152 281 ille
1175 260 1331 282 conservo
1353 261 1412 282 suo
1437 250 1583 282 debitum
1608 251 1708 284 nollet
1731 252 1780 284 di-

193 305 330 338 mittere.
351 317 368 333 »
391 304 450 337 IIis
471 304 721 337 auctoritatibus
741 305 946 346 innituntur,
969 306 1027 350 qui
1052 306 1164 338 dicunt
1191 311 1317 350 peccata
1340 307 1471 340 dimissa
1485 334 1492 348 ‚
1517 308 1543 340 si
1566 308 1775 352 replicantur,

69 379 167 406 omme„
192 362 296 395 redire
312 362 512 406 simpliciter.
529 362 657 401 Quibus
676 363 854 407 opponitur
872 376 878 395 :
897 362 932 394 Si
948 362 1023 406 quis
1046 374 1105 407 pro
1129 368 1258 407 peccato
1271 390 1278 404 ,
1294 365 1333 397 de
1354 376 1420 410 quo
1437 365 1607 409 poenituit,
1626 369 1656 398 et
1670 365 1780 399 indul-

190 420 334 464 gentiam
349 420 487 464 accepit,
500 420 619 452 iterum
637 420 790 464 punitur,
809 431 874 452 uon
890 419 1021 452 videtur
1034 420 1174 463 justum.
1192 421 1227 454 Si
1243 422 1380 466 punitur
1394 434 1453 467 pro
1469 434 1506 456 eo
1521 423 1607 468 quod
1624 423 1777 468 peccavit,

190 481 221 510 et
234 489 300 510 non
316 476 501 510 emendavit
516 503 523 518 ‚
538 477 663 521 justitia
688 481 734 510 est
758 481 879 521 aperta.
906 476 940 509 Si
958 488 1035 510 vero
1051 479 1232 522 requiritur
1247 479 1334 523 quod
1350 480 1456 513 fuerat
1470 480 1689 513 condonatum
1703 507 1711 521 ,
1728 481 1780 514 vel

189 534 348 578 injustitia
363 537 422 574 est,
437 534 487 567 vel
499 534 626 578 justitia
641 535 779 567 occulta.
797 534 937 566 Videtur
951 534 1047 567 ctiam
1062 535 1150 568 Deus
1165 536 1214 568 bis
1230 536 1263 568 in
1279 537 1421 581 idipsum
1434 537 1594 581 judicare,
1613 542 1644 571 et
1658 538 1781 583 duplex

189 591 356 624 tribulatio
371 602 586 634 consurgere3
604 592 691 636 quod
707 592 877 635 Scriptura
893 594 899 609 ¹
922 596 1031 633 negat.
1049 592 1110 625 Sed
1137 593 1176 625 ad
1200 593 1260 626 hoc
1275 598 1378 638 potest
1393 594 1456 627 dici
1470 621 1478 636 ,
1495 595 1582 639 quod
1599 607 1706 641 neque
1720 596 1780 629 du-

70 661 161 680 soiuml.
188 649 262 693 plex
277 649 447 682 tribulatio
462 649 649 691 consurgit,
674 649 915 693 ncquejudicat
939 649 1024 682 Deus
1049 650 1097 682 bis
1120 650 1154 683 in
1176 651 1330 695 idipsum.
1350 651 1418 684 IIoc
1435 653 1522 685 enim
1539 652 1648 695 fieret,
1667 653 1694 686 si
1710 658 1781 698 post

185 706 382 749 condignam
397 707 647 740 satisfactionem
666 733 673 745 ‚
691 711 721 739 et
746 707 963 739 sufficientem
989 719 1118 751 poenam
1143 709 1264 742 iterum
1285 710 1417 754 puniret
1436 723 1442 742 :
1461 710 1514 743 sed
1538 722 1604 744 non
1626 711 1781 744 satisfecit

185 765 283 807 digne
299 769 329 797 ct
348 765 560 807 sufficienter,
581 765 639 809 qui
659 776 724 797 non
750 764 988 809 perseveravit3
1013 765 1127 798 debuit
1141 766 1228 798 enim
1245 766 1358 810 jugem
1381 767 1501 811 peccati
1518 768 1637 802 habere
1657 780 1781 802 memo-

186 822 281 864 riam,
304 834 369 855 non
389 823 428 855 ad
445 822 649 863 faciendum,
667 822 721 855 sed
740 823 778 854 ad
800 822 1002 864 cavendum;
1025 822 1138 855 debuit
1159 835 1223 855 non
1248 823 1394 855 oblivisci
1417 836 1529 857 omnes
1554 826 1782 859 retributiones

185 881 244 914 Dei
260 907 267 921 ,
285 892 358 924 quse
373 884 421 913 tot
440 886 535 920 sunt,
556 884 636 924 quot
656 884 733 912 sunt
748 884 953 924 peccatorum
980 880 1196 913 remissiones.
1215 881 1276 913 Tot
1293 892 1370 923 ergo
1395 881 1508 913 debuit
1532 883 1676 924 cogitare
1698 883 1783 916 dona

184 939 265 978 Dei,
293 942 371 982 quot
394 938 479 970 mala
507 949 585 977 sua,
612 949 646 969 ac
673 948 729 981 pro
756 937 822 969 illis
847 949 949 981 usque
976 937 1010 970 in
1036 938 1136 970 finem
1163 938 1285 981 gratias
1310 950 1416 981 agere.
1445 939 1506 972 Sed
1533 941 1613 984 quia
1634 940 1784 984 ingratus

184 995 224 1028 ad
242 995 403 1028 vomitum
425 995 507 1027 sieut
527 995 616 1027 canis
632 998 640 1012 ²
656 995 768 1034 rediit,
792 999 937 1027 anteacta
957 995 1041 1027 bona
1069 995 1299 1036 mortificavit,
1317 1000 1347 1028 et
1363 1000 1528 1040 peccatum
1545 997 1716 1030 dimissum
1733 1009 1782 1031 re-

186 1053 312 1085 vocavit
330 1065 337 1085 :
355 1056 393 1096 ut
406 1053 459 1085 cui
476 1052 647 1084 humiliato
663 1056 736 1084 aute
758 1052 844 1084 Deus
867 1056 1032 1096 peccatum
1055 1052 1221 1084 dimiserat
1237 1079 1244 1094 ,
1261 1052 1365 1085 eidem
1382 1059 1491 1097 postea
1506 1054 1590 1087 elato
1605 1059 1636 1087 et
1650 1055 1782 1098 ingrato

186 1110 336 1155 imputet.

232 1168 294 1200 Sed
311 1168 390 1212 quia
410 1167 569 1200 absonum
596 1167 743 1207 videtur,
768 1173 803 1199 ut
827 1172 954 1211 peccata
975 1167 1108 1199 dimissa
1130 1167 1250 1200 iterum
1275 1168 1499 1212 imputentur,
1517 1169 1621 1213 placet
1644 1170 1783 1215 quibus-

65 1211 162 1267 3ss5i3'312'.'¹'
187 1226 261 1258 dam
287 1225 451 1257 neminem
476 1236 533 1269 pro
561 1225 695 1268 peccatis
719 1225 816 1257 semel
842 1225 985 1256 dimissis
1015 1225 1135 1257 iterum
1158 1238 1176 1257 a
1201 1225 1267 1258 Deo
1292 1226 1414 1268 puniri.
1442 1226 1505 1259 Sed
1531 1227 1602 1260 ideo
1627 1227 1783 1261 dicuntur

188 1283 321 1315 dimissa
344 1282 448 1315 redire
477 1287 508 1315 et
533 1283 709 1325 imputari,
738 1282 815 1326 quia
840 1287 970 1326 propter
993 1282 1264 1323 ingratitudinem
1289 1283 1333 1315 ita
1349 1295 1423 1315 reus
1446 1288 1477 1316 et
1499 1288 1645 1328 peccator
1665 1285 1784 1318 consti-

67 1355 150 1375 utrm-
191 1340 317 1381 tuitur,
343 1343 380 1372 ut
403 1344 477 1371 ante
499 1340 615 1371 tuerat.
643 1339 695 1371 Sic
721 1339 807 1371 enim
834 1339 921 1382 quod
948 1339 1120 1372 dimissum
1148 1340 1277 1381 fuerat,
1303 1340 1422 1373 dicitur
1443 1341 1552 1384 exigi,
1569 1342 1648 1386 quia
1670 1343 1785 1375 remis-

65 1387 175 1437 2¹3²}ssssss
189 1397 290 1429 sionis
318 1401 475 1440 perceptae
508 1396 656 1439 ingratus
687 1397 731 1429 ita
755 1407 827 1429 reus
850 1396 887 1428 fit
912 1401 947 1429 ut
969 1400 1043 1429 ante
1068 1396 1185 1429 fuerat.
1213 1397 1352 1441 Utrique
1386 1398 1470 1441 parti
1497 1399 1687 1442 quaestionis
1711 1411 1785 1444 pro-

67 1448 165 1505 ἧζέᾙω
191 1454 258 1486 bati
279 1454 389 1487 favent
413 1454 570 1487 doctores.
596 1454 736 1498 Ideoque
757 1454 854 1486 alicui
878 1454 961 1498 parti
983 1466 1048 1486 non
1068 1454 1284 1498 praejudicans
1299 1480 1307 1496 ‚
1328 1455 1472 1488 studioso
1496 1456 1608 1489 lectori
1619 1456 1783 1500 judicium

67 1513 130 1531 ¹¹'¹²¹¹¹·
191 1512 343 1556 relinquo
356 1538 363 1553 ,
376 1512 500 1550 ,addens
516 1511 595 1543 mihi
611 1515 719 1543 tutum
738 1511 827 1553 fore,
848 1522 883 1544 ao
899 1511 995 1544 saluti
1011 1512 1235 1556 propinquum
1251 1512 1312 1544 sub
1329 1524 1439 1545 mensa
1456 1513 1667 1547 dominorum
1687 1515 1784 1548 micas

192 1570 286 1602 edere
302 1570 323 1602 ³.

70 1643 125 1667 Qun
152 1644 177 1662 221
237 1627 314 1660 Post
333 1627 485 1672 praedicta
501 1631 597 1660 restat
612 1627 826 1670 investigare,
844 1627 922 1671 quid
940 1628 973 1659 in
987 1628 1112 1660 actione
1127 1628 1327 1672 poenitentiae
1341 1629 1383 1661 sit
1398 1629 1646 1662 Sacramentum
1662 1634 1694 1663 et
1707 1630 1782 1664 Res.

67 1674 178 1724 ᾞζῖῗῃῖῗ
194 1685 441 1718 Sacramentum
465 1685 553 1717 enim
579 1685 711 1727 signum
731 1690 778 1717 est
799 1696 896 1718 sacrae
922 1685 980 1718 rei.
1003 1685 1093 1724 Quid
1116 1696 1193 1728 ergo
1216 1685 1268 1718 hic
1291 1686 1423 1728 signum
1448 1689 1518 1719 est?
1534 1691 1565 1720 et
1584 1699 1659 1732 quae
1673 1692 1721 1722 est
1734 1700 1786 1722 res

69 1735 176 1785 &mss
193 1754 282 1775 sacra
297 1742 397 1786 hujus
413 1743 498 1785 signi
509 1745 523 1774 Ἰ
540 1742 681 1782 Quidam
697 1743 811 1775 dicunt
824 1746 1066 1775 sacramentum
1082 1742 1134 1774 hic
1159 1754 1226 1775 esse
1241 1743 1327 1787 quod
1344 1744 1486 1777 exterius
1500 1748 1631 1778 tantum
1644 1746 1782 1790 geritur,

69 1797 130 1822 pinis.

68 1828 154 1853 Aliqui,-

68 1864 114 1891 ram
125 1866 168 1885 ⁰1³¹·
192 1858 297 1891 cordis
311 1884 318 1899 ‚
336 1862 367 1890 et
382 1858 588 1890 humilitatis.
607 1858 700 1897 Quod
718 1858 744 1890 si
759 1862 806 1890 est
817 1884 825 1899 ,
844 1870 909 1890 non
925 1869 1023 1890 omne
1038 1862 1277 1890 sacramentum
1292 1859 1518 1901 evangelicum
1533 1860 1567 1892 id
1583 1860 1682 1894 efficit
1696 1862 1784 1906 quod

71 1894 112 1908 nto.

72 1928 165 1961 opposa-
194 1915 314 1958 figurat
332 1928 338 1948 :
355 1916 496 1948 exterior
510 1916 597 1948 enim
613 1916 805 1959 poenitentia
820 1927 886 1948 non
909 1915 1007 1948 efficit
1025 1916 1236 1956 interiorem3
1253 1916 1362 1960 potius
1381 1916 1518 1949 interior
1541 1928 1638 1951 causa
1661 1923 1709 1951 est
1730 1930 1786 1952 ex-

71 1961 99 1978 tio
126 1966 157 1984 1⁷¹¹

70 1971 178 2009 magud.
194 1972 333 2006 terioris.
351 1973 413 2006 Sed
431 1977 470 2006 ad
486 1973 546 2006 hoc
561 1973 719 2016 inquiunt
733 1973 783 2005 illi
796 1999 804 2013 ,
821 1973 881 2005 hoc
897 1984 963 2005 csse
978 1973 1234 2015 intelligendum
1255 1973 1296 2005 de
1317 1973 1383 2006 illis
1401 1975 1610 2008 sacramentis
1625 2002 1632 2015 ‚
1653 1987 1728 2020 quae
1750 1977 1786 2010 iu

73 2022 110 2040 ‘¹⁰'
192 2030 285 2063 Novo
299 2031 505 2064 Testamento
520 2030 669 2062 instituta
683 2034 759 2062 suut
772 2042 779 2070 ;
796 2033 833 2062 ut
847 2034 894 2061 est
916 2034 1155 2062 sacramentum
1178 2030 1330 2074 baptismi
1344 2056 1351 2071 ,
1373 2031 1631 2065 confirmationis
1644 2058 1652 2073 ,
1667 2037 1698 2066 et
1715 2044 1786 2066 cor-

192 1800 312 1833 sciiicet
327 1800 469 1833 exterior
484 1800 694 1844 pcenitentia,
712 1812 786 1844 quse
801 1805 848 1833 est
863 1801 996 1843 siguum
1014 1800 1179 1832 interioris
1195 1801 1393 1844 poeniteutiae
1408 1827 1415 1841 ,
1434 1801 1555 1834 scilicet
1577 1803 1784 1837 contritionis

194 2087 281 2131 poris
296 2087 427 2120 Christi.
452 2087 701 2120 Sacramentum
724 2098 802 2119 vero
822 2087 1043 2131 poenitentiae,
1060 2087 1142 2119 sicut
1166 2091 1197 2119 et
1218 2087 1363 2131 conjugii
1379 2114 1386 2128 ,
1411 2093 1486 2121 ante
1505 2092 1635 2133 tempus
1651 2091 1782 2133 gratiae,

194 2144 291 2176 etiam
308 2156 326 2176 a
340 2144 518 2188 primordio
534 2144 671 2177 humani
686 2144 814 2187 generis
828 2144 893 2176 fuit
911 2157 917 2176 2
937 2148 1116 2188 utrumque
1140 2144 1227 2177 enim
1254 2145 1442 2178 institutum
1468 2145 1531 2178 fuit
1550 2145 1585 2178 in
1600 2146 1714 2190 primis
1729 2159 1786 2192 pa-

69 2215 180 2242 0ppos.ss.
195 2201 354 2234 rentibus
373 2203 452 2235 Item
471 2215 478 2234 z
497 2202 532 2235 Si
554 2202 694 2235 exterior
716 2202 907 2246 poenitentia
926 2206 1166 2235 sacramentum
1191 2206 1257 2243 est,
1277 2206 1308 2234 et
1331 2202 1467 2235 interior
1491 2213 1542 2235 res
1567 2205 1782 2247 sacramenti,

73 2248 154 2267 &¹⁸⁰⁰
194 2259 311 2303 saepius
326 2259 477 2303 praecedit
494 2271 544 2292 res
557 2264 816 2301 sacramentum,
833 2271 933 2304 quam
949 2264 1188 2292 sacramentum
1211 2270 1291 2292 rem.
1310 2259 1373 2292 Sed
1390 2270 1448 2292 nec
1468 2259 1528 2293 hoc
1552 2261 1784 2296 inconveniens

86 2331 164 2358 ovam«,
195 2320 241 2349 est
259 2330 265 2348 :
286 2328 361 2350 nam
377 2320 408 2349 et
422 2317 456 2349 in
471 2317 544 2350 aliis
557 2317 768 2350 sacramentis
781 2343 789 2358 ,
809 2328 884 2362 quae
900 2317 1047 2350 efficiunt
1061 2317 1148 2361 quod
1162 2316 1325 2359 figurant,
1342 2316 1402 2350 hoc
1415 2328 1500 2361 saepe
1515 2318 1685 2362 contingit.
1703 2319 1784 2358 Qui-

79 2363 178 2383 ³¹¹⁰⁰¹¹¹¹⁵
194 2373 269 2406 dam
285 2378 395 2406 autem
410 2374 523 2406 dicunt
537 2401 544 2414 ,
564 2375 757 2407 exteriorem
779 2375 1005 2418 poenitentiam
1026 2378 1057 2407 et
1077 2374 1267 2407 interiorem
1290 2385 1356 2407 esse
1370 2379 1626 2417 sacramentum,
1643 2387 1702 2409 nec
1716 2376 1782 2411 duo

192 2435 404 2472 sacramenta,
421 2432 476 2464 sed
492 2443 612 2473 unum,
631 2437 667 2464 ut
685 2433 805 2476 species
820 2433 925 2477 panis,
941 2437 972 2465 et
988 2432 1068 2473 vini,
1086 2443 1153 2465 non
1174 2432 1239 2464 duo
1264 2436 1341 2465 sunt
1356 2436 1573 2474 sacramenta,
1590 2433 1644 2465 sed
1661 2444 1779 2467 unum.

193 2488 233 2521 Et
249 2488 332 2521 sicut
346 2488 381 2521 in
396 2493 595 2521 sacramento
610 2490 769 2533 corporis,
788 2490 834 2522 ita
848 2490 945 2523 etiam
967 2490 1001 2523 in
1024 2490 1083 2523 hoc
1103 2493 1304 2522 sacramento
1327 2489 1441 2522 dicunt
1461 2489 1551 2523 aliud
1570 2501 1636 2523 esse
1652 2494 1781 2524 tantum

192 2550 430 2579 sacramentum
445 2572 453 2588 ‚
469 2547 588 2579 scilicet
601 2548 793 2580 exteriorem
809 2548 1036 2591 poenitentiam
1056 2561 1062 2580 :
1081 2547 1170 2580 aliud
1190 2551 1428 2580 sacramentum
1444 2551 1475 2580 et
1489 2558 1557 2580 rem
1569 2573 1577 2588 ,
1594 2547 1715 2580 scilicet
1729 2548 1780 2581 in-

227 2649 231 2661 ¹
248 2648 323 2679 Nah„
338 2654 356 2678 1,
372 2649 395 2674 9.
406 2661 436 2666 -—
451 2649 458 2662 '³
471 2649 579 2678 11Pet1·.‚
597 2655 624 2679 ιι,
641 2651 679 2673 21.
691 2661 719 2667 --
736 2649 857 2680 Minima„
872 2656 915 2680 n,
930 2652 969 2674 27.

1984 1634 1991 1981 -—-.——.——
