1991 3006
161 187 219 215 [ΗΞ

160 252 281 283 dicendi
302 252 423 291 oportet
443 248 604 286 invenire,
631 249 714 288 quod
734 248 930 287 consangui-

160 306 242 335 nitas
256 307 302 335 est
317 313 357 334 ex
370 302 598 343 propagatione
609 302 726 332 carnali
741 301 931 341 proveniens

161 359 193 388 in
207 357 392 388 hominibus
405 367 411 393 ;
425 358 455 386 et
470 356 529 385 hoc
545 355 708 385 vinculum
722 355 784 385 «luo
801 355 929 392 faciunt,

161 411 275 441 scilicet
289 409 400 439 relatio
410 409 449 439 ad
460 408 603 439 6311111611]
615 408 783 447 originem.
802 409 931 438 61113111-

161 464 236 494 ralis
251 462 385 493 affectio.
403 462 521 492 Relatio
537 461 575 491 ad
591 461 734 491 eamden]
750 461 908 499 originem
922 471 928 490 :

161 519 229 546 tum
257 515 337 545 sicut
363 514 401 544 ad
424 513 508 545 idem
537 514 726 554 principium
752 513 911 543 materiale
922 537 930 551 ,

160 569 235 608 quia
260 569 298 599 de
324 568 483 607 sanguine
506 567 648 606 ejusdcm
670 566 809 597 hominis
833 575 930 605 gene-

160 624 273 652 rantur
286 632 294 658 ;
331 630 404 651 cuin
441 620 521 650 sicut
549 620 585 650 ad
622 620 705 650 idem
740 619 932 659 principium

159 674 353 712 effectivum,
371 674 447 713 quia
457 683 530 703 cum
546 673 598 703 illo
612 673 731 703 semine
742 672 933 703 deciduntur

160 727 288 767 spiritus
304 729 333 757 et·
350 727 446 757 etiam
463 727 564 756 virtus
587 735 659 766 quae
681 727 794 756 format
810 728 840 755 ct
855 724 931 755 assi-

159 781 249 811 milat
277 781 453 811 materiam.
487 779 573 809 1111116
606 782 639 809 ut
672 779 846 818 plurimum
878 778 933 808 filii

159 834 374 865 assimilantur
406 834 606 874 parentibus,
642 833 817 863 secundum
849 831 933 871 quod

159 889 214 919 illa
231 889 335 919 virtus
356 888 458 918 delata
472 887 629 927 potentior
645 889 691 916 cst
710 887 741 916 in
759 886 930 926 operando.

161 942 198 972 Et
211 942 285 981 quia
300 943 414 972 natura
425 941 457 972 in
472 941 656 971 bominibus
671 942 781 980 potens
797 941 844 970 cst
855 948 932 978 cog-

160 1004 287 1025 noscere
302 1004 393 1025 suam
408 995 566 1034 originem
584 995 615 1024 in
630 994 732 1024 forma
747 993 887 1030 alterius,
905 995 934 1022 et

161 1048 292 1079 ulterius
306 1049 471 1088 perspicax
485 1050 542 1086 est,
557 1050 594 1078 ut
610 1056 674 1077 non
689 1047 792 1077 solum
809 1046 934 1076 assimi-

160 1101 308 1132 lationem
324 1102 356 1131 in
372 1102 472 1132 forma
487 1101 625 1141 propria,
642 1100 696 1130 sed
711 1100 807 1129 etiam
823 1099 857 1129 in
873 1099 934 1129 alia

161 1156 330 1192 cognoscat
342 1178 351 1191 ,
377 1163 449 1184 cum
470 1153 593 1184 affectio
618 1152 771 1183 naturalis·
798 1154 871 1181 nata
896 1151 935 1181 sit

161 1206 322 1237 adhaerere
335 1207 399 1244 tali,
411 1208 485 1237 hinc
500 1206 639 1246 estquod
650 1208 696 1236 est
709 1205 751 1235 1111
768 1205 934 1235 vim-ulum

161 1260 458 1299 consanguinitatis.
475 1260 513 1290 Et
527 1259 680 1299 quoniam
696 1259 799 1288 virtus
814 1258 936 1288 assimi-

162 1313 258 1344 lativa
272 1313 374 1344 deficit
399 1322 454 1353 per
471 1312 701 1343 successionem
713 1335 720 1349 ‚
742 1313 771 1341 et
795 1311 935 1349 cognitio

162 1367 257 1397 ctiam
273 1366 516 1406 propinquitatis
531 1366 644 1403 deficit,
663 1367 693 1394 et
706 1364 829 1394 affectio
845 1366 936 1395 natu-

165 1420 239 1450 ralis
249 1420 365 1458 deficit,
382 1420 456 1450 hinc
471 1419 611 1459 estquod
627 1419 792 1449 vinculum
806 1427 935 1448 consan-

163 1474 329 1512 guinitatis
344 1482 407 1503 non
423 1475 547 1503 tantuin
562 1471 761 1512 protenditur
776 1473 934 1510 quantum

162 1527 350 1566 propagatio
369 1537 375 1556 2
397 1528 427 1556 et
446 1535 502 1565 per
527 1526 587 1555 1106
611 1527 694 1564 patet
716 1524 877 1563 responsio
896 1524 935 1554 ad

162 1580 321 1619 objectum
340 1579 500 1609 ultimum.
518 1578 640 1609 Rursus
652 1602 660 1615 ,
677 1578 753 1617 quia
776 1577 809 1606 in
833 1577 935 1608 brutis

162 1633 354 1663 animalibus
374 1642 438 1662 non
459 1634 505 1662 est
525 1631 597 1662 talis
618 1631 758 1670 cognitio
782 1639 841 1660 nec
865 1630 934 1660 alli-

162 1686 266 1725 gatio,
285 1686 347 1716 nisi
371 1686 473 1716 solum
497 1687 654 1725 qnantum
683 1684 721 1714 ad
746 1685 880 1714 matrem
904 1685 935 1713 et

162 1739 288 1778 foetum,
305 1739 372 1769 sive
387 1738 525 1778 prolem,
542 1738 615 1768 hine
636 1740 682 1768 est
703 1736 787 1777 quod
809 1745 874 1766 non
889 1738 935 1766 est

162 1793 193 1822 in
211 1793 256 1823 eis
271 1793 331 1823 tale
347 1792 511 1823 vinculum
530 1800 537 1820 ι
554 1791 642 1821 etsie
660 1792 743 1830 patet
758 1790 862 1829 primo
879 1789 935 1819 ob-

157 1847 290 1884 jectum,
308 1846 383 1885 quia
399 1854 461 1875 non
478 1847 525 1875 est
539 1844 650 1875 similis
666 1853 772 1881 causa,
790 1843 861 1873 ideo
877 1851 934 1872 nec

161 1899 271 1929 similis
295 1899 434 1929 61166105.
457 1899 519 1929 Ν66
534 1899 695 1938 loquimur
718 1897 769 1927 hic
787 1897 825 1927 de
841 1896 934 1926 affec-

161 1953 246 1983 tione
260 1952 435 1982 secundum
449 1953 553 1982 actum
563 1975 571 1989 ,
587 1951 639 1981 sed
655 1950 831 1981 secundum
846 1951 934 1979 natu-

161 2004 225 2035 rale
249 2004 485 2041 inclinativum,
516 2004 591 2043 quia
621 2003 807 2034 naturaliter
833 2003 932 2040 inest,

161 2058 216 2088 etsi
237 2067 300 2088 non
316 2057 388 2087 insit
405 2057 439 2086 in
463 2059 549 2094 actu,
567 2056 617 2086 vel
639 2065 703 2086 non
723 2057 814 2085 exeat
836 2055 868 2084 in
886 2064 935 2085 ac-

162 2114 231 2141 tum
248 2121 254 2140 :
273 2112 303 2140 et
317 2110 377 2141 hoc
398 2112 493 2149 patet,
512 2109 588 2148 quia
604 2109 716 2148 aliquis
731 2108 860 2139 credens
874 2109 934 2138 fra-

162 2167 243 2194 trem
272 2173 367 2194 snum
399 2172 465 2194 esse
495 2164 684 2193 extraneum
697 2186 705 2199 ,
738 2171 802 2192 non
833 2162 935 2200 inagis

162 2217 299 2247 afficitur
313 2217 395 2247 circa
407 2217 498 2246 illum
511 2241 518 2250 ,
538 2224 635 2255 quam
650 2215 732 2245 cirea
747 2215 861 2252 alium3
881 2215 934 2245 sed

162 2270 268 2300 statim
283 2272 443 2309 comperto
458 2269 542 2309 quod
555 2269 595 2299 sit
609 2269 704 2299 frater
717 2292 724 2304 ,
741 2269 888 2306 afficitur,
905 2270 935 2298 et

162 2322 328 2353 affectione
343 2322 498 2360 trahitur,
523 2324 553 2352 et
575 2322 676 2352 eidem
698 2321 837 2361 quodam
863 2330 933 2360 spe-

163 2375 234 2406 ciali
260 2375 390 2406 vinculo
413 2375 583 2414 alligatur,
609 2384 682 2406 cum
710 2377 818 2405 tamen
845 2374 936 2414 prius

164 2431 244 2459 esset
259 2428 419 2468 alligatus

204 2484 234 2512 2.
250 2482 297 2512 Ad
311 2482 390 2512 illud
404 2491 483 2521 ergo
499 2482 582 2521 quod
596 2481 755 2520 objicitur,
773 2480 856 2519 quod
872 2489 935 2511 non

198 2545 202 2557 “
220 2543 259 2573 Cf.
277 2546 302 2567 S.
319 2544 419 2573 Thous„
436 2544 461 2567 in
478 2544 566 2574 Suppl.
585 2552 609 2574 p.
627 2545 673 2574 lll,
688 2552 713 2574 q.
731 2549 782 2573 ιη’,
801 2548 847 2569 att.
864 2548 892 2574 :33
912 2547 937 2568 ct

167 2579 196 2602 lV
213 2579 290 2609 Senl„
303 2579 359 2603 dist.
372 2586 413 2608 η,
427 2586 451 2610 11.
466 2585 482 2609 1,
496 2583 543 2603 art.
557 2581 583 2609 2;
598 2581 677 2609 Scot„
690 2580 719 2603 lV
733 2581 812 2605 Sem..
825 2580 881 2603 dist.
894 2586 935 2607 xi..

165 2620 189 2643 q.
205 2620 229 2644 13
248 2615 369 2644 Dumna„
386 2615 416 2638 lV
431 2616 508 2642 Sent.v
525 2615 581 2638 dist.
599 2620 640 2645 xL,
656 2622 681 2646 q.
698 2621 722 2644 13
741 2615 889 2639 Franci-<cus
906 2616 936 2639 sle

165 2649 256 2680 Mayr.,
274 2651 302 2673 lv
326 2650 404 2680 Seni.y
427 2650 483 2674 dist.
508 2656 553 2680 xn,
574 2657 598 2681 11,
620 2657 643 2680 13
665 2651 752 2674 Petrus
775 2651 804 2674 dc
825 2652 939 2682 Tarant-⁸

727 180 1033 212 SENTENTJARUM
1057 180 1128 211 LlB.
1159 181 1206 211 lV.

985 250 1031 279 est
1047 249 1212 279 vinculum
1228 251 1356 289 propter
1365 249 1619 280 convenientiam
1634 250 1666 280 in
1679 251 1756 282 acci—

985 301 1094 337 dente,
1116 301 1283 332 dicendum
1308 302 1394 342 quod
1414 302 1674 341 consanguinitas
1693 311 1758 334 non

986 354 1060 385 dicit
1075 355 1240 385 vinculum
1264 355 1439 385 secundum
1462 355 1686 395 proprietatem
1701 356 1758 386 ah-

987 406 1138 445 solntam,
1164 407 1217 438 sed
1238 407 1412 438 secundum
1435 408 1658 448 proprietatem
1681 408 1759 438 rela-

988 461 1065 497 tam,
1083 462 1192 499 utpote
1207 460 1381 490 secundnm
1399 468 1580 499 processum
1594 461 1633 490 ab
1649 460 1759 491 eadem

988 513 1090 543 radice
1107 516 1135 543 et
1151 513 1292 552 origine,
1308 516 1343 543 ut
1359 515 1443 553 patet
1458 513 1495 543 de
1516 513 1640 543 duobus
1654 513 1759 544 tratri-

988 566 1057 596 bus.
1076 566 1162 596 Unde
1177 566 1257 596 sicut
1279 566 1359 596 rami
1379 566 1418 595 ab
1440 566 1550 597 eadem
1565 566 1668 596 radice
1682 575 1759 606 pro-

988 618 1132 649 cedentes
1152 620 1269 650 faciunt
1292 629 1390 650 unam
1406 619 1551 650 arborem
1570 628 1634 650 non
1655 619 1759 650 solum

989 675 1116 712 propter
1131 672 1405 711 assimilationem,
1423 673 1475 703 5611
1489 675 1615 712 propter
1629 682 1760 713 compa-

989 726 1142 755 rationem
1169 725 1207 755 ad
1231 726 1313 755 idem
1338 726 1550 765 principium;
1578 725 1620 755 sic
1645 726 1758 756 intelli-

991 779 1131 818 gendum
1160 779 1244 818 qnod
1275 779 1380 818 plures
1412 788 1556 818 personae
1585 780 1624 809 ab
1650 779 1762 810 eodem

989 832 1210 862 descendentes
1232 832 1353 862 faciunt
1374 841 1472 862 unam
1493 832 1610 862 lineam
1627 841 1762 862 consan-

989 885 1173 923 guinitatis,
1199 894 1272 924 quae
1297 886 1341 914 est
1370 893 1403 914 sc
1426 884 1546 914 habens
1569 884 1608 914 ad
1633 884 1763 915 modum

989 938 1122 968 arboris.

1029 992 1059 1020 3.
1083 991 1129 1021 Ad
1150 990 1226 1021 illud
1249 990 1334 1030 quod
1353 990 1501 1029 objicitur
1524 990 1562 1020 de
1587 990 1759 1030 superfluo,

990 1044 1158 1074 dicendum
1187 1043 1272 1083 quod
1307 1042 1424 1082 dupli-x
1453 1045 1499 1073 cst
1534 1043 1737 1083 superfluitas
1754 1054 1762 1074 :

989 1097 1137 1137 quaedam
1164 1096 1373 1136 impuritatis,
1400 1099 1430 1126 et
1450 1096 1520 1126 haec
1543 1097 1648 1136 potius
1669 1096 1765 1128 habet

990 1150 1250 1189 repugnantiam,
1262 1158 1359 1188 quam
1370 1149 1440 1179 colli
1445 1149 1586 1188 gantiam
1596 1161 1603 1187 ;
1616 1150 1764 1190 quaedam

990 1202 1198 1240 residuitatis,
1226 1204 1256 1232 et
1279 1202 1347 1232 haec
1371 1202 1465 1232 habet
1488 1202 1760 1233 convenientiam:

992 1266 1047 1286 nec
1063 1258 1109 1285 est
1132 1255 1316 1294 simpliciter
1330 1254 1543 1294 superfluitas,
1559 1255 1633 1294 quia
1649 1264 1763 1295 qnam-

992 1310 1039 1339 vis
1071 1309 1108 1348 (a)
1138 1309 1175 1338 sit
1212 1308 1265 1337 uni
1292 1307 1403 1338 virtuti
1432 1307 1594 1346 superflua
1610 1332 1619 1345 ‚
1657 1310 1765 1348 utpote

991 1362 1171 1399 nutrstivae,
1190 1363 1298 1391 tamen
1314 1360 1367 1390 alii
1385 1362 1436 1399 {est
1451 1361 1640 1399 necessaria,
1657 1363 1766 1401 utpote

993 1415 1191 1454 generativa}
1211 1425 1218 1444 :
1239 1416 1269 1443 et
1283 1413 1431 1452 quamvis
1445 1413 1619 1453 superfluat
1633 1414 1673 1444 ad
1687 1423 1766 1444 con—-

992 1469 1203 1499 servationem
1218 1466 1390 1503 individui,
1407 1469 1453 1497 est
1468 1469 1575 1497 tamen
1589 1468 1765 1498 necessaria

992 1521 1028 1551 al
1047 1520 1320 1551 conservationem
1336 1519 1459 1559 speciei.
1478 1519 1515 1549 Et
1530 1522 1681 1559 praeterea
1695 1530 1765 1560 pro-

992 1574 1093 1604 babile
1106 1576 1173 1611 est,
1191 1573 1275 1613 quod
1290 1581 1363 1602 cum
1382 1573 1439 1603 ista
1454 1572 1644 1604 humiditate
1658 1574 1762 1604 nutri-

993 1628 1123 1658 mentali
1139 1626 1258 1666 aliquid
1273 1626 1332 1656 fuit
1351 1626 1389 1656 dc
1411 1626 1600 1656 humiditate
1619 1626 1762 1665 radicali,

991 1686 1021 1713 et
1037 1682 1150 1722 spiritu
1163 1707 1169 1719 ‚
1185 1681 1307 1712 ratione
1323 1682 1415 1720 quus
1431 1681 1515 1712 filius
1535 1681 1677 1712 intimius
1691 1682 1766 1712 atti-

991 1739 1044 1766 net
1060 1736 1152 1776 patri.

1256 1839 1435 1877 QUAESTIO
1458 1840 1495 1871 ll.

1065 1927 1107 1954 An
1135 1927 1354 1960 consanguinitas
1382 1926 1554 1952 matrimonio
1584 1928 1693 1960 praestet

1253 1969 1471 2004 impedimentum
1488 1971 1504 1996 ¹.

1032 2054 1143 2084 Utrum
1167 2053 1427 2091 consanguinitas
1455 2054 1655 2084 matrimonio
1679 2064 1761 2095 [1133-

991 2109 1051 2137 stet.
1069 2106 1346 2141 imdedimentum;
1360 2108 1389 2135 et
1404 2106 1489 2145 (111011
1502 2115 1581 2144 non,
1596 2107 1721 2138 videtur
1733 2109 1759 2139 ἐ

992 2160 1056 2192 Hoc
1070 2168 1154 2190 nunc
1169 2167 1202 2191 os
1213 2167 1254 2190 ea·
1266 2159 1388 2190 ossibus
1403 2159 1498 2197 meis,
1514 2162 1542 2190 et
1556 2168 1629 2192 caro
1642 2160 1680 2192 de
1695 2169 1763 2192 car-

992 2223 1029 2246 ne
1056 2222 1124 2245 mea
1144 2225 1155 2244 .·
1184 2213 1237 2244 sed
1265 2213 1351 2243 nulla
1379 2222 1514 2253 persona
1543 2216 1646 2254 potest
1674 2215 1764 2247 alteri

993 2268 1096 2306 magis
1111 2267 1247 2305 alligari,
1266 2275 1363 2306 quam
1378 2269 1413 2296 ut
1427 2266 1466 2296 sit
1480 2267 1518 2297 de
1534 2276 1627 2298 carne
1641 2270 1672 2299 et
1686 2269 1764 2299 ossi-

992 2322 1052 2352 bus
1071 2331 1076 2351 :
1094 2330 1173 2360 ergo
1188 2320 1214 2350 si
1236 2322 1364 2360 propter
1378 2320 1437 2350 1106
1460 2329 1524 2350 non
1538 2323 1583 2350 est
1599 2321 1764 2352 matrimo-

992 2375 1082 2405 nium
1103 2374 1179 2404 Adae
1194 2374 1381 2412 impeditum
1393 2398 1400 2411 ‚
1420 2373 1484 2404 imo
1498 2375 1625 2413 propter
1641 2374 1701 2405 hoc
1717 2377 1765 2406 est

994 2427 1108 2458 mulier
1123 2427 1160 2457 de
1176 2427 1274 2457 latere
1291 2429 1417 2466 sumpta
1427 2450 1435 2463 ‚
1451 2426 1577 2457 videtur
1589 2427 1673 2466 quod
1687 2437 1761 2459 con-

993 2480 1192 2519 sanguinitas
1204 2489 1268 2510 non
1283 2479 1445 2519 impediat,
1463 2479 1516 2510 sed
1532 2479 1688 2519 expediat.

995 2544 1025 2567 lv
1042 2544 1120 2571 Sem„
1132 2543 1181 2566 dist
1203 2549 1244 2570 XL,
1259 2550 1283 2573 ¹1-
1298 2548 1341 2572 1113
1356 2541 1483 2571 Richard„
1500 2542 1530 2565 {V
1552 2542 1609 2565 Seu!
1626 2560 1631 2571 ‚
1647 2543 1704 2567 11151.
1721 2550 1763 2571 xc,

995 2587 1018 2610 q.
1038 2585 1072 2608 u;
1089 2578 1179 2602 Thoni.
1197 2580 1309 2607 Argent„
1327 2578 1357 2601 lv
1373 2578 1452 2606 Seni„
1467 2576 1524 2600 (1151,
1541 2583 1582 2607 xi„
1597 2584 1621 2609 11.
1639 2584 1658 2608 1,
1673 2580 1719 2603 art.
1736 2580 1749 2603 3

995 2614 1081 2644 steph.
1098 2613 1200 2643 Brutos„
1218 2615 1246 2637 lv
1264 2614 1342 2642 Senl„
1357 2613 1415 2636 dist.
1435 2617 1476 2641 xL,
1493 2619 1517 2642 q.
1534 2619 1562 2636 11.
1579 2627 1603 2630 -
1623 2615 1632 2629 ²
1647 2614 1717 2642 Gen.v
1733 2619 1763 2644 u,

995 2651 1033 2674 23.
1045 2662 1074 2668 —-
1091 2650 1123 2679 ta)
1142 2649 1211 2673 Edit.
1230 2650 1275 2673 l'en
1294 2648 1352 2672 add.
1365 2654 1426 2672 nou.

1778 2058 1809 2091 esd
1830 2077 1882 2097 opp.
