1991 3006
807 218 993 249 DISTINCT.
1017 218 1148 249 XLVIII.
1713 224 1767 252 5551

187 290 335 330 missam3
352 289 396 321 ita
411 289 508 321 etiam
530 287 650 320 dicitur
670 287 884 320 suscitaturus
910 297 1045 330 corpora
1069 289 1277 319 mortuorum
1302 287 1481 320 secundum
1504 287 1742 321 humanitatem
1757 315 1765 330 ‚
1792 296 1883 346 {3533ss

184 358 259 379 cum
280 350 387 379 tamen
410 345 530 378 virtute
554 345 734 377 divinitatis
756 344 796 376 sit
811 344 1025 376 suscitaturus
1039 372 1046 386 ‚
1063 354 1127 376 uon
1144 343 1368 376 humanitatis.
1388 345 1451 377 Sed
1468 345 1528 378 hac
1544 346 1668 379 ratione
1683 346 1767 379 illud
1785 357 1839 376 servi
1857 357 1890 377 di-

1803 389 1862 406 catur

185 404 315 444 dicitur,
333 403 410 447 quia
425 403 459 434 in
476 403 678 435 humanitate
702 402 841 445 suscepit
856 401 944 446 quod
969 405 1015 434 est
1039 413 1135 434 causa
1151 405 1267 434 nostrae
1285 403 1550 444 resurrectionis,
1569 404 1600 435 id
1618 407 1682 445 est,
1697 415 1767 448 pas-
1785 417 1881 451 Christus

184 461 307 494 sionem
319 466 349 492 et
366 460 646 492 resurrectionem.
664 460 736 492 Ideo
750 459 777 491 ei
795 459 967 491 ascribitur
982 459 1162 491 secundum
1179 458 1347 491 hominem
1364 460 1529 493 suscitatio
1546 465 1765 495 mortuorum.
1784 450 1894 499 {ffffi'r‘f

184 518 277 551 Unde
290 517 517 560 Augustinus¹
539 530 546 549 :
568 530 584 548 α
599 518 660 549 Per
679 517 826 550 Verbum
842 516 963 548 Filium
979 516 1040 549 Dei
1063 517 1100 548 fit
1115 516 1299 549 animarum
1316 518 1531 558 resurrectio3
1549 530 1605 562 per
1620 519 1766 552 Verbum
1806 515 1866 535 ¹⁰¹³·

183 576 304 608 factum
330 575 364 607 in
387 586 482 607 carne
506 575 615 607 filium
634 574 792 614 hominis,
813 575 848 606 tit
862 585 1038 618 corporum
1063 574 1267 607 resurrectio.
1288 587 1303 604 n
1320 574 1402 606 Item
1421 587 1427 606 :
1451 588 1466 606 ‹<
1481 575 1611 608 Judicat
1626 580 1657 608 et
1671 577 1770 609 susci-

183 636 228 665 tat
242 643 377 676 corpora
393 643 458 664 non
472 632 581 672 Pater,
599 632 653 664 sed
672 632 776 664 Filius
791 631 971 664 secundum
987 631 1264 675 dispensationem
1280 631 1495 664 humanitatis
1511 658 1518 673 ,
1532 633 1565 665 in
1582 645 1647 677 qua
1663 634 1770 667 minor

181 690 277 722 Patre
292 694 338 722 est
353 690 510 722 Christus.
531 690 567 722 In
585 701 622 722 eo
639 691 727 733 quod
743 693 788 721 est
803 689 907 721 Filius
925 689 993 730 Dei,
1012 693 1059 721 est
1073 689 1152 730 vita,
1169 699 1243 733 quae
1258 688 1402 721 vivificat
1417 689 1561 730 animas;
1579 691 1612 723 in
1629 702 1666 723 eo
1680 692 1767 736 quod

181 750 228 780 est
251 747 341 780 filius
358 747 518 788 hominis,
533 747 647 791 judex.
667 760 683 778 »
702 747 781 779 Ecce
805 746 985 779 secundum
1008 747 1145 779 formam
1173 746 1386 779 humanitatis
1409 746 1529 779 dicitur
1554 749 1768 781 suscitaturus

181 815 315 848 corpora
328 831 335 845 ,
353 805 614 848 etjudicaturuS.
634 804 848 837 Judicaturus
862 808 971 836 autem
987 830 994 845 ‚
1011 804 1090 848 quia
1111 804 1168 836 illa
1192 804 1297 837 forma
1320 804 1445 837 cunctis
1469 805 1503 837 in
1523 805 1646 849 judicio
1670 818 1768 851 appa—

181 861 284 901 rebit3
302 866 332 894 et
356 862 571 895 suscitaturus
584 889 591 903 ‚
608 863 686 906 quia
707 863 740 894 in
762 862 872 895 eadem
896 862 1001 894 forma
1027 861 1179 894 meritum
1195 866 1225 894 et
1239 873 1369 894 causam
1387 863 1633 895 resurrectionis
1648 869 1766 897 nostrae

181 919 320 963 suscepit
335 932 341 960 ;
359 924 389 951 et
404 920 481 964 quia
498 920 677 952 secundum
694 920 839 953 eamdem
859 920 998 952 formam
1016 931 1126 952 vocem
1141 919 1231 951 dabit
1247 946 1254 960 ‚
1275 931 1341 964 qua
1356 921 1477 953 mortui
1491 920 1530 953 de
1546 922 1767 954 monumentis

181 981 351 1020 resurgent
367 982 397 1009 et
412 977 596 1020 procedent.
615 977 804 1010 Secundum
821 977 908 1021 quod
927 978 1011 1009 Deus
1027 982 1084 1016 est,
1101 977 1247 1010 vivificat
1263 978 1388 1010 animas
1401 1004 1408 1018 ‚
1426 990 1492 1011 non
1509 979 1605 1011 Pater
1621 983 1764 1021 tantum3

179 1035 257 1079 quia
272 1046 338 1067 non
352 1038 480 1067 tantum
496 1035 591 1067 Pater
606 1035 672 1067 vita
687 1039 756 1075 est,
773 1035 827 1067 sed
849 1039 878 1067 et
896 1035 1001 1067 Filius
1023 1046 1097 1066 cum
1118 1046 1176 1076 eo,
1202 1039 1233 1067 et
1254 1035 1395 1078 Spiritus
1418 1040 1547 1068 sanctus
1571 1037 1682 1069 eadem
1698 1037 1766 1070 vita

178 1096 242 1132 est,
259 1103 333 1136 quae
348 1092 511 1136 pertinent
529 1092 569 1124 ad
585 1092 727 1124 animam
742 1118 749 1133 ‚
767 1103 833 1124 nou
850 1092 889 1124 ad
905 1103 1034 1135 corpus
1053 1092 1178 1136 Corpus
1199 1093 1286 1124 enim
1310 1104 1376 1125 non
1401 1094 1499 1125 sentit
1524 1093 1623 1126 vitam
1639 1095 1767 1138 sapien-

179 1149 251 1191 tiae,
271 1149 324 1182 sed
341 1149 451 1182 anima
465 1161 536 1194 quae
550 1149 761 1182 illuminatur
775 1162 792 1182 a
807 1150 934 1182 lumine
951 1153 1083 1182 aeterno.
1102 1149 1190 1181 Licet
1215 1160 1292 1192 ergo
1308 1150 1457 1182 Christus
1482 1151 1626 1195 potentia
1650 1152 1768 1185 divini-

180 1207 253 1239 tatis
269 1207 412 1240 vivificet
427 1207 551 1240 animas
564 1233 572 1248 ‚
589 1212 619 1239 et
633 1208 764 1239 sus‹·'1tet
783 1219 938 1251 corpora,
957 1212 986 1239 et
998 1207 1142 1251 judicet3
1161 1218 1227 1239 non
1249 1207 1350 1240 otiose
1368 1212 1475 1241 tamen
1491 1213 1521 1241 et
1537 1213 1654 1253 praeter
1669 1211 1766 1243 ratio-

178 1276 252 1297 nem
276 1265 304 1297 ei
329 1265 509 1298 secundum
534 1266 671 1298 formam
696 1265 751 1297 Dei
775 1266 932 1298 tribuitur
958 1265 1134 1298 vivificatio
1160 1265 1366 1306 animarum,
1384 1270 1414 1298 et
1429 1266 1610 1299 secundum
1627 1267 1766 1301 formam

182 1323 265 1356 servi
277 1322 439 1367 judicium
454 1349 461 1364 ‚
481 1327 512 1356 et
526 1323 727 1356 resuscitatio
742 1334 929 1367 corporum.

221 1381 345 1413 Putant
358 1381 492 1425 quidam
508 1381 686 1413 Dominum
704 1381 936 1414 descensurum
961 1381 994 1412 in
1012 1380 1131 1413 vallem
1151 1380 1307 1425 Josaphat
1322 1381 1355 1414 in
1373 1381 1497 1425 judicio
1514 1409 1523 1422 ,
1542 1394 1578 1415 eo
1595 1383 1681 1427 quod
1698 1384 1765 1428 ipse
1782 1384 1885 1441 {gdiffff

178 1449 234 1483 per
249 1438 395 1471 Johelem
412 1439 602 1483 prophetam
619 1439 662 1471 sic
677 1439 825 1483 quuitur
840 1439 850 1454 ²
870 1451 875 1470 :
897 1438 1107 1483 Conqreqabo
1134 1450 1245 1471 omnes
1268 1446 1397 1483 qentes,
1423 1446 1453 1472 et
1476 1439 1635 1473 deducam
1661 1452 1715 1474 eas
1729 1442 1765 1474 in

177 1497 295 1529 vallem
311 1496 470 1541 Josaplzat
482 1523 491 1535 ,
510 1502 539 1528 et
555 1496 741 1540 disceptabo
765 1496 811 1529 ibi
835 1507 908 1528 carn
931 1497 986 1529 eis.
1004 1497 1040 1528 Iu
1064 1496 1158 1540 cujus
1177 1496 1312 1540 capituli
1327 1497 1526 1541 expositione
1543 1498 1587 1530 ita
1605 1498 1710 1542 reperi
1727 1501 1736 1516 ³
1755 1511 1761 1530 :

179 1566 194 1584 (ς
210 1554 278 1586 Hoc
292 1554 427 1598 quidam
443 1553 616 1598 pueriliter
631 1554 843 1596 intelligunt,
860 1554 946 1598 quod
967 1554 1000 1586 in
1024 1554 1128 1595 valle,
1147 1565 1218 1598 quae
1234 1558 1280 1586 est
1302 1554 1336 1586 in
1360 1554 1460 1587 latere
1485 1556 1604 1588 montis
1621 1556 1761 1596 Oliveti,

174 1611 389 1644 descensurus
411 1611 452 1643 sit
476 1611 636 1644 Dominus
650 1611 690 1644 ad
710 1611 874 1655 judicium
895 1623 900 1643 t
917 1611 1005 1655 quod
1030 1610 1187 1643 frivolum
1204 1615 1269 1653 est,
1287 1612 1365 1655 quia
1389 1623 1454 1644 non
1481 1612 1515 1644 in
1536 1616 1640 1653 terra,
1660 1613 1764 1646 sedin

175 1669 277 1714 spatio
293 1669 392 1713 hujus
406 1669 490 1701 aeris
504 1669 626 1701 sedebit
640 1673 749 1701 contre
765 1669 873 1701 locum
886 1669 1005 1701 montis
1016 1668 1148 1709 Olivam,
1166 1680 1206 1700 ex
1224 1681 1288 1713 quo
1303 1669 1457 1702 ascendit.
1472 1670 1512 1702 Et
1527 1670 1610 1703 sicut
1622 1670 1764 1704 joannes

174 1727 424 1771 Chrysostomus
439 1726 516 1759 dicit
530 1733 540 1749 ’ν
557 1738 564 1758 1
586 1740 601 1756 ‹<
619 1727 738 1769 Angeli
759 1726 905 1758 deferent
921 1730 995 1758 ante
1011 1738 1087 1758 cum
1102 1727 1233 1768 signum
1249 1727 1372 1767 crucis;
1392 1740 1408 1758 >1
1428 1727 1515 1760 unde
1531 1729 1565 1760 in
1584 1728 1762 1772 Evangelio

175 1785 292 1817 veritas
307 1784 385 1817 dicit
399 1784 408 1800 ⁵
427 1796 433 1815 z
450 1785 497 1816 Et
513 1790 589 1816 tune
604 1783 775 1828 apparebit
789 1784 920 1827 siynwn
938 1784 1016 1815 Filii
1032 1783 1192 1823 bominis,
1212 1788 1270 1816 etc.
1296 1784 1451 1828 Josaphat
1471 1789 1581 1818 autem
1604 1786 1762 1830 interpre-

172 1842 431 1887 taturjudicium
447 1841 591 1874 Domini.
609 1841 645 1873 In
664 1841 784 1874 vallem
804 1852 880 1883 ergo
896 1840 1050 1885 Josaphat
1065 1867 1072 1881 ‚
1090 1841 1122 1873 id
1138 1847 1205 1881 est,
1220 1841 1336 1885 judicii
1357 1842 1489 1874 Domini
1511 1844 1762 1886 congregabun-

172 1905 225 1933 tur
246 1911 358 1933 omnes
382 1899 487 1943 impii.
503 1899 588 1931 Justi
611 1909 689 1931 vero
713 1910 778 1931 non
805 1898 1000 1931 descendent
1020 1899 1054 1930 in
1069 1898 1188 1931 vallem
1202 1898 1317 1942 judicii
1332 1925 1340 1939 ‚
1358 1899 1390 1931 id
1406 1903 1471 1940 est,
1488 1900 1734 1933 damnationem
1749 1915 1756 1943 3

170 1958 225 1991 sed
238 1958 272 1990 in
289 1957 434 1989 nubibus
449 1956 667 1989 elevabuntur
683 1956 813 1988 obviam
832 1956 963 1989 Christo
977 1962 999 1988 θ.

215 2015 374 2048 Veniente
399 2018 508 2047 autem
528 2014 568 2047 ad
589 2014 752 2058 judicium
768 2013 907 2046 Domino
923 2014 956 2046 iu
972 2014 1163 2047 fortitudine
1178 2018 1209 2046 et
1223 2018 1377 2058 potestate
1405 2026 1523 2058 magna
1539 2042 1546 2057 ‚
1564 2016 1611 2048 sol
1627 2020 1658 2049 et
1679 2016 1759 2050 luna
1776 2025 1806 2045 1¹0
1814 2026 1882 2051 quali—

169 2073 324 2106 dicuntur
338 2072 505 2105 obscurari
521 2077 542 2113 ⁷,
560 2083 626 2104 non
651 2072 701 2104 sui
726 2071 860 2104 luminis
885 2072 1083 2115 privatione,
1103 2072 1157 2104 sed
1183 2072 1433 2116 superveniente
1459 2073 1592 2117 majoris
1618 2074 1758 2107 luminis
1774 2057 1886 2107 Ὑεῗνιιῗιῗῖ

167 2131 326 2164 claritate.
353 2130 493 2163 Virtutes
513 2141 646 2174 quoque
671 2130 824 2162 coelorum
836 2156 844 2169 ,
862 2129 893 2162 id
912 2133 976 2171 est,
997 2129 1104 2173 angeli
1126 2129 1280 2162 dicuntur
1305 2130 1428 2163 moveri
1439 2130 1461 2171 ⁸,
1480 2142 1544 2163 uon
1562 2135 1649 2164 metu
1667 2131 1758 2164 dam·
1773 2120 1880 2175 essiff‘fssgss's

1801 2181 1855 2206 judi-

168 2188 328 2229 nationis‚
346 2188 398 2221 vel
414 2187 525 2231 aliqua
541 2187 785 2230 perturbatione
801 2187 930 2231 pavoris
944 2214 951 2230 ,
968 2187 1021 2219 sed
1037 2187 1178 2231 quadam
1193 2187 1407 2220 admiratione
1425 2199 1538 2221 eorum
1557 2215 1564 2230 ,
1581 2200 1654 2233 quae
1669 2190 1758 2223 vide-
1795 2212 1858 2231 (mm,

169 2247 246 2279 rint.
266 2246 358 2278 Unde
373 2245 454 2278 JobB
471 2259 478 2277 :
500 2246 670 2278 Columna»
693 2246 764 2278 eceli
782 2252 905 2290 paveni
921 2245 1098 2279 adventum
1116 2245 1196 2289 ejas,
1214 2246 1300 2278 Ante
1315 2246 1400 2278 diem
1418 2258 1493 2279 vero
1514 2246 1630 2291 judicii
1656 2248 1702 2280 sol
1728 2252 1759 2280 et

168 2304 249 2336 luna
263 2303 408 2347 eclipsim
423 2303 607 2347 patientur,
624 2303 707 2335 sicut
726 2303 820 2336 Johel
837 2307 993 2345 testatur,
1011 2303 1119 2337 dicens
1135 2307 1155 2325 ¹⁰
1176 2316 1181 2335 :
1198 2304 1256 2337 Sol
1268 2310 1473 2337 convertetur·
1488 2305 1524 2337 in
1541 2305 1687 2338 tenebras
1700 2331 1708 2347 ,
1727 2312 1757 2338 et

167 2362 247 2394 luna
263 2362 297 2395 in
311 2361 524 2405 sanquinem,
541 2367 721 2405 antequam
737 2362 847 2394 veniat
869 2361 937 2394 (lies
952 2362 1088 2394 Domini
1109 2373 1247 2406 nzaqnus
1267 2368 1297 2395 et
1319 2362 1496 2395 horribilis.
1522 2362 1661 2406 Magnus
1676 2375 1754 2396 vero

167 2419 286 2452 dicitur
300 2423 431 2463 propter
447 2430 566 2462 magna
581 2430 654 2463 quae
670 2419 716 2452 ibi
738 2419 827 2452 fient.
851 2420 933 2452 Cum
958 2423 1066 2452 autem
1089 2420 1210 2452 sactum
1230 2420 1329 2452 fuerit
1348 2420 1467 2453 coelum
1484 2432 1606 2454 novum
1623 2425 1654 2453 et
1669 2425 1754 2454 terra

168 2487 254 2509 nova
267 2502 275 2518 ‚
293 2480 370 2509 tunc
384 2476 445 2509 erit
459 2477 518 2509 lux
537 2477 624 2509 lunae
647 2477 730 2509 sicut
750 2477 809 2509 lux
830 2477 926 2518 solis,
945 2481 1079 2509 testante
1099 2477 1180 2509 Isaia
1195 2477 1213 2496 ¹¹
1231 2490 1236 2509 :
1254 2478 1301 2510 Et
1317 2478 1378 2510 erit
1397 2479 1454 2511 luz
1472 2478 1548 2511 solis
1569 2479 1755 2522 septempli-

170 2534 267 2575 citer,
283 2534 316 2566 id
331 2538 378 2566 est
399 2534 481 2567 sicut
504 2534 563 2567 lux
588 2538 709 2578 septem
734 2534 885 2576 dierum,
903 2535 982 2579 quia
1006 2539 1166 2579 quantum
1194 2535 1280 2568 luxit
1304 2536 1350 2568 sol
1378 2536 1411 2568 in
1437 2536 1543 2579 prima
1566 2535 1751 2568 condjtione

201 2615 204 2626 ¹
222 2615 298 2643 Aug„
315 2614 341 2635 in
358 2613 439 2641 donn„
455 2615 526 2637 tract.
545 2619 620 2641 xxm,
634 2621 659 2637 n.
673 2616 696 2644 6,
713 2615 795 2645 quoad
812 2621 953 2638 seusum.—
970 2615 979 2631 ²
994 2614 1063 2639 Jacl..
1082 2621 1119 2644 ιιι,
1135 2617 1157 2639 2.
1172 2616 1222 2632 —-³
1237 2615 1317 2639 Closs.
1335 2618 1358 2638 ιή
1372 2615 1432 2639 luel.
1450 2622 1487 2643 ιιι,
1505 2618 1526 2639 2.
1540 2628 1568 2632 —
1584 2616 1593 2631 t
1611 2615 1752 2646 Chrysost„

168 2648 237 2672 hom.
250 2648 279 2671 cle
291 2648 367 2672 Crure
378 2649 555 2672 etLatrone.—
567 2650 576 2665 δ
588 2649 686 2677 Μαηὴ.,
697 2655 766 2677 xxiv.
781 2651 850 2673 30.-
862 2650 888 2672 ⁰!
902 2650 991 2679 Thess,
1004 2656 1036 2679 iv,
1053 2651 1119 2674 16.—
1132 2650 1139 2665 ⁷
1152 2651 1249 2678 Mami..
1264 2657 1333 2682 xxm,
1346 2653 1413 2674 290-
1426 2651 1436 2667 fl
1448 2651 1518 2678 ibid„
1533 2652 1555 2673 ct
1569 2651 1634 2678 Luc.5
1648 2657 1702 2682 xxi,
1714 2653 1752 2676 26.

168 2697 197 2702 —
213 2686 221 2698 ⁹
234 2683 589 2715 Job.xxv1,1¹.—¹0Joel.‚
607 2691 635 2715 11,
651 2685 689 2709 31.
702 2698 730 2703 -
747 2686 762 2702 ¹¹
778 2687 836 2716 lsu„
851 2691 911 2714 xxx,
928 2687 965 2708 26.
