1991 3006
43 651 75 673 Ad
93 658 142 677 opp.

60 2091 151 2118 Quaestio

49 2121 149 2145 lateralis.

557 149 655 182 DIST.
677 149 739 180 XX.
764 148 877 179 PART.
902 148 927 178 Il

199 215 276 245 Item
287 239 294 253 ,
311 216 338 246 si
352 225 417 247 non
431 225 490 256 pro
503 225 597 256 opere.
612 216 781 252 exteriori,
798 215 850 245 sed
868 223 926 254 pro

157 267 297 299 interiori
310 293 318 307 ,
349 278 428 308 ergo
448 279 521 300 cum
545 270 628 300 bona
654 269 801 300 voluntas
830 268 925 297 simul

157 322 253 360 possit
262 331 328 353 esse
338 323 371 352 in
381 322 486 361 aliquo
498 324 643 362 respectu
653 322 798 353 omnium
807 321 926 351 relaxa-

158 374 280 405 tionum
291 399 298 413 ,
321 375 395 414 quia
417 376 572 415 perfectus
587 385 682 406 omne
701 376 820 406 bonum
836 375 923 410 vult,

158 430 188 458 et
210 428 269 458 sibi
292 428 412 467 placet,
439 429 564 459 videtur
588 431 664 459 tunc
685 429 769 468 quod
794 428 926 467 quilibet

154 482 261 520 justus
283 481 414 512 haberet
436 491 546 512 omnes
575 482 790 521 indulgentias
805 492 811 511 1
843 482 925 521 quod

157 544 221 565 non
234 536 280 564 est
294 536 486 566 conveniens
504 536 625 572 dicere;
651 538 724 566 tuno
744 535 829 565 enim
844 535 925 565 frus-

159 590 206 618 tra
219 588 365 618 homines
380 588 567 619 laborarent.

198 641 312 672 Contra
327 653 333 671 :
352 644 380 671 1.
397 641 598 680 Indulgentia
609 642 676 672 sive
688 642 840 672 relaxatio
854 642 926 671 dicit

159 695 347 724 beneficium
372 694 534 734 spirituale
551 706 556 725 :
582 695 635 725 sed
661 695 855 734 quicumque
877 695 929 725 dat

158 748 320 787 spirituale
344 757 401 787 pro
426 748 590 787 temporali
604 772 610 784 ,
646 748 813 778 committit
834 749 930 778 simo-

158 801 244 831 niam
259 812 265 830 z
284 810 362 840 ergo
375 801 499 831 videtur
511 802 595 840 quod
607 802 641 832 in
652 802 799 832 omnibus
811 802 930 832 relaxa-

160 854 297 884 tionibus
312 854 351 884 sit
366 854 518 891 simonia,
538 854 564 883 si
584 855 665 884 fiunt
686 864 742 893 pro
762 855 928 885 exteriori-

160 907 219 937 bus
232 907 392 946 obsequiis
403 931 412 944 ,
429 907 479 937 vel
494 907 714 946 eleemosynis.

199 962 228 989 2.
248 960 323 990 Item
339 961 441 999 maj0r
455 962 502 989 est
517 960 731 990 misericordia
746 961 926 1000 spiritualis,

159 1022 255 1052 quam
271 1013 441 1052 corporalis
455 1024 461 1043 :
479 1013 563 1043 unde
579 1013 683 1052 magis
696 1016 741 1043 est
755 1014 848 1044 alicui
863 1023 932 1053 par-

160 1074 248 1103 cere,
271 1075 367 1105 quam
383 1066 519 1105 hospitio
539 1066 705 1104 colligere,
729 1066 781 1096 vel
796 1066 931 1097 eleemo-

160 1128 272 1158 synam
286 1119 359 1149 dare
374 1129 381 1149 :
396 1128 474 1158 ergo
487 1119 559 1149 facit
572 1120 675 1158 magis
686 1120 851 1150 hominem
865 1120 933 1158 dig-

160 1181 237 1202 num
255 1173 438 1203 remissione
453 1183 459 1203 :
483 1181 562 1212 ergo
578 1173 681 1212 potius
696 1182 753 1213 pre
769 1173 823 1203 illo
838 1182 932 1213 opere

161 1226 253 1257 debet
268 1226 337 1256 fieri
352 1226 512 1256 relaxatio.

204 1281 232 1309 3.
250 1279 326 1309 Item
342 1280 375 1309 in
391 1281 503 1319 majori
520 1281 631 1317 ruina,
649 1283 679 1310 et
694 1281 909 1320 periculosiori
924 1306 931 1319 7

164 1334 209 1361 est
222 1331 350 1362 ecclesia
365 1332 396 1362 in
412 1342 475 1371 qua
489 1335 535 1363 est
551 1333 686 1363 schisma
697 1357 705 1371 ,
726 1343 822 1373 quam
839 1334 934 1364 eccle-

164 1384 211 1414 sia
232 1386 323 1423 cujus
344 1385 476 1424 parietes
498 1386 661 1415 minantur
679 1386 829 1416 ruinam:
854 1396 934 1425 ergo

164 1437 268 1476 magis
289 1438 411 1476 indiget
432 1438 501 1468 talis
523 1438 652 1469 ecclesia
674 1439 814 1472 muniri.
837 1449 934 1478 quam

165 1490 226 1520 alia
240 1501 245 1520 :
263 1491 288 1520 si
303 1500 381 1529 ergo
397 1491 607 1521 relaxationes
625 1492 729 1521 debito
746 1492 840 1522 modo
854 1493 935 1523 fiunt

165 1552 221 1582 pro
236 1543 366 1574 ecclesia
378 1544 531 1575 materiali
548 1545 722 1583 reparanda
735 1569 741 1582 ,
759 1548 795 1575 ut
808 1546 863 1585 qui
876 1547 934 1585 ju-

165 1600 235 1636 vat,
265 1597 379 1627 habeat
402 1598 633 1636 indulgentiam
647 1622 654 1634 ,
685 1598 810 1628 videtur
834 1599 935 1630 multo

165 1651 276 1682 fortius
286 1651 487 1689 indulgentia
501 1651 614 1682 debere
629 1651 697 1681 dari
711 1661 768 1691 pro
780 1652 933 1692 spirituali

166 1704 258 1734 ruina
272 1704 464 1743 reparanda,
488 1707 523 1734 ut
542 1705 596 1744 qui
611 1707 680 1735 orat
695 1707 730 1735 ut
745 1704 827 1735 Deus
842 1706 893 1736 det
908 1707 934 1735 ei

166 1758 362 1788 concordiam
373 1782 382 1795 ,
396 1758 628 1796 indulgentiam
644 1758 768 1789 habeat.

207 1813 236 1841 4.
260 1810 337 1841 Item
354 1810 484 1849 maioris
505 1810 703 1850 perfectionis
714 1834 723 1847 ,
741 1814 771 1840 et
786 1811 858 1850 plus
874 1813 936 1842 Deo

167 1866 327 1903 acceptum
342 1866 388 1894 est
400 1863 587 1902 religionem
603 1864 721 1893 intrare
731 1885 739 1901 ,
754 1873 852 1903 quam
867 1874 936 1895 cru-

166 1927 235 1948 cem
250 1917 389 1956 accipere
404 1928 409 1946 :
434 1925 513 1955 ergo
529 1916 634 1956 potius
648 1916 775 1947 deberet
789 1918 937 1948 dominus

169 1969 252 2009 Papa
266 1969 497 2008 indulgentiam
512 1969 587 1999 dare
602 1969 793 2000 intrantibus
807 1971 935 2009 religio-

166 2032 239 2052 nem
249 2046 258 2060 ,
274 2031 371 2062 quam
386 2022 535 2052 euntibus
550 2022 632 2052 ultra
645 2031 743 2052 mare.

206 2076 235 2105 5.
257 2074 334 2105 item
347 2076 440 2114 Juxta
459 2074 520 2105 hoc
534 2075 700 2114 quaeritur,
717 2075 742 2104 si
758 2075 871 2115 aliquis
885 2086 935 2107 ac-

165 2128 241 2168 cipit
255 2137 379 2158 crucem
391 2153 398 2166 ,
416 2131 446 2158 et
460 2128 553 2158 habet
567 2130 675 2158 votum
695 2131 723 2156 et
739 2129 935 2159 voluntatem

165 2182 335 2222 perfectam
350 2181 445 2212 eundi
463 2181 547 2211 ultra
571 2190 657 2211 mare
668 2205 677 2219 ,
701 2184 810 2211 utrum
825 2182 939 2213 habeat

166 2235 384 2265 remissionem
400 2234 544 2264 omnium
565 2236 765 2273 peccatorum
781 2246 787 2265 2
813 2235 895 2274 quod
913 2236 937 2265 si

166 2288 211 2318 sic
223 2312 231 2326 ,
250 2291 324 2318 tunc
338 2287 540 2326 indulgentia
555 2287 589 2317 fit
604 2296 660 2326 pro
677 2288 742 2317 sola
756 2288 936 2326 voluntate,

167 2344 198 2373 et
219 2343 261 2372 ita
283 2352 339 2382 pro
361 2351 393 2372 re
414 2341 588 2381 spirituali3
613 2341 638 2370 si
662 2351 737 2371 vero
759 2351 841 2379 non,
863 2344 939 2373 tunc

168 2394 303 2426 Ecclesia
318 2404 381 2425 non
394 2395 519 2425 videtur
533 2403 599 2424 esse
613 2394 782 2424 conformis
796 2395 869 2432 Deo,
885 2396 937 2435 qui

168 2450 279 2478 votum
295 2450 325 2478 et
343 2448 460 2478 bonam
480 2447 694 2484 voluntatem,
719 2449 744 2477 si
764 2448 857 2487 plena
873 2452 938 2486 est,

168 2502 200 2530 et
218 2510 281 2531 non
301 2501 424 2532 deficiat
445 2503 602 2540 quantum
624 2501 656 2531 in
677 2510 709 2531 se
730 2503 796 2539 est,
817 2504 941 2541 reputat

170 2562 224 2593 pro
238 2553 328 2585 facto.

312 2669 385 2691 Tou.
409 2669 453 2691 Vl.

933 171 940 178 .
964 147 1053 178 ART.
1080 149 1102 179 I.
1126 148 1276 185 QUAEST.
1301 150 1349 181 IV.

1711 153 1744 182 81

1251 278 1472 311 CONCLUSIO.

983 362 1160 395 Inclulqentt'oe
1178 364 1294 388 miz-rime
1313 365 1371 396 steri
1390 364 1481 391 debent
1493 372 1543 399 pro
1559 365 1661 392 actibus
1678 368 1749 393 easte—

1015 407 1139 436 rz'ort'lms,
1155 408 1219 439 quia
1236 408 1270 433 iis
1290 409 1406 434 maxime
1427 409 1514 441 gloria
1533 410 1581 436 Dei
1602 412 1626 437 et
1646 411 1751 437 utilitas

1014 450 1112 484 populi?
1126 451 1248 482 insumit.

1023 533 1112 572 Resp.
1129 534 1168 564 ad
1186 543 1256 572 arg.
1281 534 1454 565 Dicendum
1470 537 1553 575 quod
1569 538 1649 568 sicut
1666 539 1752 569 vide-

983 595 1054 616 mus
1069 587 1101 617 in
1117 587 1233 626 politiis
1247 590 1278 617 et
1293 589 1572 620 communitatibus
1588 591 1752 631 humanis,

982 639 1067 677 quod
1078 639 1246 670 thesaurus
1254 641 1436 679 reipublicae
1444 645 1572 682 propter
1580 643 1643 674 duo
1655 646 1755 676 maxi-

984 701 1033 722 me
1049 693 1214 724 consuevit
1230 694 1378 733 proferri,
1395 697 1426 725 et
1444 697 1672 728 communicari
1695 709 1753 729 ex-

984 745 1097 783 terius3
1112 746 1156 776 sic
1169 747 1260 776 estin
1272 747 1487 786 spiritualibus
1501 749 1753 789 intelligendum.

985 797 1144 829 Profertur
1167 808 1305 838 namque
1325 800 1496 831 thesaurus
1519 805 1609 833 extra
1635 804 1673 834 ad
1697 805 1757 834 dis—

985 852 1186 890 pergendum
1199 855 1326 891 propter
1341 853 1478 891 gloriam
1491 855 1661 895 principis,
1678 857 1758 888 sicut

984 903 1106 933 faciunt
1120 913 1213 943 reges
1229 905 1373 943 curiales,
1396 907 1478 937 sicut
1491 907 1564 938 fecit
1578 908 1736 940 Assuerus
1749 922 1756 947 3

986 957 1046 987 alio
1062 958 1154 988 modo
1175 961 1301 998 propter
1315 959 1484 990 utilitatem
1500 963 1752 1001 communitatis,

986 1012 1035 1047 ut,
1057 1012 1185 1050 quando
1206 1011 1333 1042 laeditur
1356 1015 1580 1052 communitas,
1597 1016 1761 1054 proferunt

987 1064 1141 1103 stipendia
1157 1067 1186 1095 et
1213 1066 1362 1096 donativa
1376 1067 1530 1098 militibus
1541 1092 1550 1106 ,
1579 1071 1615 1099 ut
1630 1073 1702 1100 eant
1721 1071 1759 1100 ad

987 1126 1143 1156 pugnam.
1161 1118 1211 1148 Sic
1227 1119 1394 1150 thesaurus
1410 1120 1553 1152 Ecclesiae
1568 1122 1607 1152 ab
1621 1122 1688 1161 his,
1706 1124 1760 1162 qui

988 1170 1105 1201 habent
1129 1171 1324 1211 dispensare,
1351 1173 1467 1212 duplici
1492 1184 1531 1204 ex
1554 1184 1649 1205 causa
1670 1175 1761 1206 debet

988 1225 1145 1264 distingui
1170 1237 1176 1255 t
1202 1236 1267 1257 una
1287 1237 1382 1258 causa
1408 1231 1453 1258 est
1472 1231 1600 1268 propter
1626 1230 1761 1268 gloriam

989 1278 1156 1318 principis,
1173 1282 1203 1309 et
1230 1280 1357 1311 laudem
1373 1290 1380 1311 :
1399 1284 1429 1311 et
1447 1281 1517 1311 laus
1536 1285 1566 1312 et
1587 1283 1689 1313 honor
1708 1283 1760 1313 Dei

990 1333 1035 1361 est
1050 1332 1082 1361 in
1104 1333 1219 1362 sanctis
1245 1333 1312 1363 suis
1330 1345 1336 1364 :
1354 1335 1385 1364 et
1400 1335 1497 1365 sancti
1511 1335 1710 1367 honorantur
1729 1337 1761 1366 in

989 1386 1220 1415 constructione
1235 1386 1455 1425 basilicarum,
1473 1390 1504 1418 et
1519 1389 1696 1419 visitatione
1711 1390 1764 1419 ba-

990 1436 1150 1465 silicarum
1163 1460 1172 1473 ,
1209 1439 1239 1466 et
1276 1439 1576 1469 commemoratione
1606 1440 1763 1471 virtutum

991 1497 1121 1519 suarum
1141 1500 1146 1519 :
1165 1492 1195 1519 et
1216 1490 1299 1520 idem
1326 1492 1361 1520 fit
1385 1491 1418 1522 in
1439 1492 1715 1531 praedisationihus
1735 1497 1765 1525 et

991 1543 1190 1574 sermonibus
1207 1554 1212 1573 :
1230 1546 1260 1574 et
1274 1545 1343 1575 ideo
1362 1554 1419 1584 pro
1436 1545 1485 1576 his
1500 1547 1650 1577 omnibus
1664 1547 1765 1578 indul-

991 1596 1108 1634 gentiae
1123 1599 1206 1627 recte
1222 1597 1314 1627 fiunt.
1332 1598 1402 1627 Alia
1417 1608 1511 1629 causa
1526 1602 1573 1630 est
1586 1602 1765 1631 communis

992 1648 1131 1687 utilitas,
1157 1659 1231 1689 quae
1257 1651 1384 1689 quidem
1412 1652 1531 1683 utilitas
1559 1656 1606 1683 est
1626 1654 1764 1685 defensio

992 1701 1098 1732 Terrae
1113 1705 1240 1740 sanctae,
1258 1703 1396 1734 defensio
1411 1705 1496 1743 fidei,
1513 1707 1670 1745 promotio
1694 1710 1763 1738 stu-

992 1755 1046 1792 dii,
1064 1758 1095 1785 et
1110 1756 1307 1786 consimilia:
1323 1759 1353 1787 et
1367 1757 1436 1787 ideo
1451 1767 1507 1797 pro
1522 1759 1638 1790 talibus
1651 1761 1765 1792 debent

992 1808 1073 1838 fieri.
1091 1808 1129 1838 Et
1144 1809 1296 1847 quoniam
1311 1810 1381 1840 haec
1395 1811 1571 1842 consistunt
1592 1813 1625 1842 in
1645 1815 1765 1845 actibus

993 1861 1214 1898 exterioribus,
1228 1862 1297 1892 ideo
1313 1863 1453 1893 maxime
1468 1873 1525 1903 pro
1541 1866 1664 1896 actibus
1678 1869 1765 1897 exte-

993 1914 1130 1944 rioribus
1145 1915 1259 1945 debent
1278 1916 1347 1945 fieri
1362 1916 1583 1955 indulgentiae.

1035 1969 1063 1996 1.
1078 1967 1125 1996 Ad
1141 1967 1219 1997 illud
1235 1976 1312 2006 ergo
1328 1969 1414 2007 quod
1432 1969 1590 2008 objicitur,
1616 1973 1701 2011 quod
1721 1975 1767 2003 est

994 2020 1145 2057 simonia,
1171 2020 1246 2059 quia
1270 2021 1363 2051 datur
1387 2022 1550 2061 spirituale
1567 2033 1625 2063 pro
1641 2027 1767 2065 tempo-

993 2073 1050 2103 rali
1063 2097 1071 2110 ,
1088 2073 1255 2104 dicendum
1269 2075 1351 2113 quod
1368 2075 1483 2106 falsum
1498 2079 1559 2114 est,
1581 2078 1645 2109 imo
1665 2081 1767 2119 major

993 2135 1087 2166 poena
1100 2129 1314 2157 commutatur
1328 2127 1361 2157 in
1372 2128 1541 2168 minorem,
1558 2133 1587 2161 et
1604 2132 1766 2163 residuum

994 2180 1087 2210 solvit
1101 2183 1206 2220 pastor
1221 2180 1366 2211 Ecclesiae
1389 2182 1427 2212 de
1442 2184 1556 2221 gratia.
1578 2184 1634 2216 Vel
1658 2187 1766 2217 dicen-

994 2234 1070 2263 dum
1085 2234 1167 2273 quod
1185 2242 1249 2263 non
1272 2234 1325 2264 dat
1350 2234 1583 2275 indulgentiam
1605 2248 1662 2278 pro
1684 2240 1767 2271 elee—

995 2296 1127 2326 mosyna
1149 2287 1318 2325 exteriori,
1343 2289 1545 2320 considerans
1569 2291 1694 2331 datum,
1714 2294 1767 2324 sed

995 2340 1148 2378 fructum,
1166 2341 1325 2379 videlicet,
1343 2342 1418 2381 quia
1433 2352 1473 2373 ex
1488 2344 1593 2375 radice
1608 2346 1700 2377 bonae
1714 2356 1768 2378 vo-

997 2393 1124 2423 luntatis
1141 2394 1289 2432 procedit.

1035 2449 1064 2476 9..
1080 2447 1126 2477 Ad
1140 2446 1217 2477 illud
1229 2447 1312 2486 quod
1326 2448 1485 2487 objicitur,
1501 2452 1585 2489 quod
1595 2453 1767 2492 spiritualis

997 2499 1198 2539 eleemosyna
1220 2501 1324 2539 maJ‘or
1345 2504 1412 2539 est,
1441 2502 1608 2534 dicendum
1627 2505 1711 2545 quod
1734 2506 1767 2535 in

997 2552 1166 2583 donatione
1199 2553 1408 2592 indulgentiae
1455 2564 1519 2586 non
1551 2558 1767 2589 consideratur

997 2606 1102 2645 operis
1126 2605 1273 2637 nobilitas
1291 2630 1300 2644 ,
1325 2607 1399 2646 quia
1423 2610 1499 2640 tunc
1522 2610 1627 2649 magis
1642 2611 1768 2643 deberet

1592 2666 1610 2695 6
