<?xml version="1.0" encoding="UTF-8"?>
<!DOCTYPE html PUBLIC "-//W3C//DTD XHTML 1.0 Transitional//EN"
    "http://www.w3.org/TR/xhtml1/DTD/xhtml1-transitional.dtd">
<html xmlns="http://www.w3.org/1999/xhtml" xml:lang="en" lang="en">
 <head>
  <title>
</title>
<meta http-equiv="Content-Type" content="text/html;charset=utf-8" />
  <meta name='ocr-system' content='tesseract 3.04.00' />
  <meta name='ocr-capabilities' content='ocr_page ocr_carea ocr_par ocr_line ocrx_word'/>
</head>
<body>
  <div class='ocr_page' id='page_1' title='image "./operaomniasixtiv06bonauoft/operaomniasixtiv06bonauoft_0461.png"; bbox 0 0 1991 3006; ppageno 0'>
   <div class='ocr_carea' id='block_1_1' title="bbox 77 1014 180 1035">
    <p class='ocr_par' dir='ltr' id='par_1_1' title="bbox 77 1014 180 1035">
     <span class='ocr_line' id='line_1_1' title="bbox 77 1014 180 1035; baseline 0.01 -1"><span class='ocrx_word' id='word_1_1' title='bbox 77 1014 180 1035; x_wconf 72' lang='lat' dir='ltr'>Fundam.</span> 
     </span>
    </p>
   </div>
   <div class='ocr_carea' id='block_1_2' title="bbox 69 2608 174 2634">
    <p class='ocr_par' dir='ltr' id='par_1_2' title="bbox 69 2608 174 2634">
     <span class='ocr_line' id='line_1_2' title="bbox 69 2608 174 2634; baseline 0 -6"><span class='ocrx_word' id='word_1_2' title='bbox 69 2608 147 2634; x_wconf 82' lang='lat' dir='ltr'>Opinio</span> <span class='ocrx_word' id='word_1_3' title='bbox 155 2609 174 2628; x_wconf 85' lang='grc'>1.</span> 
     </span>
    </p>
   </div>
   <div class='ocr_carea' id='block_1_3' title="bbox 698 185 1310 223">
    <p class='ocr_par' dir='ltr' id='par_1_3' title="bbox 698 185 1310 223">
     <span class='ocr_line' id='line_1_3' title="bbox 698 185 1310 223; baseline -0.003 -5"><span class='ocrx_word' id='word_1_4' title='bbox 698 188 792 219; x_wconf 82' lang='lat' dir='ltr'>DIST.</span> <span class='ocrx_word' id='word_1_5' title='bbox 813 187 902 219; x_wconf 83' lang='lat' dir='ltr'>XLII.</span> <span class='ocrx_word' id='word_1_6' title='bbox 928 186 1018 218; x_wconf 81' lang='lat' dir='ltr'>ART.</span> <span class='ocrx_word' id='word_1_7' title='bbox 1038 187 1061 217; x_wconf 86' lang='grc'>1.</span> <span class='ocrx_word' id='word_1_8' title='bbox 1086 185 1233 223; x_wconf 77' lang='lat' dir='ltr'>QUAEsT.</span> <span class='ocrx_word' id='word_1_9' title='bbox 1258 186 1310 216; x_wconf 85' lang='grc'><strong>111.</strong></span> 
     </span>
    </p>
   </div>
   <div class='ocr_carea' id='block_1_4' title="bbox 187 255 976 2038">
    <p class='ocr_par' dir='ltr' id='par_1_4' title="bbox 197 255 976 658">
     <span class='ocr_line' id='line_1_4' title="bbox 246 255 976 295; baseline -0.005 -8"><span class='ocrx_word' id='word_1_10' title='bbox 246 259 274 288; x_wconf 91' lang='grc'>3.</span> <span class='ocrx_word' id='word_1_11' title='bbox 292 257 370 287; x_wconf 88' lang='lat' dir='ltr'>Item</span> <span class='ocrx_word' id='word_1_12' title='bbox 384 256 506 287; x_wconf 86' lang='lat' dir='ltr'>ratione</span> <span class='ocrx_word' id='word_1_13' title='bbox 523 255 661 292; x_wconf 70' lang='lat' dir='ltr'>videtur,</span> <span class='ocrx_word' id='word_1_14' title='bbox 683 255 758 295; x_wconf 86' lang='lat' dir='ltr'>quia</span> <span class='ocrx_word' id='word_1_15' title='bbox 778 255 828 284; x_wconf 87' lang='lat' dir='ltr'>vir</span> <span class='ocrx_word' id='word_1_16' title='bbox 847 255 901 294; x_wconf 82' lang='lat' dir='ltr'>qui</span> <span class='ocrx_word' id='word_1_17' title='bbox 923 263 976 283; x_wconf 84' lang='lat' dir='ltr'>co-</span> 
     </span>
     <span class='ocr_line' id='line_1_5' title="bbox 207 307 975 350; baseline -0.007 -9"><span class='ocrx_word' id='word_1_18' title='bbox 207 311 333 350; x_wconf 84' lang='lat' dir='ltr'>gnoscit</span> <span class='ocrx_word' id='word_1_19' title='bbox 347 310 521 346; x_wconf 83' lang='lat' dir='ltr'>mulierem,</span> <span class='ocrx_word' id='word_1_20' title='bbox 535 309 709 339; x_wconf 83' lang='lat' dir='ltr'>necessario</span> <span class='ocrx_word' id='word_1_21' title='bbox 724 308 857 339; x_wconf 78' lang='lat' dir='ltr'>efficitur</span> <span class='ocrx_word' id='word_1_22' title='bbox 871 307 975 336; x_wconf 79' lang='lat' dir='ltr'>affinis</span> 
     </span>
     <span class='ocr_line' id='line_1_6' title="bbox 205 361 975 401; baseline -0.005 -7"><span class='ocrx_word' id='word_1_23' title='bbox 205 364 292 395; x_wconf 90' lang='lat' dir='ltr'>omni</span> <span class='ocrx_word' id='word_1_24' title='bbox 307 363 541 401; x_wconf 74' lang='lat' dir='ltr'>consanguineo</span> <span class='ocrx_word' id='word_1_25' title='bbox 556 362 707 399; x_wconf 83' lang='lat' dir='ltr'>mulieris,</span> <span class='ocrx_word' id='word_1_26' title='bbox 726 361 781 401; x_wconf 86' lang='lat' dir='ltr'>qui</span> <span class='ocrx_word' id='word_1_27' title='bbox 798 363 843 391; x_wconf 87' lang='lat' dir='ltr'>est</span> <span class='ocrx_word' id='word_1_28' title='bbox 859 370 975 399; x_wconf 76' lang='lat' dir='ltr'>cogna-</span> 
     </span>
     <span class='ocr_line' id='line_1_7' title="bbox 204 414 971 454; baseline -0.004 -8"><span class='ocrx_word' id='word_1_29' title='bbox 204 419 255 447; x_wconf 87' lang='lat' dir='ltr'>tus</span> <span class='ocrx_word' id='word_1_30' title='bbox 269 416 451 452; x_wconf 83' lang='lat' dir='ltr'>carnaliter;</span> <span class='ocrx_word' id='word_1_31' title='bbox 471 418 501 445; x_wconf 88' lang='lat' dir='ltr'>et</span> <span class='ocrx_word' id='word_1_32' title='bbox 516 415 575 445; x_wconf 87' lang='lat' dir='ltr'>hoc</span> <span class='ocrx_word' id='word_1_33' title='bbox 589 418 716 454; x_wconf 85' lang='lat' dir='ltr'>propter</span> <span class='ocrx_word' id='word_1_34' title='bbox 732 415 791 444; x_wconf 89' lang='lat' dir='ltr'>hoc</span> <span class='ocrx_word' id='word_1_35' title='bbox 806 414 888 453; x_wconf 84' lang='lat' dir='ltr'>quod</span> <span class='ocrx_word' id='word_1_36' title='bbox 904 414 971 444; x_wconf 78' lang='lat' dir='ltr'>effi-</span> 
     </span>
     <span class='ocr_line' id='line_1_8' title="bbox 203 466 973 507; baseline -0.003 -9"><span class='ocrx_word' id='word_1_37' title='bbox 203 469 333 499; x_wconf 88' lang='lat' dir='ltr'>ciuntur</span> <span class='ocrx_word' id='word_1_38' title='bbox 345 477 446 498; x_wconf 90' lang='lat' dir='ltr'>unum</span> <span class='ocrx_word' id='word_1_39' title='bbox 461 477 574 507; x_wconf 83' lang='lat' dir='ltr'>corpus</span> <span class='ocrx_word' id='word_1_40' title='bbox 589 477 596 498; x_wconf 91' lang='lat'>:</span> <span class='ocrx_word' id='word_1_41' title='bbox 614 477 690 505; x_wconf 64' lang='lat' dir='ltr'>ergo</span> <span class='ocrx_word' id='word_1_42' title='bbox 707 467 772 506; x_wconf 72' lang='lat' dir='ltr'>pari</span> <span class='ocrx_word' id='word_1_43' title='bbox 788 467 924 503; x_wconf 86' lang='lat' dir='ltr'>ratione,</span> <span class='ocrx_word' id='word_1_44' title='bbox 947 466 973 496; x_wconf 90' lang='lat' dir='ltr'>si</span> 
     </span>
     <span class='ocr_line' id='line_1_9' title="bbox 202 519 972 559; baseline -0.004 -7"><span class='ocrx_word' id='word_1_45' title='bbox 202 521 318 552; x_wconf 87' lang='lat' dir='ltr'>mulier</span> <span class='ocrx_word' id='word_1_46' title='bbox 344 523 391 551; x_wconf 85' lang='lat' dir='ltr'>est</span> <span class='ocrx_word' id='word_1_47' title='bbox 416 521 508 550; x_wconf 80' lang='lat' dir='ltr'>alicui</span> <span class='ocrx_word' id='word_1_48' title='bbox 536 523 669 559; x_wconf 75' lang='lat' dir='ltr'>cognata</span> <span class='ocrx_word' id='word_1_49' title='bbox 694 520 917 559; x_wconf 72' lang='lat' dir='ltr'>spiritualiter,</span> <span class='ocrx_word' id='word_1_50' title='bbox 947 519 972 549; x_wconf 88' lang='lat' dir='ltr'>si</span> 
     </span>
     <span class='ocr_line' id='line_1_10' title="bbox 197 573 970 615; baseline -0.004 -10"><span class='ocrx_word' id='word_1_51' title='bbox 197 576 357 615; x_wconf 82' lang='lat' dir='ltr'>jungatur</span> <span class='ocrx_word' id='word_1_52' title='bbox 371 574 475 609; x_wconf 86' lang='lat' dir='ltr'>alicui,</span> <span class='ocrx_word' id='word_1_53' title='bbox 491 583 616 604; x_wconf 84' lang='lat' dir='ltr'>necesse</span> <span class='ocrx_word' id='word_1_54' title='bbox 630 575 675 603; x_wconf 89' lang='lat' dir='ltr'>est</span> <span class='ocrx_word' id='word_1_55' title='bbox 690 573 774 612; x_wconf 85' lang='lat' dir='ltr'>quod</span> <span class='ocrx_word' id='word_1_56' title='bbox 790 573 841 603; x_wconf 85' lang='grc'><strong>1110</strong></span> <span class='ocrx_word' id='word_1_57' title='bbox 856 573 970 603; x_wconf 81' lang='lat' dir='ltr'>efficia-</span> 
     </span>
     <span class='ocr_line' id='line_1_11' title="bbox 201 626 501 658; baseline -0.01 0"><span class='ocrx_word' id='word_1_58' title='bbox 201 630 253 658; x_wconf 85' lang='lat' dir='ltr'>tur</span> <span class='ocrx_word' id='word_1_59' title='bbox 271 626 374 657; x_wconf 81' lang='lat' dir='ltr'>affinis</span> <span class='ocrx_word' id='word_1_60' title='bbox 388 626 501 656; x_wconf 86' lang='lat' dir='ltr'>eidem.</span> 
     </span>
    </p>

    <p class='ocr_par' dir='ltr' id='par_1_5' title="bbox 197 679 970 977">
     <span class='ocr_line' id='line_1_12' title="bbox 239 679 970 718; baseline 0 -8"><span class='ocrx_word' id='word_1_61' title='bbox 239 682 269 710; x_wconf 76' lang='lat'>4.</span> <span class='ocrx_word' id='word_1_62' title='bbox 283 679 359 709; x_wconf 91' lang='lat' dir='ltr'>Item</span> <span class='ocrx_word' id='word_1_63' title='bbox 371 679 475 718; x_wconf 84' lang='lat' dir='ltr'>magis</span> <span class='ocrx_word' id='word_1_64' title='bbox 486 679 643 709; x_wconf 87' lang='lat' dir='ltr'>uniuntur</span> <span class='ocrx_word' id='word_1_65' title='bbox 654 679 702 709; x_wconf 88' lang='lat' dir='ltr'>vir</span> <span class='ocrx_word' id='word_1_66' title='bbox 712 681 742 709; x_wconf 87' lang='lat' dir='ltr'>et</span> <span class='ocrx_word' id='word_1_67' title='bbox 755 688 837 709; x_wconf 83' lang='lat' dir='ltr'>uxor</span> <span class='ocrx_word' id='word_1_68' title='bbox 850 679 970 710; x_wconf 84' lang='lat' dir='ltr'>unitate</span> 
     </span>
     <span class='ocr_line' id='line_1_13' title="bbox 199 732 967 772; baseline -0.001 -8"><span class='ocrx_word' id='word_1_69' title='bbox 199 733 314 770; x_wconf 81' lang='lat' dir='ltr'>carnis,</span> <span class='ocrx_word' id='word_1_70' title='bbox 332 742 428 772; x_wconf 87' lang='lat' dir='ltr'>quam</span> <span class='ocrx_word' id='word_1_71' title='bbox 444 734 545 762; x_wconf 71' lang='lat' dir='ltr'>mater</span> <span class='ocrx_word' id='word_1_72' title='bbox 559 734 590 762; x_wconf 90' lang='lat' dir='ltr'>et</span> <span class='ocrx_word' id='word_1_73' title='bbox 606 732 689 762; x_wconf 78' lang='lat' dir='ltr'>tilius</span> <span class='ocrx_word' id='word_1_74' title='bbox 707 744 712 762; x_wconf 88' lang='lat'>:</span> <span class='ocrx_word' id='word_1_75' title='bbox 731 732 783 762; x_wconf 85' lang='lat' dir='ltr'>sed</span> <span class='ocrx_word' id='word_1_76' title='bbox 802 732 855 771; x_wconf 86' lang='lat' dir='ltr'>qui</span> <span class='ocrx_word' id='word_1_77' title='bbox 872 732 967 763; x_wconf 83' lang='lat' dir='ltr'>effici-</span> 
     </span>
     <span class='ocr_line' id='line_1_14' title="bbox 198 785 969 826; baseline -0.001 -10"><span class='ocrx_word' id='word_1_78' title='bbox 198 788 251 817; x_wconf 90' lang='lat' dir='ltr'>tur</span> <span class='ocrx_word' id='word_1_79' title='bbox 265 788 353 826; x_wconf 81' lang='lat' dir='ltr'>pater</span> <span class='ocrx_word' id='word_1_80' title='bbox 369 786 538 825; x_wconf 87' lang='lat' dir='ltr'>spiritualis</span> <span class='ocrx_word' id='word_1_81' title='bbox 553 786 698 826; x_wconf 80' lang='lat' dir='ltr'>alicujus,</span> <span class='ocrx_word' id='word_1_82' title='bbox 717 785 890 816; x_wconf 85' lang='lat' dir='ltr'>necessario</span> <span class='ocrx_word' id='word_1_83' title='bbox 906 786 969 816; x_wconf 84' lang='lat' dir='ltr'>effi-</span> 
     </span>
     <span class='ocr_line' id='line_1_15' title="bbox 197 839 968 880; baseline -0.001 -10"><span class='ocrx_word' id='word_1_84' title='bbox 197 840 279 870; x_wconf 89' lang='lat' dir='ltr'>citur</span> <span class='ocrx_word' id='word_1_85' title='bbox 302 842 461 880; x_wconf 86' lang='lat' dir='ltr'>compater</span> <span class='ocrx_word' id='word_1_86' title='bbox 480 839 591 869; x_wconf 86' lang='lat' dir='ltr'>matris</span> <span class='ocrx_word' id='word_1_87' title='bbox 610 851 616 869; x_wconf 79' lang='lat'>2</span> <span class='ocrx_word' id='word_1_88' title='bbox 633 849 713 878; x_wconf 81' lang='lat' dir='ltr'>ergo</span> <span class='ocrx_word' id='word_1_89' title='bbox 734 839 835 869; x_wconf 82' lang='lat' dir='ltr'>multo</span> <span class='ocrx_word' id='word_1_90' title='bbox 856 839 968 869; x_wconf 79' lang='lat' dir='ltr'>fortius</span> 
     </span>
     <span class='ocr_line' id='line_1_16' title="bbox 198 893 966 933; baseline 0 -10"><span class='ocrx_word' id='word_1_91' title='bbox 198 894 251 933; x_wconf 89' lang='lat' dir='ltr'>qui</span> <span class='ocrx_word' id='word_1_92' title='bbox 266 894 400 924; x_wconf 78' lang='lat' dir='ltr'>efficitur</span> <span class='ocrx_word' id='word_1_93' title='bbox 419 895 579 933; x_wconf 86' lang='lat' dir='ltr'>compater</span> <span class='ocrx_word' id='word_1_94' title='bbox 595 893 669 931; x_wconf 84' lang='lat' dir='ltr'>viri,</span> <span class='ocrx_word' id='word_1_95' title='bbox 690 893 824 924; x_wconf 77' lang='lat' dir='ltr'>efficitur</span> <span class='ocrx_word' id='word_1_96' title='bbox 840 902 966 932; x_wconf 86' lang='lat' dir='ltr'>compa-</span> 
     </span>
     <span class='ocr_line' id='line_1_17' title="bbox 199 947 377 977; baseline 0 0"><span class='ocrx_word' id='word_1_97' title='bbox 199 949 244 977; x_wconf 85' lang='lat' dir='ltr'>ter</span> <span class='ocrx_word' id='word_1_98' title='bbox 259 947 377 977; x_wconf 72' lang='lat' dir='ltr'>uxoris</span> 
     </span>
    </p>

    <p class='ocr_par' dir='ltr' id='par_1_6' title="bbox 194 999 966 1242">
     <span class='ocr_line' id='line_1_18' title="bbox 237 999 965 1038; baseline 0 -9"><span class='ocrx_word' id='word_1_99' title='bbox 237 999 366 1029; x_wconf 85' lang='lat' dir='ltr'>Contra:</span> <span class='ocrx_word' id='word_1_100' title='bbox 381 999 470 1029; x_wconf 72' lang='lat' dir='ltr'>Caus</span> <span class='ocrx_word' id='word_1_101' title='bbox 484 1008 566 1035; x_wconf 77' lang='lat' dir='ltr'>xxx,</span> <span class='ocrx_word' id='word_1_102' title='bbox 580 1008 610 1038; x_wconf 84' lang='lat' dir='ltr'>q.</span> <span class='ocrx_word' id='word_1_103' title='bbox 621 1002 658 1029; x_wconf 73' lang='lat'>4:</span> <span class='ocrx_word' id='word_1_104' title='bbox 677 1011 690 1027; x_wconf 81' lang='grc'>(1</span> <span class='ocrx_word' id='word_1_105' title='bbox 701 999 965 1038; x_wconf 81' lang='lat' dir='ltr'>Quispiritualem</span> 
     </span>
     <span class='ocr_line' id='line_1_19' title="bbox 195 1051 966 1090; baseline 0.001 -9"><span class='ocrx_word' id='word_1_106' title='bbox 195 1051 289 1082; x_wconf 83' lang='lat' dir='ltr'>habet</span> <span class='ocrx_word' id='word_1_107' title='bbox 315 1054 538 1090; x_wconf 86' lang='lat' dir='ltr'>commatrem,</span> <span class='ocrx_word' id='word_1_108' title='bbox 567 1052 617 1082; x_wconf 90' lang='lat' dir='ltr'>cui</span> <span class='ocrx_word' id='word_1_109' title='bbox 645 1052 746 1082; x_wconf 85' lang='lat' dir='ltr'>filium</span> <span class='ocrx_word' id='word_1_110' title='bbox 775 1052 813 1082; x_wconf 89' lang='lat' dir='ltr'>de</span> <span class='ocrx_word' id='word_1_111' title='bbox 840 1052 966 1082; x_wconf 75' lang='lat' dir='ltr'>lavacro</span> 
     </span>
     <span class='ocr_line' id='line_1_20' title="bbox 194 1104 966 1145; baseline 0.003 -11"><span class='ocrx_word' id='word_1_112' title='bbox 194 1104 288 1135; x_wconf 86' lang='lat' dir='ltr'>fontis</span> <span class='ocrx_word' id='word_1_113' title='bbox 308 1106 444 1145; x_wconf 79' lang='lat' dir='ltr'>accepit,</span> <span class='ocrx_word' id='word_1_114' title='bbox 468 1107 498 1135; x_wconf 77' lang='lat' dir='ltr'>et</span> <span class='ocrx_word' id='word_1_115' title='bbox 517 1106 587 1144; x_wconf 85' lang='lat' dir='ltr'>ejus</span> <span class='ocrx_word' id='word_1_116' title='bbox 610 1114 690 1135; x_wconf 83' lang='lat' dir='ltr'>uxor</span> <span class='ocrx_word' id='word_1_117' title='bbox 710 1108 882 1135; x_wconf 81' lang='lat' dir='ltr'>commater</span> <span class='ocrx_word' id='word_1_118' title='bbox 901 1115 966 1136; x_wconf 90' lang='lat' dir='ltr'>non</span> 
     </span>
     <span class='ocr_line' id='line_1_21' title="bbox 194 1158 966 1198; baseline 0.004 -11"><span class='ocrx_word' id='word_1_119' title='bbox 194 1159 250 1195; x_wconf 84' lang='lat' dir='ltr'>est,</span> <span class='ocrx_word' id='word_1_120' title='bbox 267 1158 338 1188; x_wconf 85' lang='lat' dir='ltr'>licet</span> <span class='ocrx_word' id='word_1_121' title='bbox 352 1158 466 1196; x_wconf 82' lang='lat' dir='ltr'>eidem,</span> <span class='ocrx_word' id='word_1_122' title='bbox 483 1160 642 1197; x_wconf 86' lang='lat' dir='ltr'>compatre</span> <span class='ocrx_word' id='word_1_123' title='bbox 657 1158 880 1197; x_wconf 83' lang='lat' dir='ltr'>suodcfuncto,</span> <span class='ocrx_word' id='word_1_124' title='bbox 896 1160 966 1198; x_wconf 89' lang='lat' dir='ltr'>ejus</span> 
     </span>
     <span class='ocr_line' id='line_1_22' title="bbox 194 1211 691 1242; baseline -0.002 -2"><span class='ocrx_word' id='word_1_125' title='bbox 194 1211 323 1241; x_wconf 82' lang='lat' dir='ltr'>viduam</span> <span class='ocrx_word' id='word_1_126' title='bbox 339 1211 453 1242; x_wconf 87' lang='lat' dir='ltr'>ducere</span> <span class='ocrx_word' id='word_1_127' title='bbox 468 1211 500 1241; x_wconf 90' lang='lat' dir='ltr'>in</span> <span class='ocrx_word' id='word_1_128' title='bbox 516 1220 661 1241; x_wconf 77' lang='lat' dir='ltr'>uxorein.</span> <span class='ocrx_word' id='word_1_129' title='bbox 677 1223 691 1239; x_wconf 72' lang='lat' dir='ltr'>n</span> 
     </span>
    </p>

    <p class='ocr_par' dir='ltr' id='par_1_7' title="bbox 193 1263 966 1463">
     <span class='ocr_line' id='line_1_23' title="bbox 235 1263 965 1304; baseline 0.001 -10"><span class='ocrx_word' id='word_1_130' title='bbox 235 1263 311 1294; x_wconf 84' lang='lat' dir='ltr'>Item</span> <span class='ocrx_word' id='word_1_131' title='bbox 327 1265 359 1294; x_wconf 91' lang='lat' dir='ltr'>in</span> <span class='ocrx_word' id='word_1_132' title='bbox 378 1264 521 1304; x_wconf 80' lang='lat' dir='ltr'>sequenti</span> <span class='ocrx_word' id='word_1_133' title='bbox 541 1264 675 1304; x_wconf 81' lang='lat' dir='ltr'>capitulo</span> <span class='ocrx_word' id='word_1_134' title='bbox 695 1276 700 1295; x_wconf 91' lang='lat'>:</span> <span class='ocrx_word' id='word_1_135' title='bbox 721 1276 734 1293; x_wconf 74' lang='grc'>(1</span> <span class='ocrx_word' id='word_1_136' title='bbox 751 1264 823 1295; x_wconf 86' lang='grc' dir='ltr'>Ρο51</span> <span class='ocrx_word' id='word_1_137' title='bbox 844 1265 965 1296; x_wconf 86' lang='lat' dir='ltr'>obitum</span> 
     </span>
     <span class='ocr_line' id='line_1_24' title="bbox 195 1317 966 1357; baseline 0.001 -10"><span class='ocrx_word' id='word_1_138' title='bbox 195 1317 305 1348; x_wconf 77' lang='lat' dir='ltr'>uxoris</span> <span class='ocrx_word' id='word_1_139' title='bbox 319 1326 386 1347; x_wconf 79' lang='lat' dir='ltr'>suae</span> <span class='ocrx_word' id='word_1_140' title='bbox 403 1327 477 1348; x_wconf 89' lang='lat' dir='ltr'>cum</span> <span class='ocrx_word' id='word_1_141' title='bbox 499 1320 671 1348; x_wconf 75' lang='lat' dir='ltr'>commatre</span> <span class='ocrx_word' id='word_1_142' title='bbox 691 1318 800 1348; x_wconf 78' lang='lat' dir='ltr'>uxoris</span> <span class='ocrx_word' id='word_1_143' title='bbox 815 1318 966 1357; x_wconf 78' lang='lat' dir='ltr'>conjugia</span> 
     </span>
     <span class='ocr_line' id='line_1_25' title="bbox 194 1370 966 1410; baseline 0 -9"><span class='ocrx_word' id='word_1_144' title='bbox 194 1370 346 1410; x_wconf 81' lang='lat' dir='ltr'>copulari,</span> <span class='ocrx_word' id='word_1_145' title='bbox 363 1370 451 1400; x_wconf 86' lang='lat' dir='ltr'>nulla</span> <span class='ocrx_word' id='word_1_146' title='bbox 476 1370 602 1400; x_wconf 81' lang='lat' dir='ltr'>videtur</span> <span class='ocrx_word' id='word_1_147' title='bbox 620 1370 698 1400; x_wconf 85' lang='lat' dir='ltr'>ratio</span> <span class='ocrx_word' id='word_1_148' title='bbox 720 1371 770 1401; x_wconf 80' lang='lat' dir='ltr'>vel</span> <span class='ocrx_word' id='word_1_149' title='bbox 797 1371 966 1402; x_wconf 79' lang='lat' dir='ltr'>auctoritas</span> 
     </span>
     <span class='ocr_line' id='line_1_26' title="bbox 193 1424 400 1463; baseline -0.019 -8"><span class='ocrx_word' id='word_1_150' title='bbox 193 1424 370 1463; x_wconf 85' lang='lat' dir='ltr'>prohibere.</span> <span class='ocrx_word' id='word_1_151' title='bbox 386 1435 400 1451; x_wconf 88' lang='lat'>»</span> 
     </span>
    </p>

    <p class='ocr_par' dir='ltr' id='par_1_8' title="bbox 189 1476 966 1729">
     <span class='ocr_line' id='line_1_27' title="bbox 233 1476 966 1516; baseline 0 -10"><span class='ocrx_word' id='word_1_152' title='bbox 233 1477 310 1507; x_wconf 89' lang='lat' dir='ltr'>Item</span> <span class='ocrx_word' id='word_1_153' title='bbox 324 1477 446 1506; x_wconf 81' lang='lat' dir='ltr'>ratione</span> <span class='ocrx_word' id='word_1_154' title='bbox 460 1476 596 1514; x_wconf 86' lang='lat' dir='ltr'>videtur,</span> <span class='ocrx_word' id='word_1_155' title='bbox 614 1477 688 1516; x_wconf 88' lang='lat' dir='ltr'>quia</span> <span class='ocrx_word' id='word_1_156' title='bbox 705 1479 782 1508; x_wconf 87' lang='grc'><strong>11010</strong></span> <span class='ocrx_word' id='word_1_157' title='bbox 798 1479 916 1515; x_wconf 78' lang='lat' dir='ltr'>carnis,</span> <span class='ocrx_word' id='word_1_158' title='bbox 935 1478 966 1510; x_wconf 88' lang='lat' dir='ltr'>et</span> 
     </span>
     <span class='ocr_line' id='line_1_28' title="bbox 191 1529 965 1570; baseline 0.001 -9"><span class='ocrx_word' id='word_1_159' title='bbox 191 1530 338 1570; x_wconf 88' lang='lat' dir='ltr'>spiritus,</span> <span class='ocrx_word' id='word_1_160' title='bbox 361 1529 545 1569; x_wconf 80' lang='lat' dir='ltr'>simpliciter</span> <span class='ocrx_word' id='word_1_161' title='bbox 568 1532 641 1560; x_wconf 90' lang='lat' dir='ltr'>sunt</span> <span class='ocrx_word' id='word_1_162' title='bbox 665 1531 830 1569; x_wconf 84' lang='lat' dir='ltr'>disparatae</span> <span class='ocrx_word' id='word_1_163' title='bbox 855 1542 861 1561; x_wconf 76' lang='lat' dir='ltr'>t</span> <span class='ocrx_word' id='word_1_164' title='bbox 887 1541 965 1570; x_wconf 80' lang='lat' dir='ltr'>ergo</span> 
     </span>
     <span class='ocr_line' id='line_1_29' title="bbox 190 1582 964 1624; baseline 0 -10"><span class='ocrx_word' id='word_1_165' title='bbox 190 1593 245 1624; x_wconf 91' lang='lat' dir='ltr'>per</span> <span class='ocrx_word' id='word_1_166' title='bbox 262 1592 359 1614; x_wconf 83' lang='lat' dir='ltr'>unam</span> <span class='ocrx_word' id='word_1_167' title='bbox 372 1583 411 1613; x_wconf 85' lang='lat' dir='ltr'>ad</span> <span class='ocrx_word' id='word_1_168' title='bbox 425 1582 519 1612; x_wconf 80' lang='lat' dir='ltr'>aliam</span> <span class='ocrx_word' id='word_1_169' title='bbox 534 1592 599 1613; x_wconf 88' lang='lat' dir='ltr'>non</span> <span class='ocrx_word' id='word_1_170' title='bbox 614 1584 768 1613; x_wconf 65' lang='lat' dir='ltr'>transitur</span> <span class='ocrx_word' id='word_1_171' title='bbox 782 1593 788 1613; x_wconf 93' lang='lat'><strong>:</strong></span> <span class='ocrx_word' id='word_1_172' title='bbox 808 1593 886 1623; x_wconf 80' lang='lat' dir='ltr'>ergo</span> <span class='ocrx_word' id='word_1_173' title='bbox 900 1593 964 1614; x_wconf 92' lang='lat' dir='ltr'>non</span> 
     </span>
     <span class='ocr_line' id='line_1_30' title="bbox 189 1635 965 1675; baseline 0.003 -9"><span class='ocrx_word' id='word_1_174' title='bbox 189 1637 317 1667; x_wconf 86' lang='lat' dir='ltr'>videtur</span> <span class='ocrx_word' id='word_1_175' title='bbox 341 1635 426 1675; x_wconf 91' lang='lat' dir='ltr'>quod</span> <span class='ocrx_word' id='word_1_176' title='bbox 449 1635 489 1665; x_wconf 87' lang='lat' dir='ltr'>ab</span> <span class='ocrx_word' id='word_1_177' title='bbox 512 1644 578 1665; x_wconf 90' lang='lat' dir='ltr'>uno</span> <span class='ocrx_word' id='word_1_178' title='bbox 603 1636 641 1665; x_wconf 91' lang='lat' dir='ltr'>ad</span> <span class='ocrx_word' id='word_1_179' title='bbox 665 1636 799 1666; x_wconf 82' lang='lat' dir='ltr'>alterum</span> <span class='ocrx_word' id='word_1_180' title='bbox 826 1639 965 1668; x_wconf 84' lang='lat' dir='ltr'>transeat</span> 
     </span>
     <span class='ocr_line' id='line_1_31' title="bbox 189 1688 537 1729; baseline -0.009 -9"><span class='ocrx_word' id='word_1_181' title='bbox 189 1689 336 1729; x_wconf 81' lang='lat' dir='ltr'>cognatio</span> <span class='ocrx_word' id='word_1_182' title='bbox 352 1688 537 1728; x_wconf 79' lang='lat' dir='ltr'>spiritualis.</span> 
     </span>
    </p>

    <p class='ocr_par' dir='ltr' id='par_1_9' title="bbox 187 1742 963 2038">
     <span class='ocr_line' id='line_1_32' title="bbox 229 1742 963 1781; baseline 0.001 -9"><span class='ocrx_word' id='word_1_183' title='bbox 229 1742 322 1779; x_wconf 86' lang='lat' dir='ltr'>ltem,</span> <span class='ocrx_word' id='word_1_184' title='bbox 344 1743 642 1781; x_wconf 83' lang='lat' dir='ltr'>quantumcumque</span> <span class='ocrx_word' id='word_1_185' title='bbox 658 1742 709 1772; x_wconf 89' lang='lat' dir='ltr'>vir</span> <span class='ocrx_word' id='word_1_186' title='bbox 727 1743 822 1773; x_wconf 83' lang='lat' dir='ltr'>fuerit</span> <span class='ocrx_word' id='word_1_187' title='bbox 842 1744 963 1773; x_wconf 83' lang='lat' dir='ltr'>amicus</span> 
     </span>
     <span class='ocr_line' id='line_1_33' title="bbox 188 1794 963 1835; baseline 0.001 -10"><span class='ocrx_word' id='word_1_188' title='bbox 188 1795 256 1825; x_wconf 89' lang='lat' dir='ltr'>sive</span> <span class='ocrx_word' id='word_1_189' title='bbox 270 1795 354 1825; x_wconf 79' lang='lat' dir='ltr'>filius</span> <span class='ocrx_word' id='word_1_190' title='bbox 372 1794 435 1831; x_wconf 80' lang='lat' dir='ltr'>Dei,</span> <span class='ocrx_word' id='word_1_191' title='bbox 449 1803 505 1833; x_wconf 88' lang='lat' dir='ltr'>per</span> <span class='ocrx_word' id='word_1_192' title='bbox 515 1794 574 1824; x_wconf 88' lang='lat' dir='ltr'>hoc</span> <span class='ocrx_word' id='word_1_193' title='bbox 586 1803 667 1825; x_wconf 76' lang='lat' dir='ltr'>uxor</span> <span class='ocrx_word' id='word_1_194' title='bbox 680 1804 742 1825; x_wconf 90' lang='lat' dir='ltr'>non</span> <span class='ocrx_word' id='word_1_195' title='bbox 756 1796 963 1835; x_wconf 72' lang='lat' dir='ltr'>coniungitur</span> 
     </span>
     <span class='ocr_line' id='line_1_34' title="bbox 188 1847 961 1889; baseline 0 -10"><span class='ocrx_word' id='word_1_196' title='bbox 188 1848 250 1880; x_wconf 87' lang='lat' dir='ltr'>Deo</span> <span class='ocrx_word' id='word_1_197' title='bbox 266 1857 350 1878; x_wconf 91' lang='lat' dir='ltr'>novo</span> <span class='ocrx_word' id='word_1_198' title='bbox 366 1847 505 1883; x_wconf 85' lang='lat' dir='ltr'>vinculo,</span> <span class='ocrx_word' id='word_1_199' title='bbox 522 1856 579 1877; x_wconf 91' lang='lat' dir='ltr'>nec</span> <span class='ocrx_word' id='word_1_200' title='bbox 590 1856 607 1877; x_wconf 87' lang='lat' dir='ltr'>e</span> <span class='ocrx_word' id='word_1_201' title='bbox 617 1857 769 1878; x_wconf 89' lang='lat' dir='ltr'>converso</span> <span class='ocrx_word' id='word_1_202' title='bbox 782 1858 789 1878; x_wconf 75' lang='lat' dir='ltr'>t</span> <span class='ocrx_word' id='word_1_203' title='bbox 801 1858 879 1887; x_wconf 75' lang='lat' dir='ltr'>ergo</span> <span class='ocrx_word' id='word_1_204' title='bbox 894 1850 961 1889; x_wconf 88' lang='lat' dir='ltr'>pari</span> 
     </span>
     <span class='ocr_line' id='line_1_35' title="bbox 188 1901 963 1941; baseline 0 -9"><span class='ocrx_word' id='word_1_205' title='bbox 188 1902 320 1938; x_wconf 84' lang='lat' dir='ltr'>ratione,</span> <span class='ocrx_word' id='word_1_206' title='bbox 334 1901 461 1941; x_wconf 84' lang='lat' dir='ltr'>quaudo</span> <span class='ocrx_word' id='word_1_207' title='bbox 472 1909 558 1931; x_wconf 91' lang='lat' dir='ltr'>unus</span> <span class='ocrx_word' id='word_1_208' title='bbox 571 1902 746 1940; x_wconf 80' lang='lat' dir='ltr'>conjugum</span> <span class='ocrx_word' id='word_1_209' title='bbox 758 1901 963 1941; x_wconf 83' lang='lat' dir='ltr'>spiritualiter</span> 
     </span>
     <span class='ocr_line' id='line_1_36' title="bbox 188 1953 962 1994; baseline 0.001 -10"><span class='ocrx_word' id='word_1_210' title='bbox 188 1954 341 1991; x_wconf 74' lang='lat' dir='ltr'>alligatur</span> <span class='ocrx_word' id='word_1_211' title='bbox 362 1953 473 1990; x_wconf 73' lang='lat' dir='ltr'>alicui,</span> <span class='ocrx_word' id='word_1_212' title='bbox 506 1962 569 1983; x_wconf 88' lang='lat' dir='ltr'>non</span> <span class='ocrx_word' id='word_1_213' title='bbox 592 1955 719 1992; x_wconf 85' lang='lat' dir='ltr'>propter</span> <span class='ocrx_word' id='word_1_214' title='bbox 737 1954 797 1984; x_wconf 87' lang='lat' dir='ltr'>hoc</span> <span class='ocrx_word' id='word_1_215' title='bbox 811 1954 962 1994; x_wconf 79' lang='lat' dir='ltr'>alligatur</span> 
     </span>
     <span class='ocr_line' id='line_1_37' title="bbox 187 2007 322 2038; baseline -0.015 0"><span class='ocrx_word' id='word_1_216' title='bbox 187 2009 217 2038; x_wconf 88' lang='lat' dir='ltr'>et</span> <span class='ocrx_word' id='word_1_217' title='bbox 233 2007 322 2037; x_wconf 80' lang='lat' dir='ltr'>alter.</span> 
     </span>
    </p>
   </div>
   <div class='ocr_carea' id='block_1_5' title="bbox 459 2084 684 2117">
    <p class='ocr_par' dir='ltr' id='par_1_10' title="bbox 459 2084 684 2117">
     <span class='ocr_line' id='line_1_38' title="bbox 459 2084 684 2117; baseline 0.004 -2"><span class='ocrx_word' id='word_1_218' title='bbox 459 2084 684 2117; x_wconf 89' lang='lat' dir='ltr'>CONCLUSIO.</span> 
     </span>
    </p>
   </div>
   <div class='ocr_carea' id='block_1_6' title="bbox 189 2166 960 2332">
    <p class='ocr_par' dir='ltr' id='par_1_11' title="bbox 189 2166 960 2332">
     <span class='ocr_line' id='line_1_39' title="bbox 189 2166 960 2200; baseline 0.003 -7"><span class='ocrx_word' id='word_1_219' title='bbox 189 2166 414 2199; x_wconf 69' lang='lat' dir='ltr'>Consanquz&#39;nitas</span> <span class='ocrx_word' id='word_1_220' title='bbox 430 2166 585 2200; x_wconf 72' lang='lat' dir='ltr'>spiritualis</span> <span class='ocrx_word' id='word_1_221' title='bbox 604 2173 653 2200; x_wconf 77' lang='lat' dir='ltr'>per</span> <span class='ocrx_word' id='word_1_222' title='bbox 672 2167 785 2194; x_wconf 74' lang='lat' dir='ltr'>alterius</span> <span class='ocrx_word' id='word_1_223' title='bbox 802 2169 889 2195; x_wconf 81' lang='lat' dir='ltr'>actum</span> <span class='ocrx_word' id='word_1_224' title='bbox 906 2176 960 2195; x_wconf 80' lang='lat' dir='ltr'>non</span> 
     </span>
     <span class='ocr_line' id='line_1_40' title="bbox 225 2210 960 2247; baseline 0.004 -11"><span class='ocrx_word' id='word_1_225' title='bbox 225 2211 323 2236; x_wconf 78' lang='lat' dir='ltr'>transit</span> <span class='ocrx_word' id='word_1_226' title='bbox 341 2211 371 2236; x_wconf 78' lang='lat' dir='ltr'>in</span> <span class='ocrx_word' id='word_1_227' title='bbox 394 2210 527 2241; x_wconf 77' lang='lat' dir='ltr'>alterum3</span> <span class='ocrx_word' id='word_1_228' title='bbox 545 2218 593 2244; x_wconf 78' lang='lat' dir='ltr'>per</span> <span class='ocrx_word' id='word_1_229' title='bbox 615 2214 700 2236; x_wconf 78' lang='lat' dir='ltr'>actum</span> <span class='ocrx_word' id='word_1_230' title='bbox 720 2213 800 2237; x_wconf 75' lang='lat' dir='ltr'>etiam</span> <span class='ocrx_word' id='word_1_231' title='bbox 818 2214 960 2247; x_wconf 77' lang='lat' dir='ltr'>proprium</span> 
     </span>
     <span class='ocr_line' id='line_1_41' title="bbox 224 2254 959 2291; baseline 0.004 -11"><span class='ocrx_word' id='word_1_232' title='bbox 224 2256 284 2280; x_wconf 80' lang='lat' dir='ltr'>ante</span> <span class='ocrx_word' id='word_1_233' title='bbox 304 2254 438 2280; x_wconf 79' lang='lat' dir='ltr'>carnalem</span> <span class='ocrx_word' id='word_1_234' title='bbox 460 2254 582 2288; x_wconf 78' lang='lat' dir='ltr'>copulam</span> <span class='ocrx_word' id='word_1_235' title='bbox 605 2262 658 2280; x_wconf 81' lang='lat' dir='ltr'>non</span> <span class='ocrx_word' id='word_1_236' title='bbox 686 2257 798 2286; x_wconf 74' lang='lat' dir='ltr'>transit,</span> <span class='ocrx_word' id='word_1_237' title='bbox 826 2257 873 2282; x_wconf 82' lang='lat' dir='ltr'>sed</span> <span class='ocrx_word' id='word_1_238' title='bbox 898 2259 959 2291; x_wconf 76' lang='lat' dir='ltr'>post</span> 
     </span>
     <span class='ocr_line' id='line_1_42' title="bbox 224 2299 620 2332; baseline -0.005 -7"><span class='ocrx_word' id='word_1_239' title='bbox 224 2299 358 2325; x_wconf 75' lang='lat' dir='ltr'>carnalem</span> <span class='ocrx_word' id='word_1_240' title='bbox 373 2299 495 2332; x_wconf 83' lang='lat' dir='ltr'>copulam</span> <span class='ocrx_word' id='word_1_241' title='bbox 511 2299 620 2325; x_wconf 75' lang='lat' dir='ltr'>transit.</span> 
     </span>
    </p>
   </div>
   <div class='ocr_carea' id='block_1_7' title="bbox 187 2376 958 2686">
    <p class='ocr_par' dir='ltr' id='par_1_12' title="bbox 187 2376 958 2686">
     <span class='ocr_line' id='line_1_43' title="bbox 228 2376 958 2417; baseline 0.004 -10"><span class='ocrx_word' id='word_1_242' title='bbox 228 2376 318 2417; x_wconf 86' lang='lat' dir='ltr'>Resp.</span> <span class='ocrx_word' id='word_1_243' title='bbox 336 2377 375 2408; x_wconf 85' lang='lat' dir='ltr'>ad</span> <span class='ocrx_word' id='word_1_244' title='bbox 388 2386 458 2416; x_wconf 82' lang='lat' dir='ltr'>arg.</span> <span class='ocrx_word' id='word_1_245' title='bbox 471 2377 643 2407; x_wconf 83' lang='lat' dir='ltr'>Dicendum</span> <span class='ocrx_word' id='word_1_246' title='bbox 655 2378 750 2417; x_wconf 85' lang='lat' dir='ltr'>quod,</span> <span class='ocrx_word' id='word_1_247' title='bbox 768 2388 841 2409; x_wconf 88' lang='lat' dir='ltr'>cum</span> <span class='ocrx_word' id='word_1_248' title='bbox 855 2383 958 2411; x_wconf 84' lang='lat' dir='ltr'>aucto-</span> 
     </span>
     <span class='ocr_line' id='line_1_44' title="bbox 187 2430 958 2471; baseline 0.006 -11"><span class='ocrx_word' id='word_1_249' title='bbox 187 2430 293 2460; x_wconf 83' lang='lat' dir='ltr'>ritates</span> <span class='ocrx_word' id='word_1_250' title='bbox 314 2430 376 2461; x_wconf 89' lang='lat' dir='ltr'>sint</span> <span class='ocrx_word' id='word_1_251' title='bbox 397 2430 436 2461; x_wconf 85' lang='lat' dir='ltr'>ad</span> <span class='ocrx_word' id='word_1_252' title='bbox 455 2432 623 2469; x_wconf 83' lang='lat' dir='ltr'>utramque</span> <span class='ocrx_word' id='word_1_253' title='bbox 645 2433 785 2470; x_wconf 81' lang='lat' dir='ltr'>partem,</span> <span class='ocrx_word' id='word_1_254' title='bbox 811 2435 958 2471; x_wconf 68' lang='lat' dir='ltr'>cognatio</span> 
     </span>
     <span class='ocr_line' id='line_1_45' title="bbox 187 2483 957 2524; baseline 0.006 -11"><span class='ocrx_word' id='word_1_255' title='bbox 187 2483 359 2523; x_wconf 84' lang='lat' dir='ltr'>spiritualis</span> <span class='ocrx_word' id='word_1_256' title='bbox 378 2484 483 2524; x_wconf 85' lang='lat' dir='ltr'>aliquo</span> <span class='ocrx_word' id='word_1_257' title='bbox 502 2484 595 2514; x_wconf 87' lang='lat' dir='ltr'>modo</span> <span class='ocrx_word' id='word_1_258' title='bbox 614 2485 724 2515; x_wconf 83' lang='lat' dir='ltr'>transit</span> <span class='ocrx_word' id='word_1_259' title='bbox 739 2495 757 2515; x_wconf 87' lang='lat' dir='ltr'>a</span> <span class='ocrx_word' id='word_1_260' title='bbox 772 2486 906 2518; x_wconf 87' lang='lat' dir='ltr'>muliere</span> <span class='ocrx_word' id='word_1_261' title='bbox 925 2489 957 2518; x_wconf 92' lang='lat' dir='ltr'>in</span> 
     </span>
     <span class='ocr_line' id='line_1_46' title="bbox 188 2536 955 2576; baseline 0.008 -10"><span class='ocrx_word' id='word_1_262' title='bbox 188 2536 309 2574; x_wconf 91' lang='lat' dir='ltr'>virum,</span> <span class='ocrx_word' id='word_1_263' title='bbox 325 2536 433 2576; x_wconf 86' lang='lat' dir='ltr'>aliquo</span> <span class='ocrx_word' id='word_1_264' title='bbox 449 2537 541 2567; x_wconf 88' lang='lat' dir='ltr'>modo</span> <span class='ocrx_word' id='word_1_265' title='bbox 556 2545 630 2567; x_wconf 88' lang='lat' dir='ltr'>non.</span> <span class='ocrx_word' id='word_1_266' title='bbox 648 2536 707 2568; x_wconf 90' lang='lat' dir='ltr'>Sed</span> <span class='ocrx_word' id='word_1_267' title='bbox 723 2540 828 2570; x_wconf 87' lang='lat' dir='ltr'>tamen</span> <span class='ocrx_word' id='word_1_268' title='bbox 843 2543 955 2572; x_wconf 84' lang='lat' dir='ltr'>notan-</span> 
     </span>
     <span class='ocr_line' id='line_1_47' title="bbox 188 2588 958 2629; baseline 0.006 -9"><span class='ocrx_word' id='word_1_269' title='bbox 188 2588 283 2626; x_wconf 79' lang='lat' dir='ltr'>dum,</span> <span class='ocrx_word' id='word_1_270' title='bbox 308 2589 392 2629; x_wconf 85' lang='lat' dir='ltr'>quod</span> <span class='ocrx_word' id='word_1_271' title='bbox 416 2589 581 2629; x_wconf 82' lang='lat' dir='ltr'>Magister,</span> <span class='ocrx_word' id='word_1_272' title='bbox 610 2592 640 2620; x_wconf 86' lang='lat' dir='ltr'>et</span> <span class='ocrx_word' id='word_1_273' title='bbox 665 2591 760 2622; x_wconf 86' lang='lat' dir='ltr'>etiam</span> <span class='ocrx_word' id='word_1_274' title='bbox 789 2592 958 2625; x_wconf 83' lang='lat' dir='ltr'>Gratianus</span> 
     </span>
     <span class='ocr_line' id='line_1_48' title="bbox 189 2641 957 2686; baseline 0.008 -14"><span class='ocrx_word' id='word_1_275' title='bbox 189 2641 356 2681; x_wconf 82' lang='lat' dir='ltr'>distinguit</span> <span class='ocrx_word' id='word_1_276' title='bbox 370 2642 414 2672; x_wconf 88' lang='grc'>510</span> <span class='ocrx_word' id='word_1_277' title='bbox 430 2652 437 2673; x_wconf 93' lang='lat'><strong>:</strong></span> <span class='ocrx_word' id='word_1_278' title='bbox 454 2642 537 2682; x_wconf 88' lang='lat' dir='ltr'>quod</span> <span class='ocrx_word' id='word_1_279' title='bbox 560 2645 726 2682; x_wconf 82' lang='lat' dir='ltr'>postquam</span> <span class='ocrx_word' id='word_1_280' title='bbox 747 2645 826 2676; x_wconf 86' lang='lat' dir='ltr'>alter</span> <span class='ocrx_word' id='word_1_281' title='bbox 846 2649 957 2686; x_wconf 83' lang='lat' dir='ltr'>conju-</span> 
     </span>
    </p>
   </div>
   <div class='ocr_carea' id='block_1_8' title="bbox 1744 188 1801 217">
    <p class='ocr_par' dir='ltr' id='par_1_13' title="bbox 1744 188 1801 217">
     <span class='ocr_line' id='line_1_49' title="bbox 1744 188 1801 217; baseline -0.035 0"><span class='ocrx_word' id='word_1_282' title='bbox 1744 188 1801 217; x_wconf 78' lang='lat'>437</span> 
     </span>
    </p>
   </div>
   <div class='ocr_carea' id='block_1_9' title="bbox 1022 252 1803 1039">
    <p class='ocr_par' dir='ltr' id='par_1_14' title="bbox 1022 252 1803 1039">
     <span class='ocr_line' id='line_1_50' title="bbox 1031 252 1799 293; baseline -0.001 -10"><span class='ocrx_word' id='word_1_283' title='bbox 1031 263 1110 293; x_wconf 78' lang='lat' dir='ltr'>guni</span> <span class='ocrx_word' id='word_1_284' title='bbox 1130 253 1284 283; x_wconf 78' lang='lat' dir='ltr'>contraxit</span> <span class='ocrx_word' id='word_1_285' title='bbox 1301 253 1338 292; x_wconf 68' lang='grc'><strong>((11</strong></span> <span class='ocrx_word' id='word_1_286' title='bbox 1355 253 1579 292; x_wconf 78' lang='lat' dir='ltr'>cognationem</span> <span class='ocrx_word' id='word_1_287' title='bbox 1595 261 1667 283; x_wconf 86' lang='lat' dir='ltr'>eum</span> <span class='ocrx_word' id='word_1_288' title='bbox 1683 252 1799 292; x_wconf 85' lang='lat' dir='ltr'>aliquo,</span> 
     </span>
     <span class='ocr_line' id='line_1_51' title="bbox 1030 305 1800 344; baseline -0.001 -8"><span class='ocrx_word' id='word_1_289' title='bbox 1030 308 1085 336; x_wconf 82' lang='lat' dir='ltr'>aut</span> <span class='ocrx_word' id='word_1_290' title='bbox 1100 307 1213 336; x_wconf 87' lang='lat' dir='ltr'>mutuo</span> <span class='ocrx_word' id='word_1_291' title='bbox 1236 315 1268 335; x_wconf 69' lang='grc'>50</span> <span class='ocrx_word' id='word_1_292' title='bbox 1285 309 1493 344; x_wconf 73' lang='lat' dir='ltr'>cognoscunt,</span> <span class='ocrx_word' id='word_1_293' title='bbox 1517 308 1572 336; x_wconf 82' lang='lat' dir='ltr'>aut</span> <span class='ocrx_word' id='word_1_294' title='bbox 1592 315 1657 336; x_wconf 90' lang='lat' dir='ltr'>non</span> <span class='ocrx_word' id='word_1_295' title='bbox 1673 315 1681 335; x_wconf 69' lang='grc' dir='ltr'>ε</span> <span class='ocrx_word' id='word_1_296' title='bbox 1699 306 1723 335; x_wconf 87' lang='lat' dir='ltr'>si</span> <span class='ocrx_word' id='word_1_297' title='bbox 1745 305 1800 342; x_wconf 87' lang='grc'><strong>510,</strong></span> 
     </span>
     <span class='ocr_line' id='line_1_52' title="bbox 1030 360 1801 399; baseline 0.001 -10"><span class='ocrx_word' id='word_1_298' title='bbox 1030 362 1105 390; x_wconf 75' lang='lat' dir='ltr'>tunc</span> <span class='ocrx_word' id='word_1_299' title='bbox 1126 360 1239 390; x_wconf 75' lang='lat' dir='ltr'>transit</span> <span class='ocrx_word' id='word_1_300' title='bbox 1261 360 1408 398; x_wconf 72' lang='lat' dir='ltr'>cognatio</span> <span class='ocrx_word' id='word_1_301' title='bbox 1431 360 1602 399; x_wconf 73' lang='lat' dir='ltr'>spiritualis</span> <span class='ocrx_word' id='word_1_302' title='bbox 1623 360 1662 390; x_wconf 83' lang='lat' dir='ltr'>ab</span> <span class='ocrx_word' id='word_1_303' title='bbox 1685 369 1750 390; x_wconf 87' lang='lat' dir='ltr'>uno</span> <span class='ocrx_word' id='word_1_304' title='bbox 1769 360 1801 390; x_wconf 91' lang='grc'>10</span> 
     </span>
     <span class='ocr_line' id='line_1_53' title="bbox 1029 412 1803 450; baseline 0 -7"><span class='ocrx_word' id='word_1_305' title='bbox 1029 414 1182 450; x_wconf 79' lang='lat' dir='ltr'>alterum3</span> <span class='ocrx_word' id='word_1_306' title='bbox 1204 413 1229 442; x_wconf 93' lang='lat' dir='ltr'>si</span> <span class='ocrx_word' id='word_1_307' title='bbox 1251 422 1333 450; x_wconf 84' lang='lat' dir='ltr'>non,</span> <span class='ocrx_word' id='word_1_308' title='bbox 1356 415 1431 442; x_wconf 81' lang='lat' dir='ltr'>tunc</span> <span class='ocrx_word' id='word_1_309' title='bbox 1446 422 1509 443; x_wconf 90' lang='lat' dir='ltr'>non</span> <span class='ocrx_word' id='word_1_310' title='bbox 1523 413 1646 443; x_wconf 85' lang='lat' dir='ltr'>transit.</span> <span class='ocrx_word' id='word_1_311' title='bbox 1665 412 1723 443; x_wconf 88' lang='lat' dir='ltr'>Sed</span> <span class='ocrx_word' id='word_1_312' title='bbox 1743 413 1803 443; x_wconf 84' lang='lat' dir='ltr'>ista</span> 
     </span>
     <span class='ocr_line' id='line_1_54' title="bbox 1028 466 1802 505; baseline 0.003 -10"><span class='ocrx_word' id='word_1_313' title='bbox 1028 467 1191 505; x_wconf 67' lang='lat' dir='ltr'>responsio</span> <span class='ocrx_word' id='word_1_314' title='bbox 1205 475 1222 495; x_wconf 91' lang='lat' dir='ltr'>a</span> <span class='ocrx_word' id='word_1_315' title='bbox 1234 466 1426 505; x_wconf 77' lang='lat' dir='ltr'>jurisperitis</span> <span class='ocrx_word' id='word_1_316' title='bbox 1443 476 1507 496; x_wconf 83' lang='grc'>000</span> <span class='ocrx_word' id='word_1_317' title='bbox 1522 467 1725 505; x_wconf 69' lang='lat' dir='ltr'>approbatur,</span> <span class='ocrx_word' id='word_1_318' title='bbox 1743 476 1802 497; x_wconf 91' lang='grc'>000</span> 
     </span>
     <span class='ocr_line' id='line_1_55' title="bbox 1028 519 1799 559; baseline 0.004 -11"><span class='ocrx_word' id='word_1_319' title='bbox 1028 519 1132 558; x_wconf 68' lang='lat' dir='ltr'>ipsunt</span> <span class='ocrx_word' id='word_1_320' title='bbox 1146 519 1319 558; x_wconf 82' lang='lat' dir='ltr'>capitulum</span> <span class='ocrx_word' id='word_1_321' title='bbox 1335 520 1502 549; x_wconf 77' lang='lat' dir='ltr'>concordat</span> <span class='ocrx_word' id='word_1_322' title='bbox 1517 522 1611 557; x_wconf 81' lang='lat' dir='ltr'>(caus.</span> <span class='ocrx_word' id='word_1_323' title='bbox 1624 529 1703 557; x_wconf 79' lang='lat' dir='ltr'>xxx,</span> <span class='ocrx_word' id='word_1_324' title='bbox 1721 530 1751 559; x_wconf 86' lang='lat' dir='ltr'>q.</span> <span class='ocrx_word' id='word_1_325' title='bbox 1770 522 1799 557; x_wconf 88' lang='grc'>3,</span> 
     </span>
     <span class='ocr_line' id='line_1_56' title="bbox 1027 574 1802 614; baseline 0 -10"><span class='ocrx_word' id='word_1_326' title='bbox 1027 582 1052 603; x_wconf 88' lang='lat' dir='ltr'>c.</span> <span class='ocrx_word' id='word_1_327' title='bbox 1074 574 1143 604; x_wconf 74' lang='lat' dir='ltr'>Post</span> <span class='ocrx_word' id='word_1_328' title='bbox 1161 574 1275 604; x_wconf 71' lang='lat' dir='ltr'>zeoeorz&#39;s</span> <span class='ocrx_word' id='word_1_329' title='bbox 1290 574 1433 611; x_wconf 69' lang='lat' dir='ltr'>obitum),</span> <span class='ocrx_word' id='word_1_330' title='bbox 1445 574 1499 603; x_wconf 82' lang='lat' dir='ltr'>ubi</span> <span class='ocrx_word' id='word_1_331' title='bbox 1517 574 1632 604; x_wconf 66' lang='lat' dir='ltr'>divitur</span> <span class='ocrx_word' id='word_1_332' title='bbox 1647 574 1731 614; x_wconf 84' lang='lat' dir='ltr'>quod</span> <span class='ocrx_word' id='word_1_333' title='bbox 1747 583 1802 614; x_wconf 87' lang='lat' dir='ltr'>per</span> 
     </span>
     <span class='ocr_line' id='line_1_57' title="bbox 1027 625 1801 657; baseline 0.003 -2"><span class='ocrx_word' id='word_1_334' title='bbox 1027 625 1177 656; x_wconf 78' lang='lat' dir='ltr'>unionem</span> <span class='ocrx_word' id='word_1_335' title='bbox 1197 627 1301 656; x_wconf 77' lang='lat' dir='ltr'>carnis</span> <span class='ocrx_word' id='word_1_336' title='bbox 1324 636 1387 656; x_wconf 90' lang='lat' dir='ltr'>non</span> <span class='ocrx_word' id='word_1_337' title='bbox 1411 627 1564 656; x_wconf 74' lang='lat' dir='ltr'>transitur</span> <span class='ocrx_word' id='word_1_338' title='bbox 1587 627 1626 657; x_wconf 81' lang='lat' dir='ltr'>ad</span> <span class='ocrx_word' id='word_1_339' title='bbox 1647 628 1801 657; x_wconf 78' lang='lat' dir='ltr'>unitatem</span> 
     </span>
     <span class='ocr_line' id='line_1_58' title="bbox 1026 679 1800 719; baseline 0.004 -12"><span class='ocrx_word' id='word_1_340' title='bbox 1026 679 1163 717; x_wconf 85' lang='lat' dir='ltr'>spiritus.</span> <span class='ocrx_word' id='word_1_341' title='bbox 1182 680 1214 709; x_wconf 83' lang='lat' dir='ltr'>Si</span> <span class='ocrx_word' id='word_1_342' title='bbox 1232 689 1311 718; x_wconf 79' lang='lat' dir='ltr'>ergo</span> <span class='ocrx_word' id='word_1_343' title='bbox 1332 679 1464 718; x_wconf 70' lang='lat' dir='ltr'>aliquis,</span> <span class='ocrx_word' id='word_1_344' title='bbox 1486 680 1536 709; x_wconf 86' lang='lat' dir='ltr'>vcl</span> <span class='ocrx_word' id='word_1_345' title='bbox 1557 680 1682 719; x_wconf 83' lang='lat' dir='ltr'>aliqua,</span> <span class='ocrx_word' id='word_1_346' title='bbox 1705 681 1800 711; x_wconf 84' lang='lat' dir='ltr'>hahet</span> 
     </span>
     <span class='ocr_line' id='line_1_59' title="bbox 1024 732 1800 772; baseline 0.003 -11"><span class='ocrx_word' id='word_1_347' title='bbox 1024 732 1246 770; x_wconf 76' lang='lat' dir='ltr'>cognationem</span> <span class='ocrx_word' id='word_1_348' title='bbox 1260 733 1466 771; x_wconf 73' lang='lat' dir='ltr'>spiritualem,</span> <span class='ocrx_word' id='word_1_349' title='bbox 1485 737 1733 772; x_wconf 80' lang='lat' dir='ltr'>persequentem</span> <span class='ocrx_word' id='word_1_350' title='bbox 1752 742 1800 763; x_wconf 91' lang='lat' dir='ltr'>co-</span> 
     </span>
     <span class='ocr_line' id='line_1_60' title="bbox 1024 785 1798 826; baseline 0.003 -12"><span class='ocrx_word' id='word_1_351' title='bbox 1024 785 1130 823; x_wconf 76' lang='lat' dir='ltr'>pulam</span> <span class='ocrx_word' id='word_1_352' title='bbox 1156 786 1226 816; x_wconf 75' lang='lat' dir='ltr'>tatis</span> <span class='ocrx_word' id='word_1_353' title='bbox 1252 787 1400 825; x_wconf 79' lang='lat' dir='ltr'>coguatio</span> <span class='ocrx_word' id='word_1_354' title='bbox 1422 786 1454 816; x_wconf 89' lang='grc'>10</span> <span class='ocrx_word' id='word_1_355' title='bbox 1477 786 1612 816; x_wconf 85' lang='lat' dir='ltr'>alterum</span> <span class='ocrx_word' id='word_1_356' title='bbox 1638 795 1702 816; x_wconf 90' lang='grc'>000</span> <span class='ocrx_word' id='word_1_357' title='bbox 1727 795 1798 826; x_wconf 88' lang='lat' dir='ltr'>per-</span> 
     </span>
     <span class='ocr_line' id='line_1_61' title="bbox 1023 839 1798 879; baseline 0.005 -13"><span class='ocrx_word' id='word_1_358' title='bbox 1023 839 1145 869; x_wconf 79' lang='lat' dir='ltr'>transit.</span> <span class='ocrx_word' id='word_1_359' title='bbox 1157 839 1193 869; x_wconf 71' lang='lat' dir='ltr'>Et</span> <span class='ocrx_word' id='word_1_360' title='bbox 1202 840 1270 870; x_wconf 79' lang='lat' dir='ltr'>ideo</span> <span class='ocrx_word' id='word_1_361' title='bbox 1278 839 1366 869; x_wconf 82' lang='lat' dir='ltr'>aliter</span> <span class='ocrx_word' id='word_1_362' title='bbox 1375 839 1635 878; x_wconf 77' lang='lat' dir='ltr'>distinguendum</span> <span class='ocrx_word' id='word_1_363' title='bbox 1647 842 1703 877; x_wconf 83' lang='lat' dir='ltr'>est,</span> <span class='ocrx_word' id='word_1_364' title='bbox 1715 840 1798 879; x_wconf 84' lang='lat' dir='ltr'>quod</span> 
     </span>
     <span class='ocr_line' id='line_1_62' title="bbox 1023 891 1799 933; baseline 0.003 -12"><span class='ocrx_word' id='word_1_365' title='bbox 1023 891 1129 931; x_wconf 68' lang='lat' dir='ltr'>aliqui</span> <span class='ocrx_word' id='word_1_366' title='bbox 1150 893 1274 930; x_wconf 82' lang='lat' dir='ltr'>mulier,</span> <span class='ocrx_word' id='word_1_367' title='bbox 1293 893 1344 923; x_wconf 82' lang='lat' dir='ltr'>vei</span> <span class='ocrx_word' id='word_1_368' title='bbox 1359 893 1474 933; x_wconf 81' lang='lat' dir='ltr'>aiiquis</span> <span class='ocrx_word' id='word_1_369' title='bbox 1489 893 1538 923; x_wconf 90' lang='lat' dir='ltr'>vir</span> <span class='ocrx_word' id='word_1_370' title='bbox 1558 895 1658 933; x_wconf 85' lang='lat' dir='ltr'>potest</span> <span class='ocrx_word' id='word_1_371' title='bbox 1673 895 1799 923; x_wconf 80' lang='lat' dir='ltr'>contra-</span> 
     </span>
     <span class='ocr_line' id='line_1_63' title="bbox 1023 944 1798 986; baseline 0.003 -12"><span class='ocrx_word' id='word_1_372' title='bbox 1023 944 1097 975; x_wconf 77' lang='lat' dir='ltr'>here</span> <span class='ocrx_word' id='word_1_373' title='bbox 1107 947 1330 984; x_wconf 79' lang='lat' dir='ltr'>cognationem</span> <span class='ocrx_word' id='word_1_374' title='bbox 1339 946 1549 986; x_wconf 85' lang='lat' dir='ltr'>spiritualem,</span> <span class='ocrx_word' id='word_1_375' title='bbox 1561 949 1614 977; x_wconf 83' lang='lat' dir='ltr'>aut</span> <span class='ocrx_word' id='word_1_376' title='bbox 1626 955 1681 986; x_wconf 90' lang='lat' dir='ltr'>per</span> <span class='ocrx_word' id='word_1_377' title='bbox 1693 949 1798 977; x_wconf 89' lang='lat' dir='ltr'>actum</span> 
     </span>
     <span class='ocr_line' id='line_1_64' title="bbox 1022 999 1800 1039; baseline 0.005 -13"><span class='ocrx_word' id='word_1_378' title='bbox 1022 1006 1128 1035; x_wconf 84' lang='lat' dir='ltr'>suum,</span> <span class='ocrx_word' id='word_1_379' title='bbox 1146 1001 1201 1028; x_wconf 86' lang='lat' dir='ltr'>aut</span> <span class='ocrx_word' id='word_1_380' title='bbox 1216 1008 1271 1038; x_wconf 85' lang='lat' dir='ltr'>per</span> <span class='ocrx_word' id='word_1_381' title='bbox 1281 1002 1387 1029; x_wconf 83' lang='lat' dir='ltr'>actum</span> <span class='ocrx_word' id='word_1_382' title='bbox 1401 999 1540 1037; x_wconf 76' lang='grc'><strong>01101105,</strong></span> <span class='ocrx_word' id='word_1_383' title='bbox 1556 1002 1611 1029; x_wconf 86' lang='lat' dir='ltr'>aut</span> <span class='ocrx_word' id='word_1_384' title='bbox 1626 999 1700 1039; x_wconf 85' lang='lat' dir='ltr'>quia</span> <span class='ocrx_word' id='word_1_385' title='bbox 1716 999 1800 1033; x_wconf 83' lang='lat' dir='ltr'>levat</span> 
     </span>
    </p>
   </div>
   <div class='ocr_carea' id='block_1_10' title="bbox 1022 1049 1803 1093">
    <p class='ocr_par' dir='ltr' id='par_1_15' title="bbox 1022 1049 1803 1093">
     <span class='ocr_line' id='line_1_65' title="bbox 1022 1049 1803 1093; baseline 0.005 -14"><span class='ocrx_word' id='word_1_386' title='bbox 1022 1049 1152 1081; x_wconf 80' lang='lat' dir='ltr'>alterius</span> <span class='ocrx_word' id='word_1_387' title='bbox 1173 1052 1273 1081; x_wconf 77' lang='lat' dir='ltr'>filiuni</span> <span class='ocrx_word' id='word_1_388' title='bbox 1284 1076 1292 1089; x_wconf 90' lang='lat'>,</span> <span class='ocrx_word' id='word_1_389' title='bbox 1314 1055 1368 1082; x_wconf 82' lang='lat' dir='ltr'>aut</span> <span class='ocrx_word' id='word_1_390' title='bbox 1383 1052 1459 1092; x_wconf 86' lang='lat' dir='ltr'>quia</span> <span class='ocrx_word' id='word_1_391' title='bbox 1478 1053 1604 1083; x_wconf 79' lang='lat' dir='ltr'>levatur</span> <span class='ocrx_word' id='word_1_392' title='bbox 1619 1054 1686 1093; x_wconf 78' lang='lat' dir='ltr'>ejus</span> <span class='ocrx_word' id='word_1_393' title='bbox 1701 1053 1803 1090; x_wconf 52' lang='lat' dir='ltr'>filius,</span> 
     </span>
    </p>
   </div>
   <div class='ocr_carea' id='block_1_11' title="bbox 1019 1103 1798 2050">
    <p class='ocr_par' dir='ltr' id='par_1_16' title="bbox 1019 1103 1798 2050">
     <span class='ocr_line' id='line_1_66' title="bbox 1022 1103 1796 1143; baseline 0.005 -10"><span class='ocrx_word' id='word_1_394' title='bbox 1022 1103 1054 1133; x_wconf 89' lang='lat' dir='ltr'>Si</span> <span class='ocrx_word' id='word_1_395' title='bbox 1068 1113 1123 1143; x_wconf 84' lang='lat' dir='ltr'>per</span> <span class='ocrx_word' id='word_1_396' title='bbox 1138 1107 1243 1135; x_wconf 82' lang='lat' dir='ltr'>actum</span> <span class='ocrx_word' id='word_1_397' title='bbox 1261 1105 1405 1143; x_wconf 84' lang='lat' dir='ltr'>alterius,</span> <span class='ocrx_word' id='word_1_398' title='bbox 1424 1107 1466 1136; x_wconf 75' lang='lat' dir='ltr'>sic</span> <span class='ocrx_word' id='word_1_399' title='bbox 1484 1106 1571 1136; x_wconf 89' lang='grc'><strong>00110</strong></span> <span class='ocrx_word' id='word_1_400' title='bbox 1587 1107 1679 1137; x_wconf 87' lang='lat' dir='ltr'>modo</span> <span class='ocrx_word' id='word_1_401' title='bbox 1693 1109 1796 1137; x_wconf 83' lang='lat' dir='ltr'>trans-</span> 
     </span>
     <span class='ocr_line' id='line_1_67' title="bbox 1022 1157 1798 1199; baseline 0.005 -13"><span class='ocrx_word' id='word_1_402' title='bbox 1022 1157 1061 1194; x_wconf 80' lang='lat' dir='ltr'>it,</span> <span class='ocrx_word' id='word_1_403' title='bbox 1085 1167 1143 1187; x_wconf 70' lang='grc'>000</span> <span class='ocrx_word' id='word_1_404' title='bbox 1171 1159 1436 1189; x_wconf 74' lang='lat' dir='ltr'>communicatur.</span> <span class='ocrx_word' id='word_1_405' title='bbox 1463 1159 1495 1189; x_wconf 86' lang='lat' dir='ltr'>Si</span> <span class='ocrx_word' id='word_1_406' title='bbox 1516 1169 1571 1198; x_wconf 88' lang='lat' dir='ltr'>per</span> <span class='ocrx_word' id='word_1_407' title='bbox 1595 1162 1701 1190; x_wconf 85' lang='lat' dir='ltr'>actum</span> <span class='ocrx_word' id='word_1_408' title='bbox 1722 1169 1798 1199; x_wconf 89' lang='lat' dir='ltr'>pro-</span> 
     </span>
     <span class='ocr_line' id='line_1_68' title="bbox 1022 1211 1795 1253; baseline 0.005 -14"><span class='ocrx_word' id='word_1_409' title='bbox 1022 1211 1140 1249; x_wconf 85' lang='lat' dir='ltr'>prium,</span> <span class='ocrx_word' id='word_1_410' title='bbox 1153 1214 1207 1241; x_wconf 88' lang='lat' dir='ltr'>aut</span> <span class='ocrx_word' id='word_1_411' title='bbox 1223 1214 1294 1241; x_wconf 84' lang='lat' dir='ltr'>ante</span> <span class='ocrx_word' id='word_1_412' title='bbox 1305 1212 1461 1242; x_wconf 81' lang='lat' dir='ltr'>carnalem</span> <span class='ocrx_word' id='word_1_413' title='bbox 1479 1213 1635 1252; x_wconf 83' lang='lat' dir='ltr'>copulam,</span> <span class='ocrx_word' id='word_1_414' title='bbox 1649 1215 1704 1243; x_wconf 83' lang='lat' dir='ltr'>aut</span> <span class='ocrx_word' id='word_1_415' title='bbox 1716 1215 1795 1253; x_wconf 86' lang='lat' dir='ltr'>post.</span> 
     </span>
     <span class='ocr_line' id='line_1_69' title="bbox 1023 1263 1793 1304; baseline 0.004 -11"><span class='ocrx_word' id='word_1_416' title='bbox 1023 1263 1055 1293; x_wconf 82' lang='lat' dir='ltr'>Si</span> <span class='ocrx_word' id='word_1_417' title='bbox 1069 1266 1150 1299; x_wconf 84' lang='lat' dir='ltr'>ante,</span> <span class='ocrx_word' id='word_1_418' title='bbox 1169 1266 1242 1294; x_wconf 86' lang='lat' dir='ltr'>tunc</span> <span class='ocrx_word' id='word_1_419' title='bbox 1253 1274 1317 1294; x_wconf 86' lang='grc'>000</span> <span class='ocrx_word' id='word_1_420' title='bbox 1328 1266 1450 1304; x_wconf 77' lang='lat' dir='ltr'>transit,</span> <span class='ocrx_word' id='word_1_421' title='bbox 1463 1275 1519 1296; x_wconf 89' lang='lat' dir='ltr'>nec</span> <span class='ocrx_word' id='word_1_422' title='bbox 1531 1266 1793 1304; x_wconf 84' lang='lat' dir='ltr'>communicatur,</span> 
     </span>
     <span class='ocr_line' id='line_1_70' title="bbox 1022 1317 1794 1359; baseline 0.004 -13"><span class='ocrx_word' id='word_1_423' title='bbox 1022 1317 1097 1356; x_wconf 89' lang='lat' dir='ltr'>quia</span> <span class='ocrx_word' id='word_1_424' title='bbox 1125 1326 1180 1356; x_wconf 88' lang='lat' dir='ltr'>per</span> <span class='ocrx_word' id='word_1_425' title='bbox 1211 1318 1361 1348; x_wconf 86' lang='lat' dir='ltr'>unionem</span> <span class='ocrx_word' id='word_1_426' title='bbox 1390 1319 1493 1349; x_wconf 86' lang='lat' dir='ltr'>carnis</span> <span class='ocrx_word' id='word_1_427' title='bbox 1521 1321 1703 1359; x_wconf 82' lang='lat' dir='ltr'>sequentem</span> <span class='ocrx_word' id='word_1_428' title='bbox 1732 1329 1794 1350; x_wconf 90' lang='lat' dir='ltr'>non</span> 
     </span>
     <span class='ocr_line' id='line_1_71' title="bbox 1022 1371 1792 1411; baseline 0.004 -11"><span class='ocrx_word' id='word_1_429' title='bbox 1022 1371 1175 1401; x_wconf 86' lang='lat' dir='ltr'>transitur</span> <span class='ocrx_word' id='word_1_430' title='bbox 1189 1371 1226 1401; x_wconf 79' lang='lat' dir='ltr'>ad</span> <span class='ocrx_word' id='word_1_431' title='bbox 1242 1372 1391 1402; x_wconf 89' lang='lat' dir='ltr'>unionem</span> <span class='ocrx_word' id='word_1_432' title='bbox 1407 1373 1535 1411; x_wconf 88' lang='lat' dir='ltr'>spiritus</span> <span class='ocrx_word' id='word_1_433' title='bbox 1552 1372 1792 1411; x_wconf 64' lang='lat' dir='ltr'>praecedentem.</span> 
     </span>
     <span class='ocr_line' id='line_1_72' title="bbox 1023 1424 1795 1456; baseline 0.003 -2"><span class='ocrx_word' id='word_1_434' title='bbox 1023 1424 1061 1454; x_wconf 85' lang='lat' dir='ltr'>Et</span> <span class='ocrx_word' id='word_1_435' title='bbox 1082 1425 1115 1454; x_wconf 89' lang='grc'>10</span> <span class='ocrx_word' id='word_1_436' title='bbox 1134 1425 1184 1455; x_wconf 86' lang='lat' dir='ltr'>his</span> <span class='ocrx_word' id='word_1_437' title='bbox 1205 1425 1328 1455; x_wconf 86' lang='lat' dir='ltr'>duobus</span> <span class='ocrx_word' id='word_1_438' title='bbox 1348 1426 1473 1455; x_wconf 82' lang='lat' dir='ltr'>casibus</span> <span class='ocrx_word' id='word_1_439' title='bbox 1489 1425 1561 1456; x_wconf 87' lang='lat' dir='ltr'>licet</span> <span class='ocrx_word' id='word_1_440' title='bbox 1581 1426 1698 1456; x_wconf 75' lang='lat' dir='ltr'>habere</span> <span class='ocrx_word' id='word_1_441' title='bbox 1717 1426 1795 1456; x_wconf 87' lang='lat' dir='ltr'>duas</span> 
     </span>
     <span class='ocr_line' id='line_1_73' title="bbox 1022 1478 1794 1519; baseline 0.004 -13"><span class='ocrx_word' id='word_1_442' title='bbox 1022 1480 1221 1508; x_wconf 69' lang='lat' dir='ltr'>commatres</span> <span class='ocrx_word' id='word_1_443' title='bbox 1250 1478 1281 1509; x_wconf 92' lang='lat' dir='ltr'>Si</span> <span class='ocrx_word' id='word_1_444' title='bbox 1312 1488 1388 1509; x_wconf 89' lang='lat' dir='ltr'>vero</span> <span class='ocrx_word' id='word_1_445' title='bbox 1416 1488 1472 1518; x_wconf 87' lang='lat' dir='ltr'>per</span> <span class='ocrx_word' id='word_1_446' title='bbox 1497 1481 1601 1509; x_wconf 86' lang='lat' dir='ltr'>actum</span> <span class='ocrx_word' id='word_1_447' title='bbox 1628 1479 1794 1519; x_wconf 86' lang='lat' dir='ltr'>proprium</span> 
     </span>
     <span class='ocr_line' id='line_1_74' title="bbox 1021 1530 1795 1571; baseline 0.004 -12"><span class='ocrx_word' id='word_1_448' title='bbox 1021 1530 1179 1560; x_wconf 83' lang='lat' dir='ltr'>contrahit</span> <span class='ocrx_word' id='word_1_449' title='bbox 1193 1534 1262 1570; x_wconf 88' lang='lat' dir='ltr'>post</span> <span class='ocrx_word' id='word_1_450' title='bbox 1273 1532 1431 1562; x_wconf 82' lang='lat' dir='ltr'>carnalem</span> <span class='ocrx_word' id='word_1_451' title='bbox 1444 1532 1600 1571; x_wconf 73' lang='lat' dir='ltr'>copulam,</span> <span class='ocrx_word' id='word_1_452' title='bbox 1617 1541 1690 1562; x_wconf 87' lang='lat' dir='ltr'>cum</span> <span class='ocrx_word' id='word_1_453' title='bbox 1704 1532 1753 1562; x_wconf 90' lang='lat' dir='ltr'>vir</span> <span class='ocrx_word' id='word_1_454' title='bbox 1765 1535 1795 1563; x_wconf 89' lang='lat' dir='ltr'>et</span> 
     </span>
     <span class='ocr_line' id='line_1_75' title="bbox 1022 1583 1792 1625; baseline 0.005 -13"><span class='ocrx_word' id='word_1_455' title='bbox 1022 1583 1136 1613; x_wconf 85' lang='lat' dir='ltr'>mulier</span> <span class='ocrx_word' id='word_1_456' title='bbox 1154 1583 1218 1614; x_wconf 88' lang='lat' dir='ltr'>siut</span> <span class='ocrx_word' id='word_1_457' title='bbox 1236 1594 1302 1614; x_wconf 81' lang='lat' dir='ltr'>nna</span> <span class='ocrx_word' id='word_1_458' title='bbox 1322 1594 1394 1615; x_wconf 82' lang='lat' dir='ltr'>caro</span> <span class='ocrx_word' id='word_1_459' title='bbox 1415 1587 1445 1615; x_wconf 87' lang='lat' dir='ltr'>et</span> <span class='ocrx_word' id='word_1_460' title='bbox 1464 1594 1566 1615; x_wconf 89' lang='lat' dir='ltr'>uuum</span> <span class='ocrx_word' id='word_1_461' title='bbox 1590 1585 1792 1625; x_wconf 77' lang='lat' dir='ltr'>principium,</span> 
     </span>
     <span class='ocr_line' id='line_1_76' title="bbox 1020 1636 1792 1675; baseline 0.004 -10"><span class='ocrx_word' id='word_1_462' title='bbox 1020 1636 1160 1675; x_wconf 85' lang='lat' dir='ltr'>operatio</span> <span class='ocrx_word' id='word_1_463' title='bbox 1181 1637 1247 1667; x_wconf 91' lang='lat' dir='ltr'>sive</span> <span class='ocrx_word' id='word_1_464' title='bbox 1268 1638 1348 1668; x_wconf 82' lang='lat' dir='ltr'>actio</span> <span class='ocrx_word' id='word_1_465' title='bbox 1372 1638 1468 1668; x_wconf 83' lang='lat' dir='ltr'>unius</span> <span class='ocrx_word' id='word_1_466' title='bbox 1487 1638 1576 1668; x_wconf 81' lang='lat' dir='ltr'>alteri</span> <span class='ocrx_word' id='word_1_467' title='bbox 1597 1638 1792 1675; x_wconf 84' lang='lat' dir='ltr'>attribuitur,</span> 
     </span>
     <span class='ocr_line' id='line_1_77' title="bbox 1020 1689 1794 1722; baseline 0.003 -3"><span class='ocrx_word' id='word_1_468' title='bbox 1020 1691 1049 1719; x_wconf 86' lang='lat' dir='ltr'>et</span> <span class='ocrx_word' id='word_1_469' title='bbox 1073 1690 1106 1719; x_wconf 87' lang='lat' dir='ltr'>in</span> <span class='ocrx_word' id='word_1_470' title='bbox 1126 1689 1186 1720; x_wconf 87' lang='lat' dir='ltr'>hoc</span> <span class='ocrx_word' id='word_1_471' title='bbox 1205 1699 1279 1720; x_wconf 81' lang='lat' dir='ltr'>casu</span> <span class='ocrx_word' id='word_1_472' title='bbox 1298 1700 1362 1721; x_wconf 90' lang='grc'><strong>1100</strong></span> <span class='ocrx_word' id='word_1_473' title='bbox 1384 1691 1456 1721; x_wconf 85' lang='grc'><strong>11001</strong></span> <span class='ocrx_word' id='word_1_474' title='bbox 1474 1691 1591 1721; x_wconf 85' lang='lat' dir='ltr'>habere</span> <span class='ocrx_word' id='word_1_475' title='bbox 1610 1691 1688 1721; x_wconf 88' lang='lat' dir='ltr'>duas</span> <span class='ocrx_word' id='word_1_476' title='bbox 1706 1700 1794 1722; x_wconf 84' lang='lat' dir='ltr'>com-</span> 
     </span>
     <span class='ocr_line' id='line_1_78' title="bbox 1021 1743 1792 1784; baseline 0.006 -12"><span class='ocrx_word' id='word_1_477' title='bbox 1021 1746 1136 1773; x_wconf 75' lang='lat' dir='ltr'>matres</span> <span class='ocrx_word' id='word_1_478' title='bbox 1157 1743 1346 1782; x_wconf 60' lang='lat' dir='ltr'>OExtrmag</span> <span class='ocrx_word' id='word_1_479' title='bbox 1365 1743 1403 1775; x_wconf 78' lang='lat' dir='ltr'>de</span> <span class='ocrx_word' id='word_1_480' title='bbox 1417 1745 1599 1783; x_wconf 70' lang='lat' dir='ltr'>coqnacione</span> <span class='ocrx_word' id='word_1_481' title='bbox 1612 1746 1792 1784; x_wconf 74' lang='lat' dir='ltr'>spirituali,</span> 
     </span>
     <span class='ocr_line' id='line_1_79' title="bbox 1020 1797 1791 1839; baseline 0.003 -12"><span class='ocrx_word' id='word_1_482' title='bbox 1020 1806 1046 1826; x_wconf 78' lang='lat' dir='ltr'>c.</span> <span class='ocrx_word' id='word_1_483' title='bbox 1064 1797 1225 1828; x_wconf 74' lang='lat' dir='ltr'>Martinus</span> <span class='ocrx_word' id='word_1_484' title='bbox 1236 1798 1384 1836; x_wconf 66' lang='lat' dir='ltr'>Berconi).</span> <span class='ocrx_word' id='word_1_485' title='bbox 1397 1798 1432 1828; x_wconf 84' lang='lat' dir='ltr'>Et</span> <span class='ocrx_word' id='word_1_486' title='bbox 1447 1799 1526 1829; x_wconf 80' lang='lat' dir='ltr'>ratio</span> <span class='ocrx_word' id='word_1_487' title='bbox 1539 1799 1636 1838; x_wconf 75' lang='lat' dir='ltr'>huJus</span> <span class='ocrx_word' id='word_1_488' title='bbox 1650 1800 1791 1839; x_wconf 82' lang='lat' dir='ltr'>assigna-</span> 
     </span>
     <span class='ocr_line' id='line_1_80' title="bbox 1019 1850 1793 1890; baseline 0.005 -11"><span class='ocrx_word' id='word_1_489' title='bbox 1019 1852 1072 1880; x_wconf 88' lang='lat' dir='ltr'>tur</span> <span class='ocrx_word' id='word_1_490' title='bbox 1086 1850 1191 1880; x_wconf 82' lang='lat' dir='ltr'>unitas</span> <span class='ocrx_word' id='word_1_491' title='bbox 1206 1851 1351 1890; x_wconf 87' lang='lat' dir='ltr'>principii</span> <span class='ocrx_word' id='word_1_492' title='bbox 1365 1861 1372 1881; x_wconf 94' lang='lat'><strong>:</strong></span> <span class='ocrx_word' id='word_1_493' title='bbox 1385 1853 1415 1881; x_wconf 87' lang='lat' dir='ltr'>et</span> <span class='ocrx_word' id='word_1_494' title='bbox 1429 1851 1472 1881; x_wconf 77' lang='lat' dir='ltr'>sic</span> <span class='ocrx_word' id='word_1_495' title='bbox 1487 1852 1658 1883; x_wconf 86' lang='lat' dir='ltr'>solvuntur</span> <span class='ocrx_word' id='word_1_496' title='bbox 1672 1855 1793 1883; x_wconf 84' lang='lat' dir='ltr'>eontra-</span> 
     </span>
     <span class='ocr_line' id='line_1_81' title="bbox 1019 1903 1788 1936; baseline 0.005 -4"><span class='ocrx_word' id='word_1_497' title='bbox 1019 1903 1155 1933; x_wconf 78' lang='lat' dir='ltr'>rietates.</span> <span class='ocrx_word' id='word_1_498' title='bbox 1173 1903 1209 1933; x_wconf 88' lang='lat' dir='ltr'>Et</span> <span class='ocrx_word' id='word_1_499' title='bbox 1219 1903 1288 1934; x_wconf 82' lang='lat' dir='ltr'>haec</span> <span class='ocrx_word' id='word_1_500' title='bbox 1302 1903 1504 1934; x_wconf 87' lang='lat' dir='ltr'>continentur</span> <span class='ocrx_word' id='word_1_501' title='bbox 1514 1904 1546 1934; x_wconf 89' lang='lat' dir='ltr'>in</span> <span class='ocrx_word' id='word_1_502' title='bbox 1561 1904 1609 1934; x_wconf 90' lang='lat' dir='ltr'>his</span> <span class='ocrx_word' id='word_1_503' title='bbox 1622 1906 1768 1936; x_wconf 87' lang='lat' dir='ltr'>versibus</span> <span class='ocrx_word' id='word_1_504' title='bbox 1782 1917 1788 1936; x_wconf 79' lang='lat' dir='ltr'>z</span> 
     </span>
     <span class='ocr_line' id='line_1_82' title="bbox 1050 1982 1729 2015; baseline 0.006 -9"><span class='ocrx_word' id='word_1_505' title='bbox 1050 1983 1111 2011; x_wconf 72' lang='lat' dir='ltr'>Quae</span> <span class='ocrx_word' id='word_1_506' title='bbox 1126 1982 1188 2006; x_wconf 89' lang='lat' dir='ltr'>mihi</span> <span class='ocrx_word' id='word_1_507' title='bbox 1200 2003 1204 2011; x_wconf 86' lang='grc'><strong>,</strong></span> <span class='ocrx_word' id='word_1_508' title='bbox 1223 1983 1262 2006; x_wconf 81' lang='lat' dir='ltr'>vel</span> <span class='ocrx_word' id='word_1_509' title='bbox 1277 1983 1350 2015; x_wconf 83' lang='lat' dir='ltr'>cujus</span> <span class='ocrx_word' id='word_1_510' title='bbox 1363 1990 1421 2007; x_wconf 83' lang='lat' dir='ltr'>mea</span> <span class='ocrx_word' id='word_1_511' title='bbox 1434 1986 1522 2008; x_wconf 83' lang='lat' dir='ltr'>natum</span> <span class='ocrx_word' id='word_1_512' title='bbox 1535 1985 1605 2009; x_wconf 87' lang='lat' dir='ltr'>fonte</span> <span class='ocrx_word' id='word_1_513' title='bbox 1619 1985 1729 2015; x_wconf 83' lang='lat' dir='ltr'>levavit,</span> 
     </span>
     <span class='ocr_line' id='line_1_83' title="bbox 1051 2019 1766 2050; baseline 0.007 -9"><span class='ocrx_word' id='word_1_514' title='bbox 1051 2019 1109 2041; x_wconf 75' lang='lat' dir='ltr'>Haec</span> <span class='ocrx_word' id='word_1_515' title='bbox 1125 2025 1181 2041; x_wconf 79' lang='lat' dir='ltr'>inea</span> <span class='ocrx_word' id='word_1_516' title='bbox 1192 2020 1345 2048; x_wconf 79' lang='lat' dir='ltr'>commater,</span> <span class='ocrx_word' id='word_1_517' title='bbox 1362 2019 1416 2043; x_wconf 86' lang='lat' dir='ltr'>fieri</span> <span class='ocrx_word' id='word_1_518' title='bbox 1428 2027 1486 2043; x_wconf 82' lang='lat' dir='ltr'>mea</span> <span class='ocrx_word' id='word_1_519' title='bbox 1503 2020 1532 2050; x_wconf 78' lang='lat' dir='ltr'>(b)</span> <span class='ocrx_word' id='word_1_520' title='bbox 1550 2027 1603 2044; x_wconf 87' lang='lat' dir='ltr'>non</span> <span class='ocrx_word' id='word_1_521' title='bbox 1613 2021 1681 2045; x_wconf 84' lang='lat' dir='ltr'>valet</span> <span class='ocrx_word' id='word_1_522' title='bbox 1692 2029 1766 2046; x_wconf 89' lang='lat' dir='ltr'>uxor.</span> 
     </span>
    </p>
   </div>
   <div class='ocr_carea' id='block_1_12' title="bbox 1048 2053 1757 2120">
    <p class='ocr_par' dir='ltr' id='par_1_17' title="bbox 1048 2053 1757 2120">
     <span class='ocr_line' id='line_1_84' title="bbox 1048 2053 1696 2087; baseline 0.005 -10"><span class='ocrx_word' id='word_1_523' title='bbox 1048 2053 1072 2077; x_wconf 84' lang='lat' dir='ltr'>Si</span> <span class='ocrx_word' id='word_1_524' title='bbox 1087 2061 1136 2084; x_wconf 86' lang='lat' dir='ltr'>qua</span> <span class='ocrx_word' id='word_1_525' title='bbox 1150 2061 1214 2077; x_wconf 70' lang='lat' dir='ltr'>inere</span> <span class='ocrx_word' id='word_1_526' title='bbox 1228 2056 1316 2078; x_wconf 85' lang='lat' dir='ltr'>natum</span> <span class='ocrx_word' id='word_1_527' title='bbox 1332 2062 1384 2078; x_wconf 91' lang='lat' dir='ltr'>non</span> <span class='ocrx_word' id='word_1_528' title='bbox 1397 2062 1428 2078; x_wconf 82' lang='lat' dir='ltr'>ex</span> <span class='ocrx_word' id='word_1_529' title='bbox 1445 2062 1486 2079; x_wconf 86' lang='lat' dir='ltr'>me</span> <span class='ocrx_word' id='word_1_530' title='bbox 1500 2055 1568 2079; x_wconf 81' lang='lat' dir='ltr'>fonte</span> <span class='ocrx_word' id='word_1_531' title='bbox 1584 2056 1677 2080; x_wconf 81' lang='lat' dir='ltr'>levavit</span> <span class='ocrx_word' id='word_1_532' title='bbox 1690 2076 1696 2087; x_wconf 89' lang='lat'>,</span> 
     </span>
     <span class='ocr_line' id='line_1_85' title="bbox 1049 2090 1757 2120; baseline 0.008 -8"><span class='ocrx_word' id='word_1_533' title='bbox 1049 2090 1119 2113; x_wconf 85' lang='lat' dir='ltr'>Hanc</span> <span class='ocrx_word' id='word_1_534' title='bbox 1134 2092 1191 2120; x_wconf 81' lang='lat' dir='ltr'>post</span> <span class='ocrx_word' id='word_1_535' title='bbox 1205 2090 1256 2113; x_wconf 85' lang='lat' dir='ltr'>fata</span> <span class='ocrx_word' id='word_1_536' title='bbox 1267 2097 1331 2114; x_wconf 76' lang='lat' dir='ltr'>meae</span> <span class='ocrx_word' id='word_1_537' title='bbox 1347 2091 1375 2120; x_wconf 77' lang='lat' dir='ltr'>(c)</span> <span class='ocrx_word' id='word_1_538' title='bbox 1392 2097 1444 2114; x_wconf 87' lang='lat' dir='ltr'>non</span> <span class='ocrx_word' id='word_1_539' title='bbox 1460 2091 1518 2114; x_wconf 87' lang='lat' dir='ltr'>inde</span> <span class='ocrx_word' id='word_1_540' title='bbox 1532 2092 1639 2116; x_wconf 82' lang='lat' dir='ltr'>vetabor</span> <span class='ocrx_word' id='word_1_541' title='bbox 1653 2093 1757 2119; x_wconf 82' lang='lat' dir='ltr'>habere.</span> 
     </span>
    </p>
   </div>
   <div class='ocr_carea' id='block_1_13' title="bbox 1015 2171 1789 2587">
    <p class='ocr_par' dir='ltr' id='par_1_18' title="bbox 1015 2171 1789 2318">
     <span class='ocr_line' id='line_1_86' title="bbox 1017 2171 1789 2213; baseline 0.006 -12"><span class='ocrx_word' id='word_1_542' title='bbox 1017 2171 1256 2202; x_wconf 82' lang='lat' dir='ltr'>Concedendum</span> <span class='ocrx_word' id='word_1_543' title='bbox 1270 2181 1348 2211; x_wconf 83' lang='lat' dir='ltr'>ergo</span> <span class='ocrx_word' id='word_1_544' title='bbox 1360 2173 1444 2212; x_wconf 85' lang='lat' dir='ltr'>quod</span> <span class='ocrx_word' id='word_1_545' title='bbox 1455 2173 1561 2213; x_wconf 80' lang='lat' dir='ltr'>aliquo</span> <span class='ocrx_word' id='word_1_546' title='bbox 1572 2174 1666 2205; x_wconf 88' lang='lat' dir='ltr'>modo</span> <span class='ocrx_word' id='word_1_547' title='bbox 1676 2175 1789 2206; x_wconf 83' lang='lat' dir='ltr'>transit</span> 
     </span>
     <span class='ocr_line' id='line_1_87' title="bbox 1015 2225 1786 2266; baseline 0.006 -12"><span class='ocrx_word' id='word_1_548' title='bbox 1015 2225 1054 2254; x_wconf 91' lang='lat' dir='ltr'>ab</span> <span class='ocrx_word' id='word_1_549' title='bbox 1069 2234 1169 2255; x_wconf 81' lang='lat' dir='ltr'>uxore</span> <span class='ocrx_word' id='word_1_550' title='bbox 1187 2225 1219 2254; x_wconf 93' lang='lat' dir='ltr'>in</span> <span class='ocrx_word' id='word_1_551' title='bbox 1235 2225 1358 2263; x_wconf 87' lang='lat' dir='ltr'>virum,</span> <span class='ocrx_word' id='word_1_552' title='bbox 1376 2226 1447 2256; x_wconf 87' lang='grc'><strong>11001</strong></span> <span class='ocrx_word' id='word_1_553' title='bbox 1463 2226 1580 2266; x_wconf 66' lang='lat' dir='ltr'>aliquae</span> <span class='ocrx_word' id='word_1_554' title='bbox 1594 2228 1732 2259; x_wconf 83' lang='lat' dir='ltr'>rationes</span> <span class='ocrx_word' id='word_1_555' title='bbox 1748 2228 1786 2259; x_wconf 90' lang='lat' dir='ltr'>ad</span> 
     </span>
     <span class='ocr_line' id='line_1_88' title="bbox 1016 2277 1503 2318; baseline 0.006 -11"><span class='ocrx_word' id='word_1_556' title='bbox 1016 2277 1075 2307; x_wconf 89' lang='lat' dir='ltr'>hoc</span> <span class='ocrx_word' id='word_1_557' title='bbox 1089 2277 1226 2308; x_wconf 78' lang='lat' dir='ltr'>inductae</span> <span class='ocrx_word' id='word_1_558' title='bbox 1241 2279 1302 2309; x_wconf 87' lang='lat' dir='ltr'>sint</span> <span class='ocrx_word' id='word_1_559' title='bbox 1314 2279 1503 2318; x_wconf 65' lang='lat' dir='ltr'>sophisticae.</span> 
     </span>
    </p>

    <p class='ocr_par' dir='ltr' id='par_1_19' title="bbox 1015 2331 1786 2481">
     <span class='ocr_line' id='line_1_89' title="bbox 1056 2331 1784 2372; baseline 0.008 -12"><span class='ocrx_word' id='word_1_560' title='bbox 1056 2334 1070 2360; x_wconf 85' lang='lat'><strong>1</strong></span> <span class='ocrx_word' id='word_1_561' title='bbox 1089 2332 1119 2361; x_wconf 87' lang='lat' dir='ltr'>et</span> <span class='ocrx_word' id='word_1_562' title='bbox 1135 2333 1163 2361; x_wconf 72' lang='lat'>2.</span> <span class='ocrx_word' id='word_1_563' title='bbox 1184 2331 1231 2361; x_wconf 86' lang='lat' dir='ltr'>Ad</span> <span class='ocrx_word' id='word_1_564' title='bbox 1251 2331 1329 2362; x_wconf 86' lang='grc'><strong>11100</strong></span> <span class='ocrx_word' id='word_1_565' title='bbox 1350 2332 1434 2371; x_wconf 87' lang='lat' dir='ltr'>quod</span> <span class='ocrx_word' id='word_1_566' title='bbox 1451 2333 1598 2372; x_wconf 89' lang='lat' dir='ltr'>objicitur</span> <span class='ocrx_word' id='word_1_567' title='bbox 1612 2334 1646 2364; x_wconf 93' lang='lat' dir='ltr'>in</span> <span class='ocrx_word' id='word_1_568' title='bbox 1661 2337 1784 2365; x_wconf 86' lang='lat' dir='ltr'>contra-</span> 
     </span>
     <span class='ocr_line' id='line_1_90' title="bbox 1016 2383 1786 2426; baseline 0.009 -14"><span class='ocrx_word' id='word_1_569' title='bbox 1016 2383 1112 2420; x_wconf 84' lang='lat' dir='ltr'>rium,</span> <span class='ocrx_word' id='word_1_570' title='bbox 1125 2385 1194 2423; x_wconf 57' lang='grc'><strong>3010</strong></span> <span class='ocrx_word' id='word_1_571' title='bbox 1206 2386 1289 2423; x_wconf 86' lang='lat' dir='ltr'>patet</span> <span class='ocrx_word' id='word_1_572' title='bbox 1300 2386 1474 2425; x_wconf 86' lang='lat' dir='ltr'>responsio,</span> <span class='ocrx_word' id='word_1_573' title='bbox 1492 2387 1577 2426; x_wconf 89' lang='lat' dir='ltr'>quod</span> <span class='ocrx_word' id='word_1_574' title='bbox 1587 2388 1786 2419; x_wconf 82' lang='lat' dir='ltr'>auctoritates</span> 
     </span>
     <span class='ocr_line' id='line_1_91' title="bbox 1015 2438 1744 2481; baseline 0.008 -15"><span class='ocrx_word' id='word_1_575' title='bbox 1015 2439 1148 2467; x_wconf 87' lang='lat' dir='ltr'>currunt</span> <span class='ocrx_word' id='word_1_576' title='bbox 1161 2438 1335 2468; x_wconf 82' lang='lat' dir='ltr'>seeundum</span> <span class='ocrx_word' id='word_1_577' title='bbox 1354 2438 1422 2469; x_wconf 85' lang='lat' dir='ltr'>illas</span> <span class='ocrx_word' id='word_1_578' title='bbox 1437 2439 1515 2470; x_wconf 80' lang='lat' dir='ltr'>duas</span> <span class='ocrx_word' id='word_1_579' title='bbox 1532 2441 1597 2471; x_wconf 82' lang='lat' dir='ltr'>vias</span> <span class='ocrx_word' id='word_1_580' title='bbox 1612 2442 1744 2481; x_wconf 78' lang='lat' dir='ltr'>priores·</span> 
     </span>
    </p>

    <p class='ocr_par' dir='ltr' id='par_1_20' title="bbox 1015 2490 1784 2587">
     <span class='ocr_line' id='line_1_92' title="bbox 1055 2490 1783 2533; baseline 0.007 -13"><span class='ocrx_word' id='word_1_581' title='bbox 1055 2490 1102 2520; x_wconf 89' lang='lat' dir='ltr'>Ad</span> <span class='ocrx_word' id='word_1_582' title='bbox 1118 2490 1195 2521; x_wconf 89' lang='lat' dir='ltr'>illud</span> <span class='ocrx_word' id='word_1_583' title='bbox 1211 2491 1294 2531; x_wconf 83' lang='lat' dir='ltr'>quod</span> <span class='ocrx_word' id='word_1_584' title='bbox 1311 2492 1470 2532; x_wconf 87' lang='lat' dir='ltr'>objicitur,</span> <span class='ocrx_word' id='word_1_585' title='bbox 1487 2494 1572 2533; x_wconf 87' lang='lat' dir='ltr'>quod</span> <span class='ocrx_word' id='word_1_586' title='bbox 1587 2494 1783 2533; x_wconf 86' lang='lat' dir='ltr'>conjunctio-</span> 
     </span>
     <span class='ocr_line' id='line_1_93' title="bbox 1015 2545 1784 2587; baseline 0.008 -14"><span class='ocrx_word' id='word_1_587' title='bbox 1015 2552 1070 2573; x_wconf 86' lang='lat' dir='ltr'>nes</span> <span class='ocrx_word' id='word_1_588' title='bbox 1085 2546 1157 2574; x_wconf 89' lang='lat' dir='ltr'>sunt</span> <span class='ocrx_word' id='word_1_589' title='bbox 1173 2545 1304 2575; x_wconf 84' lang='lat' dir='ltr'>omnino</span> <span class='ocrx_word' id='word_1_590' title='bbox 1319 2545 1498 2585; x_wconf 67' lang='lat' dir='ltr'>disparatae,</span> <span class='ocrx_word' id='word_1_591' title='bbox 1515 2547 1681 2577; x_wconf 81' lang='lat' dir='ltr'>dicendum</span> <span class='ocrx_word' id='word_1_592' title='bbox 1701 2549 1784 2587; x_wconf 83' lang='lat' dir='ltr'>quod</span> 
     </span>
    </p>
   </div>
   <div class='ocr_carea' id='block_1_14' title="bbox 1016 2623 1785 2686">
    <p class='ocr_par' dir='ltr' id='par_1_21' title="bbox 1016 2623 1785 2686">
     <span class='ocr_line' id='line_1_94' title="bbox 1047 2623 1785 2655; baseline 0.009 -11"><span class='ocrx_word' id='word_1_593' title='bbox 1047 2624 1077 2653; x_wconf 76' lang='lat' dir='ltr'>(a)</span> <span class='ocrx_word' id='word_1_594' title='bbox 1094 2624 1144 2645; x_wconf 69' lang='lat' dir='ltr'>Coet</span> <span class='ocrx_word' id='word_1_595' title='bbox 1174 2623 1234 2646; x_wconf 70' lang='lat' dir='ltr'>edit.</span> <span class='ocrx_word' id='word_1_596' title='bbox 1255 2625 1387 2649; x_wconf 65' lang='lat' dir='ltr'>contrahit.</span> <span class='ocrx_word' id='word_1_597' title='bbox 1407 2639 1433 2642; x_wconf 85' lang='lat'>—</span> <span class='ocrx_word' id='word_1_598' title='bbox 1448 2626 1482 2655; x_wconf 68' lang='lat' dir='ltr'>(h)</span> <span class='ocrx_word' id='word_1_599' title='bbox 1503 2627 1561 2648; x_wconf 50' lang='lat' dir='ltr'>sept,</span> <span class='ocrx_word' id='word_1_600' title='bbox 1575 2625 1633 2648; x_wconf 71' lang='lat' dir='ltr'>edit.</span> <span class='ocrx_word' id='word_1_601' title='bbox 1652 2634 1706 2649; x_wconf 81' lang='grc'><strong>11100</strong></span> <span class='ocrx_word' id='word_1_602' title='bbox 1722 2627 1785 2651; x_wconf 67' lang='lat' dir='ltr'>fiori.</span> 
     </span>
     <span class='ocr_line' id='line_1_95' title="bbox 1016 2658 1322 2686; baseline 0.003 -4"><span class='ocrx_word' id='word_1_603' title='bbox 1016 2672 1045 2676; x_wconf 97' lang='lat'><strong>—</strong></span> <span class='ocrx_word' id='word_1_604' title='bbox 1058 2658 1087 2686; x_wconf 76' lang='lat' dir='ltr'>(c)</span> <span class='ocrx_word' id='word_1_605' title='bbox 1100 2658 1167 2682; x_wconf 65' lang='lat' dir='ltr'>Edit.</span> <span class='ocrx_word' id='word_1_606' title='bbox 1187 2659 1243 2682; x_wconf 72' lang='lat' dir='ltr'>Vel!-</span> <span class='ocrx_word' id='word_1_607' title='bbox 1258 2667 1322 2683; x_wconf 75' lang='lat' dir='ltr'>inea.</span> 
     </span>
    </p>
   </div>
   <div class='ocr_carea' id='block_1_15' title="bbox 1818 429 1914 456">
    <p class='ocr_par' dir='ltr' id='par_1_22' title="bbox 1818 429 1914 456">
     <span class='ocr_line' id='line_1_96' title="bbox 1818 429 1914 456; baseline 0.01 -7"><span class='ocrx_word' id='word_1_608' title='bbox 1818 429 1914 456; x_wconf 70' lang='lat' dir='ltr'>improb.</span> 
     </span>
    </p>
   </div>
   <div class='ocr_carea' id='block_1_16' title="bbox 1816 861 1919 888">
    <p class='ocr_par' dir='ltr' id='par_1_23' title="bbox 1816 861 1919 888">
     <span class='ocr_line' id='line_1_97' title="bbox 1816 861 1919 888; baseline 0 -6"><span class='ocrx_word' id='word_1_609' title='bbox 1816 861 1919 888; x_wconf 77' lang='grc'><strong>00111102.</strong></span> 
     </span>
    </p>
   </div>
   <div class='ocr_carea' id='block_1_17' title="bbox 1804 2511 1905 2592">
    <p class='ocr_par' dir='ltr' id='par_1_24' title="bbox 1804 2511 1905 2592">
     <span class='ocr_line' id='line_1_98' title="bbox 1804 2511 1905 2537; baseline 0.01 -7"><span class='ocrx_word' id='word_1_610' title='bbox 1804 2511 1807 2530; x_wconf 71' lang='lat' dir='ltr'>J</span> <span class='ocrx_word' id='word_1_611' title='bbox 1820 2517 1864 2537; x_wconf 80' lang='lat' dir='ltr'>esp.</span> <span class='ocrx_word' id='word_1_612' title='bbox 1879 2511 1905 2531; x_wconf 77' lang='lat' dir='ltr'>ad</span> 
     </span>
     <span class='ocr_line' id='line_1_99' title="bbox 1819 2543 1888 2568; baseline 0 -7"><span class='ocrx_word' id='word_1_613' title='bbox 1819 2543 1838 2561; x_wconf 72' lang='lat'>3.</span> <span class='ocrx_word' id='word_1_614' title='bbox 1850 2548 1888 2568; x_wconf 86' lang='lat' dir='ltr'>pro</span> 
     </span>
     <span class='ocr_line' id='line_1_100' title="bbox 1806 2572 1900 2592; baseline 0.021 -2"><span class='ocrx_word' id='word_1_615' title='bbox 1806 2572 1900 2592; x_wconf 69' lang='lat' dir='ltr'>fundam.</span> 
     </span>
    </p>
   </div>
  </div>
 </body>
</html>
