<?xml version="1.0" encoding="UTF-8"?>
<!DOCTYPE html PUBLIC "-//W3C//DTD XHTML 1.0 Transitional//EN"
    "http://www.w3.org/TR/xhtml1/DTD/xhtml1-transitional.dtd">
<html xmlns="http://www.w3.org/1999/xhtml" xml:lang="en" lang="en">
 <head>
  <title>
</title>
<meta http-equiv="Content-Type" content="text/html;charset=utf-8" />
  <meta name='ocr-system' content='tesseract 3.04.00' />
  <meta name='ocr-capabilities' content='ocr_page ocr_carea ocr_par ocr_line ocrx_word'/>
</head>
<body>
  <div class='ocr_page' id='page_1' title='image "./operaomniasixtiv06bonauoft/operaomniasixtiv06bonauoft_0364.png"; bbox 0 0 1991 3006; ppageno 0'>
   <div class='ocr_carea' id='block_1_1' title="bbox 277 216 334 244">
    <p class='ocr_par' dir='ltr' id='par_1_1' title="bbox 277 216 334 244">
     <span class='ocr_line' id='line_1_1' title="bbox 277 216 334 244; baseline 0.018 -1"><span class='ocrx_word' id='word_1_1' title='bbox 277 216 334 244; x_wconf 63' lang='lat'>5344</span> 
     </span>
    </p>
   </div>
   <div class='ocr_carea' id='block_1_2' title="bbox 270 280 1042 851">
    <p class='ocr_par' dir='ltr' id='par_1_2' title="bbox 273 280 1042 534">
     <span class='ocr_line' id='line_1_2' title="bbox 315 280 1042 320; baseline 0 -9"><span class='ocrx_word' id='word_1_2' title='bbox 315 283 344 311; x_wconf 87' lang='grc'>3.</span> <span class='ocrx_word' id='word_1_3' title='bbox 363 281 439 311; x_wconf 84' lang='lat' dir='ltr'>item</span> <span class='ocrx_word' id='word_1_4' title='bbox 455 281 575 311; x_wconf 84' lang='lat' dir='ltr'>ratione</span> <span class='ocrx_word' id='word_1_5' title='bbox 586 280 710 310; x_wconf 85' lang='lat' dir='ltr'>videtur</span> <span class='ocrx_word' id='word_1_6' title='bbox 727 291 733 310; x_wconf 82' lang='lat' dir='ltr'>z</span> <span class='ocrx_word' id='word_1_7' title='bbox 749 281 823 320; x_wconf 89' lang='lat' dir='ltr'>qnia</span> <span class='ocrx_word' id='word_1_8' title='bbox 837 281 1042 312; x_wconf 82' lang='lat' dir='ltr'>adulterando</span> 
     </span>
     <span class='ocr_line' id='line_1_3' title="bbox 275 334 1040 365; baseline 0.001 -1"><span class='ocrx_word' id='word_1_9' title='bbox 275 334 381 365; x_wconf 88' lang='lat' dir='ltr'>divisit</span> <span class='ocrx_word' id='word_1_10' title='bbox 409 343 534 363; x_wconf 82' lang='lat' dir='ltr'>carnem</span> <span class='ocrx_word' id='word_1_11' title='bbox 567 342 658 363; x_wconf 84' lang='lat' dir='ltr'>suam</span> <span class='ocrx_word' id='word_1_12' title='bbox 686 343 693 363; x_wconf 91' lang='lat'><strong>:</strong></span> <span class='ocrx_word' id='word_1_13' title='bbox 720 334 773 363; x_wconf 82' lang='lat' dir='ltr'>sed</span> <span class='ocrx_word' id='word_1_14' title='bbox 809 337 1040 365; x_wconf 79' lang='lat' dir='ltr'>sacramentum</span> 
     </span>
     <span class='ocr_line' id='line_1_4' title="bbox 275 386 1037 425; baseline 0.001 -9"><span class='ocrx_word' id='word_1_15' title='bbox 275 387 468 416; x_wconf 79' lang='lat' dir='ltr'>matrimonii</span> <span class='ocrx_word' id='word_1_16' title='bbox 483 388 529 416; x_wconf 87' lang='lat' dir='ltr'>est</span> <span class='ocrx_word' id='word_1_17' title='bbox 543 386 627 425; x_wconf 87' lang='lat' dir='ltr'>quod</span> <span class='ocrx_word' id='word_1_18' title='bbox 642 386 703 416; x_wconf 82' lang='lat' dir='ltr'>sint</span> <span class='ocrx_word' id='word_1_19' title='bbox 719 386 781 416; x_wconf 90' lang='lat' dir='ltr'>duo</span> <span class='ocrx_word' id='word_1_20' title='bbox 797 387 827 416; x_wconf 94' lang='lat' dir='ltr'>in</span> <span class='ocrx_word' id='word_1_21' title='bbox 845 396 938 416; x_wconf 85' lang='lat' dir='ltr'>carne</span> <span class='ocrx_word' id='word_1_22' title='bbox 953 396 1016 417; x_wconf 88' lang='lat' dir='ltr'>una</span> <span class='ocrx_word' id='word_1_23' title='bbox 1031 398 1037 416; x_wconf 81' lang='lat'>2</span> 
     </span>
     <span class='ocr_line' id='line_1_5' title="bbox 274 441 1038 480; baseline 0 -9"><span class='ocrx_word' id='word_1_24' title='bbox 274 450 351 480; x_wconf 80' lang='lat' dir='ltr'>ergo</span> <span class='ocrx_word' id='word_1_25' title='bbox 366 443 599 471; x_wconf 84' lang='lat' dir='ltr'>sacramentum</span> <span class='ocrx_word' id='word_1_26' title='bbox 615 450 669 480; x_wconf 87' lang='lat' dir='ltr'>per</span> <span class='ocrx_word' id='word_1_27' title='bbox 684 441 919 471; x_wconf 67' lang='lat' dir='ltr'>fornicationem</span> <span class='ocrx_word' id='word_1_28' title='bbox 944 441 1038 471; x_wconf 78' lang='lat' dir='ltr'>solvi-</span> 
     </span>
     <span class='ocr_line' id='line_1_6' title="bbox 273 494 1037 534; baseline 0.001 -11"><span class='ocrx_word' id='word_1_29' title='bbox 273 496 338 524; x_wconf 90' lang='lat' dir='ltr'>tur:</span> <span class='ocrx_word' id='word_1_30' title='bbox 353 503 431 533; x_wconf 85' lang='lat' dir='ltr'>ergo</span> <span class='ocrx_word' id='word_1_31' title='bbox 447 504 511 524; x_wconf 90' lang='lat' dir='ltr'>non</span> <span class='ocrx_word' id='word_1_32' title='bbox 526 497 571 524; x_wconf 88' lang='lat' dir='ltr'>est</span> <span class='ocrx_word' id='word_1_33' title='bbox 581 494 622 524; x_wconf 83' lang='lat' dir='ltr'>ibi</span> <span class='ocrx_word' id='word_1_34' title='bbox 634 495 769 534; x_wconf 86' lang='lat' dir='ltr'>amplius</span> <span class='ocrx_word' id='word_1_35' title='bbox 786 495 1037 524; x_wconf 74' lang='lat' dir='ltr'>matrimonium.</span> 
     </span>
    </p>

    <p class='ocr_par' dir='ltr' id='par_1_3' title="bbox 270 547 1039 851">
     <span class='ocr_line' id='line_1_7' title="bbox 313 547 1039 587; baseline -0.001 -9"><span class='ocrx_word' id='word_1_36' title='bbox 313 550 341 577; x_wconf 78' lang='lat'>4.</span> <span class='ocrx_word' id='word_1_37' title='bbox 371 547 447 578; x_wconf 87' lang='lat' dir='ltr'>Item</span> <span class='ocrx_word' id='word_1_38' title='bbox 464 550 532 587; x_wconf 87' lang='lat' dir='ltr'>post</span> <span class='ocrx_word' id='word_1_39' title='bbox 547 548 719 578; x_wconf 87' lang='lat' dir='ltr'>divortium</span> <span class='ocrx_word' id='word_1_40' title='bbox 735 549 785 578; x_wconf 83' lang='lat' dir='ltr'>vir</span> <span class='ocrx_word' id='word_1_41' title='bbox 800 548 832 577; x_wconf 92' lang='lat' dir='ltr'>in</span> <span class='ocrx_word' id='word_1_42' title='bbox 851 548 937 577; x_wconf 86' lang='lat' dir='ltr'>nullo</span> <span class='ocrx_word' id='word_1_43' title='bbox 953 550 1039 578; x_wconf 89' lang='lat' dir='ltr'>tene-</span> 
     </span>
     <span class='ocr_line' id='line_1_8' title="bbox 273 600 1037 641; baseline 0.001 -11"><span class='ocrx_word' id='word_1_44' title='bbox 273 603 325 630; x_wconf 89' lang='lat' dir='ltr'>tur</span> <span class='ocrx_word' id='word_1_45' title='bbox 340 601 444 638; x_wconf 77' lang='lat' dir='ltr'>uxori,</span> <span class='ocrx_word' id='word_1_46' title='bbox 462 610 519 631; x_wconf 91' lang='lat' dir='ltr'>nec</span> <span class='ocrx_word' id='word_1_47' title='bbox 534 601 566 630; x_wconf 91' lang='lat' dir='ltr'>in</span> <span class='ocrx_word' id='word_1_48' title='bbox 590 604 747 641; x_wconf 88' lang='lat' dir='ltr'>quantum</span> <span class='ocrx_word' id='word_1_49' title='bbox 763 601 800 630; x_wconf 85' lang='lat' dir='ltr'>ad</span> <span class='ocrx_word' id='word_1_50' title='bbox 822 600 961 630; x_wconf 86' lang='lat' dir='ltr'>debitum</span> <span class='ocrx_word' id='word_1_51' title='bbox 976 601 1037 631; x_wconf 89' lang='lat' dir='ltr'>sol-</span> 
     </span>
     <span class='ocr_line' id='line_1_9' title="bbox 272 653 1039 693; baseline 0.003 -11"><span class='ocrx_word' id='word_1_52' title='bbox 272 653 410 683; x_wconf 87' lang='lat' dir='ltr'>vendum</span> <span class='ocrx_word' id='word_1_53' title='bbox 423 677 430 689; x_wconf 91' lang='lat'>,</span> <span class='ocrx_word' id='word_1_54' title='bbox 447 662 504 683; x_wconf 88' lang='lat' dir='ltr'>nec</span> <span class='ocrx_word' id='word_1_55' title='bbox 525 654 627 693; x_wconf 84' lang='lat' dir='ltr'>quoad</span> <span class='ocrx_word' id='word_1_56' title='bbox 649 653 910 684; x_wconf 69' lang='lat' dir='ltr'>cohabitationem</span> <span class='ocrx_word' id='word_1_57' title='bbox 929 663 936 683; x_wconf 88' lang='grc'>;</span> <span class='ocrx_word' id='word_1_58' title='bbox 960 662 1039 693; x_wconf 79' lang='lat' dir='ltr'>ergo</span> 
     </span>
     <span class='ocr_line' id='line_1_10' title="bbox 271 706 1038 746; baseline 0.001 -10"><span class='ocrx_word' id='word_1_59' title='bbox 271 707 295 735; x_wconf 85' lang='lat' dir='ltr'>si</span> <span class='ocrx_word' id='word_1_60' title='bbox 313 706 427 746; x_wconf 85' lang='lat' dir='ltr'>aliquis</span> <span class='ocrx_word' id='word_1_61' title='bbox 451 709 497 736; x_wconf 91' lang='lat' dir='ltr'>est</span> <span class='ocrx_word' id='word_1_62' title='bbox 518 716 537 737; x_wconf 84' lang='lat' dir='ltr'>a</span> <span class='ocrx_word' id='word_1_63' title='bbox 558 706 629 745; x_wconf 83' lang='lat' dir='ltr'>lege</span> <span class='ocrx_word' id='word_1_64' title='bbox 655 706 763 736; x_wconf 76' lang='lat' dir='ltr'>uxoris</span> <span class='ocrx_word' id='word_1_65' title='bbox 787 706 918 743; x_wconf 87' lang='lat' dir='ltr'>solutus,</span> <span class='ocrx_word' id='word_1_66' title='bbox 938 710 1038 746; x_wconf 88' lang='lat' dir='ltr'>potest</span> 
     </span>
     <span class='ocr_line' id='line_1_11' title="bbox 270 759 1038 799; baseline 0 -10"><span class='ocrx_word' id='word_1_67' title='bbox 270 759 470 796; x_wconf 85' lang='lat' dir='ltr'>contrahere;</span> <span class='ocrx_word' id='word_1_68' title='bbox 487 762 517 789; x_wconf 92' lang='lat' dir='ltr'>et</span> <span class='ocrx_word' id='word_1_69' title='bbox 528 760 551 789; x_wconf 89' lang='lat' dir='ltr'>si</span> <span class='ocrx_word' id='word_1_70' title='bbox 568 760 636 796; x_wconf 73' lang='lat' dir='ltr'>hoc,</span> <span class='ocrx_word' id='word_1_71' title='bbox 651 769 723 789; x_wconf 86' lang='lat' dir='ltr'>cum</span> <span class='ocrx_word' id='word_1_72' title='bbox 741 761 790 789; x_wconf 89' lang='lat' dir='ltr'>vir</span> <span class='ocrx_word' id='word_1_73' title='bbox 804 759 926 789; x_wconf 80' lang='lat' dir='ltr'>solutus</span> <span class='ocrx_word' id='word_1_74' title='bbox 938 770 955 789; x_wconf 89' lang='lat' dir='ltr'>a</span> <span class='ocrx_word' id='word_1_75' title='bbox 967 760 1038 799; x_wconf 82' lang='lat' dir='ltr'>lege</span> 
     </span>
     <span class='ocr_line' id='line_1_12' title="bbox 270 811 926 851; baseline 0 -10"><span class='ocrx_word' id='word_1_76' title='bbox 270 812 377 841; x_wconf 82' lang='lat' dir='ltr'>uxoris</span> <span class='ocrx_word' id='word_1_77' title='bbox 393 812 489 851; x_wconf 81' lang='lat' dir='ltr'>possit</span> <span class='ocrx_word' id='word_1_78' title='bbox 503 812 697 848; x_wconf 68' lang='lat' dir='ltr'>contrahere,</span> <span class='ocrx_word' id='word_1_79' title='bbox 716 811 852 848; x_wconf 84' lang='lat' dir='ltr'>videtur,</span> <span class='ocrx_word' id='word_1_80' title='bbox 870 814 926 841; x_wconf 88' lang='lat' dir='ltr'>etc.</span> 
     </span>
    </p>
   </div>
   <div class='ocr_carea' id='block_1_3' title="bbox 538 925 758 957">
    <p class='ocr_par' dir='ltr' id='par_1_4' title="bbox 538 925 758 957">
     <span class='ocr_line' id='line_1_13' title="bbox 538 925 758 957; baseline 0 -2"><span class='ocrx_word' id='word_1_81' title='bbox 538 925 758 957; x_wconf 85' lang='lat' dir='ltr'><strong>CONCLUSIO.</strong></span> 
     </span>
    </p>
   </div>
   <div class='ocr_carea' id='block_1_4' title="bbox 270 1007 1034 1084">
    <p class='ocr_par' dir='ltr' id='par_1_5' title="bbox 270 1007 1034 1084">
     <span class='ocr_line' id='line_1_14' title="bbox 270 1007 1034 1041; baseline 0.001 -9"><span class='ocrx_word' id='word_1_82' title='bbox 270 1007 389 1033; x_wconf 80' lang='lat' dir='ltr'>Divortio</span> <span class='ocrx_word' id='word_1_83' title='bbox 400 1007 525 1033; x_wconf 73' lang='lat' dir='ltr'>celebrato</span> <span class='ocrx_word' id='word_1_84' title='bbox 536 1007 606 1032; x_wconf 72' lang='lat' dir='ltr'>inter</span> <span class='ocrx_word' id='word_1_85' title='bbox 610 1013 738 1040; x_wconf 80' lang='lat' dir='ltr'>personas</span> <span class='ocrx_word' id='word_1_86' title='bbox 748 1008 863 1040; x_wconf 63' lang='lat' dir='ltr'>legitime</span> <span class='ocrx_word' id='word_1_87' title='bbox 871 1007 1034 1041; x_wconf 78' lang='lat' dir='ltr'>conjunctas,</span> 
     </span>
     <span class='ocr_line' id='line_1_15' title="bbox 391 1051 910 1084; baseline -0.002 -7"><span class='ocrx_word' id='word_1_88' title='bbox 391 1059 442 1077; x_wconf 79' lang='lat' dir='ltr'>non</span> <span class='ocrx_word' id='word_1_89' title='bbox 455 1053 565 1084; x_wconf 82' lang='lat' dir='ltr'>possunt</span> <span class='ocrx_word' id='word_1_90' title='bbox 577 1052 698 1084; x_wconf 68' lang='lat' dir='ltr'>separati</span> <span class='ocrx_word' id='word_1_91' title='bbox 712 1052 792 1077; x_wconf 69' lang='lat' dir='ltr'>alteri</span> <span class='ocrx_word' id='word_1_92' title='bbox 805 1051 910 1077; x_wconf 79' lang='lat' dir='ltr'>nubere.</span> 
     </span>
    </p>
   </div>
   <div class='ocr_carea' id='block_1_5' title="bbox 262 1130 1035 2538">
    <p class='ocr_par' dir='ltr' id='par_1_6' title="bbox 264 1130 1035 1747">
     <span class='ocr_line' id='line_1_16' title="bbox 308 1130 1034 1169; baseline 0.001 -10"><span class='ocrx_word' id='word_1_93' title='bbox 308 1130 398 1169; x_wconf 81' lang='lat' dir='ltr'>Resp.</span> <span class='ocrx_word' id='word_1_94' title='bbox 415 1130 452 1159; x_wconf 89' lang='lat' dir='ltr'>ad</span> <span class='ocrx_word' id='word_1_95' title='bbox 468 1139 536 1168; x_wconf 73' lang='lat' dir='ltr'>arg.</span> <span class='ocrx_word' id='word_1_96' title='bbox 558 1130 730 1160; x_wconf 76' lang='lat' dir='ltr'>Dicendum</span> <span class='ocrx_word' id='word_1_97' title='bbox 754 1131 837 1169; x_wconf 85' lang='lat' dir='ltr'>quod</span> <span class='ocrx_word' id='word_1_98' title='bbox 863 1130 1034 1160; x_wconf 84' lang='lat' dir='ltr'>divortium</span> 
     </span>
     <span class='ocr_line' id='line_1_17' title="bbox 266 1182 1035 1222; baseline 0.001 -11"><span class='ocrx_word' id='word_1_99' title='bbox 266 1184 364 1221; x_wconf 88' lang='lat' dir='ltr'>potest</span> <span class='ocrx_word' id='word_1_100' title='bbox 374 1182 441 1212; x_wconf 85' lang='lat' dir='ltr'>fieri</span> <span class='ocrx_word' id='word_1_101' title='bbox 450 1182 616 1221; x_wconf 74' lang='lat' dir='ltr'>dupliciter</span> <span class='ocrx_word' id='word_1_102' title='bbox 626 1192 633 1212; x_wconf 79' lang='grc' dir='ltr'><strong><em>ε</em></strong></span> <span class='ocrx_word' id='word_1_103' title='bbox 644 1185 699 1212; x_wconf 84' lang='lat' dir='ltr'>aut</span> <span class='ocrx_word' id='word_1_104' title='bbox 707 1183 782 1221; x_wconf 85' lang='lat' dir='ltr'>quia</span> <span class='ocrx_word' id='word_1_105' title='bbox 793 1192 934 1222; x_wconf 67' lang='lat' dir='ltr'>personfe</span> <span class='ocrx_word' id='word_1_106' title='bbox 946 1185 1035 1212; x_wconf 84' lang='lat' dir='ltr'>erant</span> 
     </span>
     <span class='ocr_line' id='line_1_18' title="bbox 266 1234 1034 1273; baseline 0 -9"><span class='ocrx_word' id='word_1_107' title='bbox 266 1234 440 1273; x_wconf 71' lang='lat' dir='ltr'>illegitimae</span> <span class='ocrx_word' id='word_1_108' title='bbox 451 1234 489 1264; x_wconf 83' lang='lat' dir='ltr'>ad</span> <span class='ocrx_word' id='word_1_109' title='bbox 500 1235 750 1265; x_wconf 88' lang='lat' dir='ltr'>contrahendum</span> <span class='ocrx_word' id='word_1_110' title='bbox 766 1235 950 1265; x_wconf 71' lang='lat' dir='ltr'>adinvicem</span> <span class='ocrx_word' id='word_1_111' title='bbox 962 1235 1034 1264; x_wconf 85' lang='lat' dir='ltr'>sim-</span> 
     </span>
     <span class='ocr_line' id='line_1_19' title="bbox 266 1287 1031 1326; baseline 0.001 -9"><span class='ocrx_word' id='word_1_112' title='bbox 266 1287 396 1326; x_wconf 86' lang='lat' dir='ltr'>pliciter,</span> <span class='ocrx_word' id='word_1_113' title='bbox 426 1289 455 1317; x_wconf 87' lang='lat' dir='ltr'>et</span> <span class='ocrx_word' id='word_1_114' title='bbox 478 1289 551 1317; x_wconf 88' lang='lat' dir='ltr'>tunc</span> <span class='ocrx_word' id='word_1_115' title='bbox 574 1289 709 1326; x_wconf 82' lang='lat' dir='ltr'>uterque</span> <span class='ocrx_word' id='word_1_116' title='bbox 735 1290 835 1326; x_wconf 85' lang='lat' dir='ltr'>potest</span> <span class='ocrx_word' id='word_1_117' title='bbox 857 1288 945 1318; x_wconf 84' lang='lat' dir='ltr'>alteri</span> <span class='ocrx_word' id='word_1_118' title='bbox 973 1298 1031 1318; x_wconf 92' lang='lat' dir='ltr'>nu-</span> 
     </span>
     <span class='ocr_line' id='line_1_20' title="bbox 265 1340 1033 1380; baseline 0 -10"><span class='ocrx_word' id='word_1_119' title='bbox 265 1340 349 1378; x_wconf 82' lang='lat' dir='ltr'>bere,</span> <span class='ocrx_word' id='word_1_120' title='bbox 368 1340 448 1370; x_wconf 90' lang='lat' dir='ltr'>sicut</span> <span class='ocrx_word' id='word_1_121' title='bbox 472 1349 567 1380; x_wconf 79' lang='lat' dir='ltr'>supra</span> <span class='ocrx_word' id='word_1_122' title='bbox 587 1340 706 1370; x_wconf 76' lang='lat' dir='ltr'>dictum</span> <span class='ocrx_word' id='word_1_123' title='bbox 728 1343 793 1377; x_wconf 73' lang='lat' dir='ltr'>est;</span> <span class='ocrx_word' id='word_1_124' title='bbox 816 1342 917 1380; x_wconf 86' lang='lat' dir='ltr'>potest</span> <span class='ocrx_word' id='word_1_125' title='bbox 939 1341 1033 1371; x_wconf 84' lang='lat' dir='ltr'>etiam</span> 
     </span>
     <span class='ocr_line' id='line_1_21' title="bbox 266 1393 1032 1432; baseline 0.001 -10"><span class='ocrx_word' id='word_1_126' title='bbox 266 1393 334 1423; x_wconf 78' lang='lat' dir='ltr'>fieri</span> <span class='ocrx_word' id='word_1_127' title='bbox 356 1396 483 1432; x_wconf 86' lang='lat' dir='ltr'>propter</span> <span class='ocrx_word' id='word_1_128' title='bbox 505 1393 623 1423; x_wconf 78' lang='lat' dir='ltr'>crimen</span> <span class='ocrx_word' id='word_1_129' title='bbox 648 1394 874 1429; x_wconf 72' lang='lat' dir='ltr'>fornicationis,</span> <span class='ocrx_word' id='word_1_130' title='bbox 905 1396 934 1423; x_wconf 85' lang='lat' dir='ltr'>et</span> <span class='ocrx_word' id='word_1_131' title='bbox 958 1396 1032 1424; x_wconf 85' lang='lat' dir='ltr'>tunc</span> 
     </span>
     <span class='ocr_line' id='line_1_22' title="bbox 266 1446 1030 1484; baseline 0.001 -9"><span class='ocrx_word' id='word_1_132' title='bbox 266 1455 327 1475; x_wconf 92' lang='lat' dir='ltr'>non</span> <span class='ocrx_word' id='word_1_133' title='bbox 345 1448 444 1484; x_wconf 87' lang='lat' dir='ltr'>potest</span> <span class='ocrx_word' id='word_1_134' title='bbox 460 1446 643 1475; x_wconf 74' lang='lat' dir='ltr'>contrahere</span> <span class='ocrx_word' id='word_1_135' title='bbox 660 1455 715 1475; x_wconf 85' lang='lat' dir='ltr'>nec</span> <span class='ocrx_word' id='word_1_136' title='bbox 740 1447 806 1483; x_wconf 77' lang='lat' dir='ltr'>vir,</span> <span class='ocrx_word' id='word_1_137' title='bbox 824 1456 881 1476; x_wconf 84' lang='lat' dir='ltr'>nec</span> <span class='ocrx_word' id='word_1_138' title='bbox 906 1446 1030 1484; x_wconf 73' lang='lat' dir='ltr'>mulier,</span> 
     </span>
     <span class='ocr_line' id='line_1_23' title="bbox 266 1498 1032 1537; baseline 0.003 -10"><span class='ocrx_word' id='word_1_139' title='bbox 266 1498 340 1537; x_wconf 86' lang='lat' dir='ltr'>quia</span> <span class='ocrx_word' id='word_1_140' title='bbox 356 1507 429 1528; x_wconf 89' lang='lat' dir='ltr'>cum</span> <span class='ocrx_word' id='word_1_141' title='bbox 442 1500 544 1528; x_wconf 85' lang='lat' dir='ltr'>essent</span> <span class='ocrx_word' id='word_1_142' title='bbox 559 1507 701 1537; x_wconf 78' lang='lat' dir='ltr'>personae</span> <span class='ocrx_word' id='word_1_143' title='bbox 719 1498 884 1537; x_wconf 73' lang='lat' dir='ltr'>legittime,</span> <span class='ocrx_word' id='word_1_144' title='bbox 903 1499 958 1529; x_wconf 82' lang='lat' dir='ltr'>fuit</span> <span class='ocrx_word' id='word_1_145' title='bbox 981 1500 1032 1529; x_wconf 91' lang='lat' dir='ltr'>in-</span> 
     </span>
     <span class='ocr_line' id='line_1_24' title="bbox 265 1551 1032 1590; baseline 0.003 -10"><span class='ocrx_word' id='word_1_146' title='bbox 265 1553 312 1580; x_wconf 82' lang='lat' dir='ltr'>ter</span> <span class='ocrx_word' id='word_1_147' title='bbox 327 1560 378 1580; x_wconf 86' lang='lat' dir='ltr'>eas</span> <span class='ocrx_word' id='word_1_148' title='bbox 393 1553 638 1587; x_wconf 80' lang='lat' dir='ltr'>sacramentum,</span> <span class='ocrx_word' id='word_1_149' title='bbox 651 1551 734 1590; x_wconf 89' lang='lat' dir='ltr'>quod</span> <span class='ocrx_word' id='word_1_150' title='bbox 751 1553 796 1580; x_wconf 90' lang='lat' dir='ltr'>est</span> <span class='ocrx_word' id='word_1_151' title='bbox 813 1551 975 1581; x_wconf 89' lang='lat' dir='ltr'>vinculum</span> <span class='ocrx_word' id='word_1_152' title='bbox 988 1553 1032 1582; x_wconf 87' lang='lat' dir='ltr'>iu-</span> 
     </span>
     <span class='ocr_line' id='line_1_25' title="bbox 265 1602 1032 1643; baseline 0.003 -10"><span class='ocrx_word' id='word_1_153' title='bbox 265 1603 410 1633; x_wconf 87' lang='lat' dir='ltr'>solubile.</span> <span class='ocrx_word' id='word_1_154' title='bbox 428 1602 515 1634; x_wconf 91' lang='lat' dir='ltr'>Unde</span> <span class='ocrx_word' id='word_1_155' title='bbox 531 1603 702 1633; x_wconf 86' lang='lat' dir='ltr'>divortium</span> <span class='ocrx_word' id='word_1_156' title='bbox 729 1612 791 1633; x_wconf 89' lang='lat' dir='ltr'>non</span> <span class='ocrx_word' id='word_1_157' title='bbox 808 1606 854 1634; x_wconf 84' lang='lat' dir='ltr'>est</span> <span class='ocrx_word' id='word_1_158' title='bbox 877 1605 1032 1643; x_wconf 71' lang='lat' dir='ltr'>separatio</span> 
     </span>
     <span class='ocr_line' id='line_1_26' title="bbox 264 1655 1032 1694; baseline 0.003 -9"><span class='ocrx_word' id='word_1_159' title='bbox 264 1658 421 1694; x_wconf 81' lang='lat' dir='ltr'>quantum</span> <span class='ocrx_word' id='word_1_160' title='bbox 450 1656 487 1685; x_wconf 79' lang='lat' dir='ltr'>ad</span> <span class='ocrx_word' id='word_1_161' title='bbox 514 1655 677 1685; x_wconf 84' lang='lat' dir='ltr'>vinculum</span> <span class='ocrx_word' id='word_1_162' title='bbox 707 1657 949 1694; x_wconf 75' lang='lat' dir='ltr'>sacramentale,</span> <span class='ocrx_word' id='word_1_163' title='bbox 979 1657 1032 1687; x_wconf 87' lang='lat' dir='ltr'>sed</span> 
     </span>
     <span class='ocr_line' id='line_1_27' title="bbox 264 1708 965 1747; baseline 0.001 -9"><span class='ocrx_word' id='word_1_164' title='bbox 264 1711 419 1747; x_wconf 85' lang='lat' dir='ltr'>quantum</span> <span class='ocrx_word' id='word_1_165' title='bbox 435 1708 473 1738; x_wconf 81' lang='lat' dir='ltr'>ad</span> <span class='ocrx_word' id='word_1_166' title='bbox 488 1708 628 1738; x_wconf 88' lang='lat' dir='ltr'>debitum</span> <span class='ocrx_word' id='word_1_167' title='bbox 646 1710 676 1737; x_wconf 91' lang='lat' dir='ltr'>et</span> <span class='ocrx_word' id='word_1_168' title='bbox 690 1708 965 1739; x_wconf 79' lang='lat' dir='ltr'>cohabitationem.</span> 
     </span>
    </p>

    <p class='ocr_par' dir='ltr' id='par_1_7' title="bbox 263 1760 1032 2056">
     <span class='ocr_line' id='line_1_28' title="bbox 306 1760 1032 1801; baseline 0.003 -11"><span class='ocrx_word' id='word_1_169' title='bbox 306 1764 333 1790; x_wconf 81' lang='grc'>1.</span> <span class='ocrx_word' id='word_1_170' title='bbox 347 1760 393 1790; x_wconf 88' lang='lat' dir='ltr'>Ad</span> <span class='ocrx_word' id='word_1_171' title='bbox 405 1760 480 1790; x_wconf 86' lang='lat' dir='ltr'>illud</span> <span class='ocrx_word' id='word_1_172' title='bbox 499 1769 577 1799; x_wconf 86' lang='lat' dir='ltr'>ergo</span> <span class='ocrx_word' id='word_1_173' title='bbox 590 1760 673 1799; x_wconf 86' lang='lat' dir='ltr'>quod</span> <span class='ocrx_word' id='word_1_174' title='bbox 693 1761 850 1799; x_wconf 76' lang='lat' dir='ltr'>objicitur,</span> <span class='ocrx_word' id='word_1_175' title='bbox 863 1762 948 1801; x_wconf 89' lang='lat' dir='ltr'>quod</span> <span class='ocrx_word' id='word_1_176' title='bbox 963 1763 1032 1792; x_wconf 84' lang='lat' dir='ltr'>ani-</span> 
     </span>
     <span class='ocr_line' id='line_1_29' title="bbox 265 1813 1032 1852; baseline 0.004 -10"><span class='ocrx_word' id='word_1_177' title='bbox 265 1822 316 1842; x_wconf 87' lang='lat' dir='ltr'>ma</span> <span class='ocrx_word' id='word_1_178' title='bbox 329 1813 526 1843; x_wconf 81' lang='lat' dir='ltr'>fornicatoris</span> <span class='ocrx_word' id='word_1_179' title='bbox 541 1822 604 1843; x_wconf 89' lang='lat' dir='ltr'>non</span> <span class='ocrx_word' id='word_1_180' title='bbox 619 1816 663 1843; x_wconf 87' lang='lat' dir='ltr'>est</span> <span class='ocrx_word' id='word_1_181' title='bbox 681 1822 763 1844; x_wconf 76' lang='lat' dir='ltr'>uxor</span> <span class='ocrx_word' id='word_1_182' title='bbox 778 1814 851 1852; x_wconf 86' lang='lat' dir='ltr'>Dei,</span> <span class='ocrx_word' id='word_1_183' title='bbox 866 1815 1032 1845; x_wconf 85' lang='lat' dir='ltr'>dicendum</span> 
     </span>
     <span class='ocr_line' id='line_1_30' title="bbox 264 1865 1029 1905; baseline 0.004 -10"><span class='ocrx_word' id='word_1_184' title='bbox 264 1865 347 1904; x_wconf 87' lang='lat' dir='ltr'>quod</span> <span class='ocrx_word' id='word_1_185' title='bbox 364 1866 603 1896; x_wconf 79' lang='lat' dir='ltr'>matrimonium</span> <span class='ocrx_word' id='word_1_186' title='bbox 620 1875 682 1896; x_wconf 90' lang='lat' dir='ltr'>non</span> <span class='ocrx_word' id='word_1_187' title='bbox 705 1868 751 1896; x_wconf 72' lang='lat' dir='ltr'>est</span> <span class='ocrx_word' id='word_1_188' title='bbox 766 1867 895 1905; x_wconf 78' lang='lat' dir='ltr'>signum</span> <span class='ocrx_word' id='word_1_189' title='bbox 911 1868 961 1898; x_wconf 87' lang='lat' dir='ltr'>vel</span> <span class='ocrx_word' id='word_1_190' title='bbox 981 1878 1029 1898; x_wconf 84' lang='lat' dir='ltr'>sa-</span> 
     </span>
     <span class='ocr_line' id='line_1_31' title="bbox 264 1918 1031 1960; baseline 0.005 -13"><span class='ocrx_word' id='word_1_191' title='bbox 264 1921 461 1948; x_wconf 79' lang='lat' dir='ltr'>cramentum</span> <span class='ocrx_word' id='word_1_192' title='bbox 476 1918 572 1958; x_wconf 86' lang='lat' dir='ltr'>hujus</span> <span class='ocrx_word' id='word_1_193' title='bbox 584 1919 810 1959; x_wconf 79' lang='lat' dir='ltr'>principaliter,</span> <span class='ocrx_word' id='word_1_194' title='bbox 823 1921 875 1950; x_wconf 85' lang='lat' dir='ltr'>sed</span> <span class='ocrx_word' id='word_1_195' title='bbox 887 1923 1031 1960; x_wconf 85' lang='lat' dir='ltr'>conjunc-</span> 
     </span>
     <span class='ocr_line' id='line_1_32' title="bbox 263 1970 1031 2012; baseline 0.004 -12"><span class='ocrx_word' id='word_1_196' title='bbox 263 1970 357 2000; x_wconf 81' lang='lat' dir='ltr'>tionis</span> <span class='ocrx_word' id='word_1_197' title='bbox 372 1971 487 2002; x_wconf 84' lang='lat' dir='ltr'>divinae</span> <span class='ocrx_word' id='word_1_198' title='bbox 501 1973 635 2008; x_wconf 82' lang='lat' dir='ltr'>naturae,</span> <span class='ocrx_word' id='word_1_199' title='bbox 651 1974 681 2001; x_wconf 88' lang='lat' dir='ltr'>et</span> <span class='ocrx_word' id='word_1_200' title='bbox 696 1972 858 2010; x_wconf 70' lang='lat' dir='ltr'>humanze,</span> <span class='ocrx_word' id='word_1_201' title='bbox 875 1983 947 2012; x_wconf 77' lang='lat' dir='ltr'>quae</span> <span class='ocrx_word' id='word_1_202' title='bbox 964 1974 1031 2003; x_wconf 91' lang='lat' dir='ltr'>nnl-</span> 
     </span>
     <span class='ocr_line' id='line_1_33' title="bbox 264 2024 908 2056; baseline 0.003 -3"><span class='ocrx_word' id='word_1_203' title='bbox 264 2024 387 2054; x_wconf 86' lang='lat' dir='ltr'>latenus</span> <span class='ocrx_word' id='word_1_204' title='bbox 405 2025 556 2054; x_wconf 84' lang='lat' dir='ltr'>solvitur:</span> <span class='ocrx_word' id='word_1_205' title='bbox 573 2025 641 2055; x_wconf 86' lang='lat' dir='ltr'>ideo</span> <span class='ocrx_word' id='word_1_206' title='bbox 656 2034 719 2055; x_wconf 90' lang='lat' dir='ltr'>non</span> <span class='ocrx_word' id='word_1_207' title='bbox 734 2027 780 2055; x_wconf 87' lang='lat' dir='ltr'>est</span> <span class='ocrx_word' id='word_1_208' title='bbox 796 2026 908 2056; x_wconf 85' lang='lat' dir='ltr'>simile.</span> 
     </span>
    </p>

    <p class='ocr_par' dir='ltr' id='par_1_8' title="bbox 263 2076 1031 2430">
     <span class='ocr_line' id='line_1_34' title="bbox 304 2076 1031 2117; baseline 0.006 -12"><span class='ocrx_word' id='word_1_209' title='bbox 304 2078 332 2105; x_wconf 69' lang='lat'>2.</span> <span class='ocrx_word' id='word_1_210' title='bbox 350 2076 397 2105; x_wconf 87' lang='lat' dir='ltr'>Ad</span> <span class='ocrx_word' id='word_1_211' title='bbox 416 2076 493 2106; x_wconf 89' lang='lat' dir='ltr'>illud</span> <span class='ocrx_word' id='word_1_212' title='bbox 512 2077 596 2115; x_wconf 89' lang='lat' dir='ltr'>quod</span> <span class='ocrx_word' id='word_1_213' title='bbox 615 2077 762 2115; x_wconf 84' lang='lat' dir='ltr'>objicitur</span> <span class='ocrx_word' id='word_1_214' title='bbox 783 2078 820 2107; x_wconf 79' lang='lat' dir='ltr'>de</span> <span class='ocrx_word' id='word_1_215' title='bbox 849 2079 1031 2117; x_wconf 81' lang='lat' dir='ltr'>exceptione</span> 
     </span>
     <span class='ocr_line' id='line_1_35' title="bbox 264 2128 1029 2169; baseline 0.005 -12"><span class='ocrx_word' id='word_1_216' title='bbox 264 2128 398 2164; x_wconf 86' lang='lat' dir='ltr'>Domini,</span> <span class='ocrx_word' id='word_1_217' title='bbox 417 2128 583 2158; x_wconf 87' lang='lat' dir='ltr'>dicendum</span> <span class='ocrx_word' id='word_1_218' title='bbox 601 2129 684 2168; x_wconf 86' lang='lat' dir='ltr'>quod</span> <span class='ocrx_word' id='word_1_219' title='bbox 700 2130 841 2169; x_wconf 74' lang='lat' dir='ltr'>exceptio</span> <span class='ocrx_word' id='word_1_220' title='bbox 856 2140 919 2160; x_wconf 86' lang='lat' dir='ltr'>non</span> <span class='ocrx_word' id='word_1_221' title='bbox 935 2132 1029 2161; x_wconf 82' lang='lat' dir='ltr'>refer-</span> 
     </span>
     <span class='ocr_line' id='line_1_36' title="bbox 264 2180 1031 2220; baseline 0.007 -11"><span class='ocrx_word' id='word_1_222' title='bbox 264 2182 315 2210; x_wconf 89' lang='lat' dir='ltr'>tur</span> <span class='ocrx_word' id='word_1_223' title='bbox 325 2180 363 2210; x_wconf 85' lang='lat' dir='ltr'>ad</span> <span class='ocrx_word' id='word_1_224' title='bbox 377 2182 549 2220; x_wconf 88' lang='lat' dir='ltr'>utrumque</span> <span class='ocrx_word' id='word_1_225' title='bbox 562 2183 679 2219; x_wconf 73' lang='lat' dir='ltr'>actum,</span> <span class='ocrx_word' id='word_1_226' title='bbox 693 2182 745 2212; x_wconf 74' lang='lat' dir='ltr'>scd</span> <span class='ocrx_word' id='word_1_227' title='bbox 761 2182 797 2212; x_wconf 75' lang='lat' dir='ltr'>ad</span> <span class='ocrx_word' id='word_1_228' title='bbox 813 2182 948 2213; x_wconf 85' lang='lat' dir='ltr'>alterum</span> <span class='ocrx_word' id='word_1_229' title='bbox 964 2187 1031 2214; x_wconf 83' lang='lat' dir='ltr'>tau-</span> 
     </span>
     <span class='ocr_line' id='line_1_37' title="bbox 264 2233 1030 2270; baseline 0.007 -8"><span class='ocrx_word' id='word_1_230' title='bbox 264 2236 344 2270; x_wconf 86' lang='lat' dir='ltr'>tum,</span> <span class='ocrx_word' id='word_1_231' title='bbox 371 2233 487 2263; x_wconf 88' lang='lat' dir='ltr'>scilicet</span> <span class='ocrx_word' id='word_1_232' title='bbox 514 2234 551 2263; x_wconf 86' lang='lat' dir='ltr'>ad</span> <span class='ocrx_word' id='word_1_233' title='bbox 579 2236 683 2264; x_wconf 85' lang='lat' dir='ltr'>actum</span> <span class='ocrx_word' id='word_1_234' title='bbox 713 2235 905 2265; x_wconf 87' lang='lat' dir='ltr'>dimissionis</span> <span class='ocrx_word' id='word_1_235' title='bbox 922 2247 928 2265; x_wconf 79' lang='lat' dir='ltr'>t</span> <span class='ocrx_word' id='word_1_236' title='bbox 948 2238 1030 2268; x_wconf 84' lang='lat' dir='ltr'>unde</span> 
     </span>
     <span class='ocr_line' id='line_1_38' title="bbox 263 2286 1030 2322; baseline 0.009 -7"><span class='ocrx_word' id='word_1_237' title='bbox 263 2286 361 2316; x_wconf 84' lang='lat' dir='ltr'>oratio</span> <span class='ocrx_word' id='word_1_238' title='bbox 377 2286 429 2316; x_wconf 85' lang='lat' dir='ltr'>illa</span> <span class='ocrx_word' id='word_1_239' title='bbox 444 2287 522 2317; x_wconf 84' lang='lat' dir='ltr'>duas</span> <span class='ocrx_word' id='word_1_240' title='bbox 534 2287 629 2318; x_wconf 85' lang='lat' dir='ltr'>hahet</span> <span class='ocrx_word' id='word_1_241' title='bbox 643 2297 754 2318; x_wconf 74' lang='lat' dir='ltr'>causas</span> <span class='ocrx_word' id='word_1_242' title='bbox 770 2290 927 2321; x_wconf 80' lang='lat' dir='ltr'>veritatis:</span> <span class='ocrx_word' id='word_1_243' title='bbox 946 2293 1030 2322; x_wconf 79' lang='lat' dir='ltr'>unde</span> 
     </span>
     <span class='ocr_line' id='line_1_39' title="bbox 263 2339 1030 2379; baseline 0.009 -11"><span class='ocrx_word' id='word_1_244' title='bbox 263 2339 337 2377; x_wconf 82' lang='lat' dir='ltr'>quia</span> <span class='ocrx_word' id='word_1_245' title='bbox 355 2339 493 2378; x_wconf 86' lang='lat' dir='ltr'>procedit</span> <span class='ocrx_word' id='word_1_246' title='bbox 516 2340 554 2369; x_wconf 89' lang='lat' dir='ltr'>ad</span> <span class='ocrx_word' id='word_1_247' title='bbox 578 2340 708 2370; x_wconf 84' lang='lat' dir='ltr'>alteram</span> <span class='ocrx_word' id='word_1_248' title='bbox 734 2344 868 2379; x_wconf 78' lang='lat' dir='ltr'>tantum,</span> <span class='ocrx_word' id='word_1_249' title='bbox 894 2344 965 2374; x_wconf 88' lang='lat' dir='ltr'>inde</span> <span class='ocrx_word' id='word_1_250' title='bbox 995 2346 1030 2375; x_wconf 81' lang='lat' dir='ltr'>fit</span> 
     </span>
     <span class='ocr_line' id='line_1_40' title="bbox 263 2400 467 2430; baseline 0.005 -10"><span class='ocrx_word' id='word_1_251' title='bbox 263 2400 467 2430; x_wconf 87' lang='lat' dir='ltr'>consequens.</span> 
     </span>
    </p>

    <p class='ocr_par' dir='ltr' id='par_1_9' title="bbox 262 2444 1029 2538">
     <span class='ocr_line' id='line_1_41' title="bbox 303 2444 1028 2488; baseline 0.011 -15"><span class='ocrx_word' id='word_1_252' title='bbox 303 2446 331 2473; x_wconf 91' lang='grc'>3.</span> <span class='ocrx_word' id='word_1_253' title='bbox 357 2444 404 2474; x_wconf 84' lang='lat' dir='ltr'>Ad</span> <span class='ocrx_word' id='word_1_254' title='bbox 426 2444 502 2474; x_wconf 84' lang='lat' dir='ltr'>illud</span> <span class='ocrx_word' id='word_1_255' title='bbox 516 2445 600 2484; x_wconf 90' lang='lat' dir='ltr'>quod</span> <span class='ocrx_word' id='word_1_256' title='bbox 615 2447 771 2485; x_wconf 83' lang='lat' dir='ltr'>objicitur,</span> <span class='ocrx_word' id='word_1_257' title='bbox 796 2449 881 2488; x_wconf 88' lang='lat' dir='ltr'>quod</span> <span class='ocrx_word' id='word_1_258' title='bbox 896 2450 1028 2481; x_wconf 84' lang='lat' dir='ltr'>solvitur</span> 
     </span>
     <span class='ocr_line' id='line_1_42' title="bbox 262 2497 1029 2538; baseline 0.012 -13"><span class='ocrx_word' id='word_1_259' title='bbox 262 2499 506 2534; x_wconf 82' lang='lat' dir='ltr'>sacramentum,</span> <span class='ocrx_word' id='word_1_260' title='bbox 523 2497 691 2528; x_wconf 88' lang='lat' dir='ltr'>dicendum</span> <span class='ocrx_word' id='word_1_261' title='bbox 710 2501 793 2538; x_wconf 88' lang='lat' dir='ltr'>quod</span> <span class='ocrx_word' id='word_1_262' title='bbox 810 2501 887 2532; x_wconf 89' lang='lat' dir='ltr'>illud</span> <span class='ocrx_word' id='word_1_263' title='bbox 904 2512 966 2533; x_wconf 89' lang='lat' dir='ltr'>nou</span> <span class='ocrx_word' id='word_1_264' title='bbox 983 2506 1029 2534; x_wconf 77' lang='lat' dir='ltr'>est</span> 
     </span>
    </p>
   </div>
   <div class='ocr_carea' id='block_1_6' title="bbox 262 2592 1028 2701">
    <p class='ocr_par' dir='ltr' id='par_1_10' title="bbox 262 2592 1028 2701">
     <span class='ocr_line' id='line_1_43' title="bbox 295 2592 1027 2629; baseline 0.011 -13"><span class='ocrx_word' id='word_1_265' title='bbox 295 2592 355 2622; x_wconf 76' lang='lat' dir='ltr'>¹Cf.</span> <span class='ocrx_word' id='word_1_266' title='bbox 371 2593 397 2617; x_wconf 79' lang='lat' dir='ltr'>S.</span> <span class='ocrx_word' id='word_1_267' title='bbox 410 2593 509 2622; x_wconf 82' lang='lat' dir='ltr'>Thom.,</span> <span class='ocrx_word' id='word_1_268' title='bbox 526 2594 551 2617; x_wconf 90' lang='lat' dir='ltr'>iu</span> <span class='ocrx_word' id='word_1_269' title='bbox 566 2594 651 2624; x_wconf 66' lang='lat' dir='ltr'>Sustpl.</span> <span class='ocrx_word' id='word_1_270' title='bbox 668 2602 691 2625; x_wconf 87' lang='lat' dir='ltr'>p.</span> <span class='ocrx_word' id='word_1_271' title='bbox 710 2596 755 2625; x_wconf 85' lang='lat' dir='ltr'>ill,</span> <span class='ocrx_word' id='word_1_272' title='bbox 771 2604 794 2626; x_wconf 75' lang='lat' dir='ltr'>q.</span> <span class='ocrx_word' id='word_1_273' title='bbox 812 2604 879 2627; x_wconf 79' lang='lat' dir='ltr'>Lxu,</span> <span class='ocrx_word' id='word_1_274' title='bbox 896 2602 942 2622; x_wconf 83' lang='lat' dir='ltr'>art.</span> <span class='ocrx_word' id='word_1_275' title='bbox 958 2602 987 2629; x_wconf 80' lang='grc' dir='ltr'>ὒ;</span> <span class='ocrx_word' id='word_1_276' title='bbox 1004 2604 1027 2625; x_wconf 79' lang='lat' dir='ltr'>et</span> 
     </span>
     <span class='ocr_line' id='line_1_44' title="bbox 264 2627 1026 2665; baseline 0.013 -16"><span class='ocrx_word' id='word_1_277' title='bbox 264 2627 293 2649; x_wconf 91' lang='lat' dir='ltr'>lV</span> <span class='ocrx_word' id='word_1_278' title='bbox 311 2627 390 2656; x_wconf 76' lang='lat' dir='ltr'>Sent.,</span> <span class='ocrx_word' id='word_1_279' title='bbox 406 2628 463 2652; x_wconf 88' lang='lat' dir='ltr'>dist.</span> <span class='ocrx_word' id='word_1_280' title='bbox 478 2635 555 2657; x_wconf 73' lang='lat' dir='ltr'>xxxv,</span> <span class='ocrx_word' id='word_1_281' title='bbox 571 2632 617 2652; x_wconf 82' lang='lat' dir='ltr'>art.</span> <span class='ocrx_word' id='word_1_282' title='bbox 635 2632 656 2660; x_wconf 78' lang='lat'>¹,</span> <span class='ocrx_word' id='word_1_283' title='bbox 672 2637 696 2660; x_wconf 82' lang='lat' dir='ltr'>q.</span> <span class='ocrx_word' id='word_1_284' title='bbox 713 2636 742 2659; x_wconf 67' lang='lat' dir='ltr'>V}</span> <span class='ocrx_word' id='word_1_285' title='bbox 758 2632 884 2662; x_wconf 23' lang='lat' dir='ltr'>Richards,</span> <span class='ocrx_word' id='word_1_286' title='bbox 903 2635 933 2657; x_wconf 68' lang='grc' dir='ltr'><em>Ν</em></span> <span class='ocrx_word' id='word_1_287' title='bbox 949 2634 1026 2665; x_wconf 65' lang='lat' dir='ltr'>Seni.y</span> 
     </span>
     <span class='ocr_line' id='line_1_45' title="bbox 262 2663 1028 2701; baseline 0.012 -16"><span class='ocrx_word' id='word_1_288' title='bbox 262 2663 318 2686; x_wconf 79' lang='lat' dir='ltr'>dist.</span> <span class='ocrx_word' id='word_1_289' title='bbox 343 2669 420 2694; x_wconf 63' lang='lat' dir='ltr'>xxxx&#39;,</span> <span class='ocrx_word' id='word_1_290' title='bbox 439 2666 486 2688; x_wconf 83' lang='lat' dir='ltr'>art.</span> <span class='ocrx_word' id='word_1_291' title='bbox 508 2665 531 2694; x_wconf 79' lang='lat'>3,</span> <span class='ocrx_word' id='word_1_292' title='bbox 555 2672 579 2695; x_wconf 81' lang='lat' dir='ltr'>q.</span> <span class='ocrx_word' id='word_1_293' title='bbox 604 2671 636 2694; x_wconf 83' lang='lat'>113</span> <span class='ocrx_word' id='word_1_294' title='bbox 656 2665 746 2690; x_wconf 87' lang='lat' dir='ltr'>Thom.</span> <span class='ocrx_word' id='word_1_295' title='bbox 768 2668 882 2699; x_wconf 61' lang='lat' dir='ltr'>Argent„</span> <span class='ocrx_word' id='word_1_296' title='bbox 902 2670 932 2692; x_wconf 77' lang='lat' dir='ltr'>lv</span> <span class='ocrx_word' id='word_1_297' title='bbox 949 2671 1028 2701; x_wconf 62' lang='lat' dir='ltr'>Sene„</span> 
     </span>
    </p>
   </div>
   <div class='ocr_carea' id='block_1_7' title="bbox 832 214 1312 247">
    <p class='ocr_par' dir='ltr' id='par_1_11' title="bbox 832 214 1312 247">
     <span class='ocr_line' id='line_1_46' title="bbox 832 214 1312 247; baseline 0.008 -4"><span class='ocrx_word' id='word_1_298' title='bbox 832 214 1138 246; x_wconf 60' lang='lat' dir='ltr'>stewssN&#39;rlARmt</span> <span class='ocrx_word' id='word_1_299' title='bbox 1163 217 1235 247; x_wconf 78' lang='lat' dir='ltr'>Lm.</span> <span class='ocrx_word' id='word_1_300' title='bbox 1263 217 1312 247; x_wconf 92' lang='lat' dir='ltr'>lV.</span> 
     </span>
    </p>
   </div>
   <div class='ocr_carea' id='block_1_8' title="bbox 1094 283 1865 849">
    <p class='ocr_par' dir='ltr' id='par_1_12' title="bbox 1096 283 1864 473">
     <span class='ocr_line' id='line_1_47' title="bbox 1096 283 1861 324; baseline 0.005 -11"><span class='ocrx_word' id='word_1_301' title='bbox 1096 283 1133 313; x_wconf 88' lang='lat' dir='ltr'>de</span> <span class='ocrx_word' id='word_1_302' title='bbox 1148 284 1330 314; x_wconf 82' lang='lat' dir='ltr'>necessitate</span> <span class='ocrx_word' id='word_1_303' title='bbox 1345 285 1550 322; x_wconf 82' lang='lat' dir='ltr'>sacramenti,</span> <span class='ocrx_word' id='word_1_304' title='bbox 1567 285 1651 324; x_wconf 89' lang='lat' dir='ltr'>quod</span> <span class='ocrx_word' id='word_1_305' title='bbox 1665 295 1737 317; x_wconf 84' lang='lat' dir='ltr'>caro</span> <span class='ocrx_word' id='word_1_306' title='bbox 1755 287 1795 317; x_wconf 85' lang='lat' dir='ltr'>sit.</span> <span class='ocrx_word' id='word_1_307' title='bbox 1814 287 1861 317; x_wconf 90' lang='lat' dir='ltr'>in-</span> 
     </span>
     <span class='ocr_line' id='line_1_48' title="bbox 1096 336 1864 380; baseline 0.005 -14"><span class='ocrx_word' id='word_1_308' title='bbox 1096 336 1210 374; x_wconf 81' lang='lat' dir='ltr'>divisa;</span> <span class='ocrx_word' id='word_1_309' title='bbox 1224 337 1275 367; x_wconf 68' lang='lat' dir='ltr'>scil</span> <span class='ocrx_word' id='word_1_310' title='bbox 1291 337 1328 367; x_wconf 85' lang='lat' dir='ltr'>dc</span> <span class='ocrx_word' id='word_1_311' title='bbox 1345 337 1507 380; x_wconf 72' lang='lat' dir='ltr'>nobilitate</span> <span class='ocrx_word' id='word_1_312' title='bbox 1520 339 1551 368; x_wconf 89' lang='lat' dir='ltr'>et</span> <span class='ocrx_word' id='word_1_313' title='bbox 1565 338 1731 377; x_wconf 80' lang='lat' dir='ltr'>dignitate.</span> <span class='ocrx_word' id='word_1_314' title='bbox 1750 338 1864 376; x_wconf 85' lang='lat' dir='ltr'>Quam-</span> 
     </span>
     <span class='ocr_line' id='line_1_49' title="bbox 1097 390 1863 428; baseline 0.003 -9"><span class='ocrx_word' id='word_1_315' title='bbox 1097 390 1144 419; x_wconf 90' lang='lat' dir='ltr'>vis</span> <span class='ocrx_word' id='word_1_316' title='bbox 1160 391 1244 420; x_wconf 76' lang='lat' dir='ltr'>enim</span> <span class='ocrx_word' id='word_1_317' title='bbox 1263 392 1340 427; x_wconf 76' lang='lat' dir='ltr'>jcaro</span> <span class='ocrx_word' id='word_1_318' title='bbox 1355 390 1484 420; x_wconf 85' lang='lat' dir='ltr'>alterius</span> <span class='ocrx_word' id='word_1_319' title='bbox 1501 390 1660 421; x_wconf 83' lang='lat' dir='ltr'>dividatur</span> <span class='ocrx_word' id='word_1_320' title='bbox 1671 415 1678 428; x_wconf 90' lang='lat'><strong><em>‚</em></strong></span> <span class='ocrx_word' id='word_1_321' title='bbox 1702 390 1863 421; x_wconf 88' lang='lat' dir='ltr'>nihilomi-</span> 
     </span>
     <span class='ocr_line' id='line_1_50' title="bbox 1097 443 1574 473; baseline 0 -1"><span class='ocrx_word' id='word_1_322' title='bbox 1097 452 1156 472; x_wconf 80' lang='lat' dir='ltr'>nus</span> <span class='ocrx_word' id='word_1_323' title='bbox 1171 445 1245 473; x_wconf 89' lang='lat' dir='ltr'>sunt</span> <span class='ocrx_word' id='word_1_324' title='bbox 1262 443 1324 472; x_wconf 72' lang='lat' dir='ltr'>(luo</span> <span class='ocrx_word' id='word_1_325' title='bbox 1340 443 1372 472; x_wconf 87' lang='lat' dir='ltr'>in</span> <span class='ocrx_word' id='word_1_326' title='bbox 1388 452 1453 473; x_wconf 88' lang='lat' dir='ltr'>una</span> <span class='ocrx_word' id='word_1_327' title='bbox 1470 452 1574 472; x_wconf 87' lang='lat' dir='ltr'>carne.</span> 
     </span>
    </p>

    <p class='ocr_par' dir='ltr' id='par_1_13' title="bbox 1094 495 1865 849">
     <span class='ocr_line' id='line_1_51' title="bbox 1136 495 1862 535; baseline 0.001 -10"><span class='ocrx_word' id='word_1_328' title='bbox 1136 498 1165 525; x_wconf 72' lang='lat'>4.</span> <span class='ocrx_word' id='word_1_329' title='bbox 1177 495 1221 525; x_wconf 76' lang='lat' dir='ltr'>Ad</span> <span class='ocrx_word' id='word_1_330' title='bbox 1234 495 1399 534; x_wconf 81' lang='lat' dir='ltr'>illudquod</span> <span class='ocrx_word' id='word_1_331' title='bbox 1409 495 1567 534; x_wconf 85' lang='lat' dir='ltr'>objicitur,</span> <span class='ocrx_word' id='word_1_332' title='bbox 1580 495 1664 535; x_wconf 87' lang='lat' dir='ltr'>quod</span> <span class='ocrx_word' id='word_1_333' title='bbox 1678 498 1747 535; x_wconf 87' lang='lat' dir='ltr'>post</span> <span class='ocrx_word' id='word_1_334' title='bbox 1757 495 1862 526; x_wconf 88' lang='lat' dir='ltr'>divor-</span> 
     </span>
     <span class='ocr_line' id='line_1_52' title="bbox 1096 547 1863 585; baseline 0.001 -8"><span class='ocrx_word' id='word_1_335' title='bbox 1096 549 1176 578; x_wconf 83' lang='lat' dir='ltr'>tium</span> <span class='ocrx_word' id='word_1_336' title='bbox 1196 548 1244 578; x_wconf 88' lang='lat' dir='ltr'>vir</span> <span class='ocrx_word' id='word_1_337' title='bbox 1259 548 1291 578; x_wconf 90' lang='lat' dir='ltr'>in</span> <span class='ocrx_word' id='word_1_338' title='bbox 1306 547 1393 577; x_wconf 91' lang='lat' dir='ltr'>nullo</span> <span class='ocrx_word' id='word_1_339' title='bbox 1416 550 1540 577; x_wconf 85' lang='lat' dir='ltr'>tenetur</span> <span class='ocrx_word' id='word_1_340' title='bbox 1555 548 1667 585; x_wconf 77' lang='lat' dir='ltr'>uxori,</span> <span class='ocrx_word' id='word_1_341' title='bbox 1687 557 1743 578; x_wconf 84' lang='lat' dir='ltr'>nec</span> <span class='ocrx_word' id='word_1_342' title='bbox 1757 557 1774 578; x_wconf 88' lang='lat' dir='ltr'>e</span> <span class='ocrx_word' id='word_1_343' title='bbox 1788 557 1863 578; x_wconf 86' lang='lat' dir='ltr'>con-</span> 
     </span>
     <span class='ocr_line' id='line_1_53' title="bbox 1096 600 1862 640; baseline 0.003 -10"><span class='ocrx_word' id='word_1_344' title='bbox 1096 610 1197 637; x_wconf 80' lang='lat' dir='ltr'>verso,</span> <span class='ocrx_word' id='word_1_345' title='bbox 1213 601 1380 631; x_wconf 87' lang='lat' dir='ltr'>dicendum</span> <span class='ocrx_word' id='word_1_346' title='bbox 1402 600 1486 640; x_wconf 89' lang='lat' dir='ltr'>quod</span> <span class='ocrx_word' id='word_1_347' title='bbox 1502 601 1648 640; x_wconf 86' lang='lat' dir='ltr'>quamvis</span> <span class='ocrx_word' id='word_1_348' title='bbox 1663 601 1741 631; x_wconf 89' lang='lat' dir='ltr'>nihil</span> <span class='ocrx_word' id='word_1_349' title='bbox 1756 603 1862 632; x_wconf 83' lang='lat' dir='ltr'>tenea-</span> 
     </span>
     <span class='ocr_line' id='line_1_54' title="bbox 1095 653 1863 690; baseline 0.001 -7"><span class='ocrx_word' id='word_1_350' title='bbox 1095 656 1146 683; x_wconf 86' lang='lat' dir='ltr'>tur</span> <span class='ocrx_word' id='word_1_351' title='bbox 1160 653 1252 683; x_wconf 80' lang='lat' dir='ltr'>uxori</span> <span class='ocrx_word' id='word_1_352' title='bbox 1263 653 1402 690; x_wconf 79' lang='lat' dir='ltr'>reddere,</span> <span class='ocrx_word' id='word_1_353' title='bbox 1417 653 1624 683; x_wconf 86' lang='lat' dir='ltr'>nihilominus</span> <span class='ocrx_word' id='word_1_354' title='bbox 1641 656 1749 684; x_wconf 77' lang='lat' dir='ltr'>tamen</span> <span class='ocrx_word' id='word_1_355' title='bbox 1759 662 1863 684; x_wconf 86' lang='lat' dir='ltr'>sacra-</span> 
     </span>
     <span class='ocr_line' id='line_1_55' title="bbox 1094 705 1865 746; baseline 0.001 -10"><span class='ocrx_word' id='word_1_356' title='bbox 1094 706 1271 736; x_wconf 87' lang='lat' dir='ltr'>mentaliter</span> <span class='ocrx_word' id='word_1_357' title='bbox 1294 708 1339 735; x_wconf 91' lang='lat' dir='ltr'>est</span> <span class='ocrx_word' id='word_1_358' title='bbox 1362 705 1495 744; x_wconf 85' lang='lat' dir='ltr'>ligatus;</span> <span class='ocrx_word' id='word_1_359' title='bbox 1517 709 1547 736; x_wconf 83' lang='lat' dir='ltr'>et</span> <span class='ocrx_word' id='word_1_360' title='bbox 1570 706 1646 746; x_wconf 86' lang='lat' dir='ltr'>quia</span> <span class='ocrx_word' id='word_1_361' title='bbox 1666 708 1712 737; x_wconf 89' lang='lat' dir='ltr'>est</span> <span class='ocrx_word' id='word_1_362' title='bbox 1735 707 1763 736; x_wconf 85' lang='lat' dir='ltr'>ei</span> <span class='ocrx_word' id='word_1_363' title='bbox 1787 706 1865 737; x_wconf 84' lang='lat' dir='ltr'>alter</span> 
     </span>
     <span class='ocr_line' id='line_1_56' title="bbox 1094 758 1858 798; baseline 0.001 -9"><span class='ocrx_word' id='word_1_364' title='bbox 1094 759 1244 798; x_wconf 79' lang='lat' dir='ltr'>alligatus</span> <span class='ocrx_word' id='word_1_365' title='bbox 1259 758 1402 798; x_wconf 85' lang='lat' dir='ltr'>quandiu</span> <span class='ocrx_word' id='word_1_366' title='bbox 1424 759 1519 796; x_wconf 85' lang='lat' dir='ltr'>vivit,</span> <span class='ocrx_word' id='word_1_367' title='bbox 1536 759 1606 789; x_wconf 80' lang='lat' dir='ltr'>ideo</span> <span class='ocrx_word' id='word_1_368' title='bbox 1621 768 1684 789; x_wconf 94' lang='lat' dir='ltr'>non</span> <span class='ocrx_word' id='word_1_369' title='bbox 1699 761 1800 798; x_wconf 87' lang='lat' dir='ltr'>potest</span> <span class='ocrx_word' id='word_1_370' title='bbox 1813 759 1858 790; x_wconf 91' lang='lat' dir='ltr'>al-</span> 
     </span>
     <span class='ocr_line' id='line_1_57' title="bbox 1094 811 1302 849; baseline 0 -8"><span class='ocrx_word' id='word_1_371' title='bbox 1094 812 1150 842; x_wconf 86' lang='lat' dir='ltr'>teri</span> <span class='ocrx_word' id='word_1_372' title='bbox 1167 811 1302 849; x_wconf 79' lang='lat' dir='ltr'>alligari.</span> 
     </span>
    </p>
   </div>
   <div class='ocr_carea' id='block_1_9' title="bbox 1356 917 1593 954">
    <p class='ocr_par' dir='ltr' id='par_1_14' title="bbox 1356 917 1593 954">
     <span class='ocr_line' id='line_1_58' title="bbox 1356 917 1593 954; baseline -0.004 -6"><span class='ocrx_word' id='word_1_373' title='bbox 1356 917 1536 954; x_wconf 78' lang='lat' dir='ltr'>QUAESTIO</span> <span class='ocrx_word' id='word_1_374' title='bbox 1558 917 1593 947; x_wconf 94' lang='lat' dir='ltr'>V.</span> 
     </span>
    </p>
   </div>
   <div class='ocr_carea' id='block_1_10' title="bbox 1124 1002 1839 1073">
    <p class='ocr_par' dir='ltr' id='par_1_15' title="bbox 1124 1002 1839 1073">
     <span class='ocr_line' id='line_1_59' title="bbox 1124 1002 1839 1037; baseline 0.001 -8"><span class='ocrx_word' id='word_1_375' title='bbox 1124 1005 1162 1029; x_wconf 77' lang='lat' dir='ltr'>An</span> <span class='ocrx_word' id='word_1_376' title='bbox 1173 1006 1229 1037; x_wconf 78' lang='lat' dir='ltr'>post</span> <span class='ocrx_word' id='word_1_377' title='bbox 1245 1003 1389 1029; x_wconf 78' lang='lat' dir='ltr'>divortium</span> <span class='ocrx_word' id='word_1_378' title='bbox 1403 1004 1516 1036; x_wconf 80' lang='lat' dir='ltr'>possunt</span> <span class='ocrx_word' id='word_1_379' title='bbox 1528 1002 1572 1028; x_wconf 72' lang='lat' dir='ltr'>vir</span> <span class='ocrx_word' id='word_1_380' title='bbox 1583 1004 1606 1029; x_wconf 78' lang='lat' dir='ltr'>et</span> <span class='ocrx_word' id='word_1_381' title='bbox 1623 1003 1718 1029; x_wconf 82' lang='lat' dir='ltr'>mulier</span> <span class='ocrx_word' id='word_1_382' title='bbox 1727 1003 1839 1030; x_wconf 79' lang='lat' dir='ltr'>invicem</span> 
     </span>
     <span class='ocr_line' id='line_1_60' title="bbox 1369 1046 1574 1073; baseline -0.005 0"><span class='ocrx_word' id='word_1_383' title='bbox 1369 1047 1540 1073; x_wconf 80' lang='lat' dir='ltr'>reconciliari</span> <span class='ocrx_word' id='word_1_384' title='bbox 1557 1046 1574 1072; x_wconf 91' lang='lat'>¹.</span> 
     </span>
    </p>
   </div>
   <div class='ocr_carea' id='block_1_11' title="bbox 1131 1129 1980 1169">
    <p class='ocr_par' dir='ltr' id='par_1_16' title="bbox 1131 1129 1980 1169">
     <span class='ocr_line' id='line_1_61' title="bbox 1131 1129 1980 1169; baseline 0.004 -10"><span class='ocrx_word' id='word_1_385' title='bbox 1131 1129 1244 1159; x_wconf 90' lang='lat' dir='ltr'>Utrum</span> <span class='ocrx_word' id='word_1_386' title='bbox 1262 1132 1328 1169; x_wconf 85' lang='lat' dir='ltr'>post</span> <span class='ocrx_word' id='word_1_387' title='bbox 1343 1129 1519 1160; x_wconf 83' lang='lat' dir='ltr'>divortium</span> <span class='ocrx_word' id='word_1_388' title='bbox 1535 1131 1654 1169; x_wconf 88' lang='lat' dir='ltr'>possint</span> <span class='ocrx_word' id='word_1_389' title='bbox 1669 1130 1718 1160; x_wconf 83' lang='lat' dir='ltr'>vir</span> <span class='ocrx_word' id='word_1_390' title='bbox 1733 1132 1763 1160; x_wconf 81' lang='lat' dir='ltr'>et</span> <span class='ocrx_word' id='word_1_391' title='bbox 1778 1139 1861 1160; x_wconf 86' lang='lat' dir='ltr'>uxor</span> <span class='ocrx_word' id='word_1_392' title='bbox 1877 1141 1980 1162; x_wconf 64' lang='lat' dir='ltr'>Fundam.</span> 
     </span>
    </p>
   </div>
   <div class='ocr_carea' id='block_1_12' title="bbox 1087 1182 1858 2382">
    <p class='ocr_par' dir='ltr' id='par_1_17' title="bbox 1089 1182 1858 1381">
     <span class='ocr_line' id='line_1_62' title="bbox 1091 1182 1858 1222; baseline 0 -10"><span class='ocrx_word' id='word_1_393' title='bbox 1091 1183 1227 1212; x_wconf 83' lang='lat' dir='ltr'>invicem</span> <span class='ocrx_word' id='word_1_394' title='bbox 1242 1182 1454 1219; x_wconf 85' lang='lat' dir='ltr'>reconciliari;</span> <span class='ocrx_word' id='word_1_395' title='bbox 1472 1185 1502 1212; x_wconf 84' lang='lat' dir='ltr'>et</span> <span class='ocrx_word' id='word_1_396' title='bbox 1517 1183 1600 1222; x_wconf 86' lang='lat' dir='ltr'>quod</span> <span class='ocrx_word' id='word_1_397' title='bbox 1617 1182 1671 1220; x_wconf 86' lang='lat' dir='ltr'>sic,</span> <span class='ocrx_word' id='word_1_398' title='bbox 1689 1182 1815 1213; x_wconf 87' lang='lat' dir='ltr'>videtur</span> <span class='ocrx_word' id='word_1_399' title='bbox 1828 1185 1858 1212; x_wconf 71' lang='grc' dir='ltr'><strong><em>ἐ</em></strong></span> 
     </span>
     <span class='ocr_line' id='line_1_63' title="bbox 1092 1235 1858 1275; baseline -0.001 -8"><span class='ocrx_word' id='word_1_400' title='bbox 1092 1236 1126 1267; x_wconf 76' lang='lat' dir='ltr'>Si</span> <span class='ocrx_word' id='word_1_401' title='bbox 1135 1235 1318 1267; x_wconf 73' lang='lat' dir='ltr'>discesserit</span> <span class='ocrx_word' id='word_1_402' title='bbox 1334 1243 1417 1266; x_wconf 68' lang='lat' dir='ltr'>uxor</span> <span class='ocrx_word' id='word_1_403' title='bbox 1436 1235 1456 1266; x_wconf 80' lang='grc' dir='ltr'><em>ἀ</em></span> <span class='ocrx_word' id='word_1_404' title='bbox 1471 1236 1552 1272; x_wconf 77' lang='lat' dir='ltr'>viro,</span> <span class='ocrx_word' id='word_1_405' title='bbox 1567 1236 1717 1275; x_wconf 78' lang='lat' dir='ltr'>proecz&#39;pio</span> <span class='ocrx_word' id='word_1_406' title='bbox 1733 1243 1858 1266; x_wconf 82' lang='lat' dir='ltr'>manere</span> 
     </span>
     <span class='ocr_line' id='line_1_64' title="bbox 1089 1288 1858 1328; baseline -0.001 -8"><span class='ocrx_word' id='word_1_407' title='bbox 1089 1289 1270 1328; x_wconf 77' lang='lat' dir='ltr'>innuptam,</span> <span class='ocrx_word' id='word_1_408' title='bbox 1287 1291 1343 1319; x_wconf 77' lang='lat' dir='ltr'>aut</span> <span class='ocrx_word' id='word_1_409' title='bbox 1367 1289 1436 1320; x_wconf 74' lang='lat' dir='ltr'>viro</span> <span class='ocrx_word' id='word_1_410' title='bbox 1453 1296 1509 1319; x_wconf 80' lang='lat' dir='ltr'>suo</span> <span class='ocrx_word' id='word_1_411' title='bbox 1532 1288 1736 1319; x_wconf 75' lang='lat' dir='ltr'>reconciliari</span> <span class='ocrx_word' id='word_1_412' title='bbox 1751 1297 1858 1328; x_wconf 85' lang='lat' dir='ltr'>:ergo</span> 
     </span>
     <span class='ocr_line' id='line_1_65' title="bbox 1089 1342 1454 1381; baseline -0.003 -9"><span class='ocrx_word' id='word_1_413' title='bbox 1089 1344 1189 1381; x_wconf 82' lang='lat' dir='ltr'>potest</span> <span class='ocrx_word' id='word_1_414' title='bbox 1205 1343 1233 1372; x_wconf 87' lang='lat' dir='ltr'>ei</span> <span class='ocrx_word' id='word_1_415' title='bbox 1248 1342 1454 1372; x_wconf 83' lang='lat' dir='ltr'>reconciliari.</span> 
     </span>
    </p>

    <p class='ocr_par' dir='ltr' id='par_1_18' title="bbox 1088 1393 1857 1636">
     <span class='ocr_line' id='line_1_66' title="bbox 1129 1393 1857 1434; baseline 0 -9"><span class='ocrx_word' id='word_1_416' title='bbox 1129 1395 1217 1430; x_wconf 82' lang='lat' dir='ltr'>Item,</span> <span class='ocrx_word' id='word_1_417' title='bbox 1230 1395 1312 1434; x_wconf 82' lang='lat' dir='ltr'>quod</span> <span class='ocrx_word' id='word_1_418' title='bbox 1327 1395 1376 1425; x_wconf 85' lang='lat' dir='ltr'>vir</span> <span class='ocrx_word' id='word_1_419' title='bbox 1387 1395 1535 1424; x_wconf 87' lang='lat' dir='ltr'>innocens</span> <span class='ocrx_word' id='word_1_420' title='bbox 1546 1393 1643 1433; x_wconf 85' lang='lat' dir='ltr'>possit</span> <span class='ocrx_word' id='word_1_421' title='bbox 1656 1394 1857 1425; x_wconf 85' lang='lat' dir='ltr'>reconciliare</span> 
     </span>
     <span class='ocr_line' id='line_1_67' title="bbox 1090 1447 1854 1487; baseline 0 -10"><span class='ocrx_word' id='word_1_422' title='bbox 1090 1457 1221 1477; x_wconf 81' lang='lat' dir='ltr'>uxorem</span> <span class='ocrx_word' id='word_1_423' title='bbox 1246 1448 1387 1483; x_wconf 83' lang='lat' dir='ltr'>invitam,</span> <span class='ocrx_word' id='word_1_424' title='bbox 1403 1447 1546 1484; x_wconf 86' lang='lat' dir='ltr'>videtur,</span> <span class='ocrx_word' id='word_1_425' title='bbox 1564 1447 1639 1486; x_wconf 81' lang='lat' dir='ltr'>quia</span> <span class='ocrx_word' id='word_1_426' title='bbox 1659 1455 1724 1477; x_wconf 89' lang='lat' dir='ltr'>non</span> <span class='ocrx_word' id='word_1_427' title='bbox 1746 1455 1854 1487; x_wconf 86' lang='lat' dir='ltr'>pecca-</span> 
     </span>
     <span class='ocr_line' id='line_1_68' title="bbox 1089 1500 1857 1539; baseline 0 -9"><span class='ocrx_word' id='word_1_428' title='bbox 1089 1501 1135 1531; x_wconf 86' lang='lat' dir='ltr'>vit</span> <span class='ocrx_word' id='word_1_429' title='bbox 1152 1511 1158 1530; x_wconf 77' lang='lat' dir='ltr'><em>z</em></span> <span class='ocrx_word' id='word_1_430' title='bbox 1172 1510 1252 1539; x_wconf 83' lang='lat' dir='ltr'>ergo</span> <span class='ocrx_word' id='word_1_431' title='bbox 1267 1500 1344 1530; x_wconf 88' lang='lat' dir='ltr'>nihil</span> <span class='ocrx_word' id='word_1_432' title='bbox 1359 1500 1463 1529; x_wconf 84' lang='lat' dir='ltr'>amisit</span> <span class='ocrx_word' id='word_1_433' title='bbox 1479 1500 1601 1539; x_wconf 69' lang='lat' dir='ltr'>dejtu’e</span> <span class='ocrx_word' id='word_1_434' title='bbox 1615 1508 1692 1530; x_wconf 91' lang='lat' dir='ltr'>suo:</span> <span class='ocrx_word' id='word_1_435' title='bbox 1711 1508 1789 1538; x_wconf 84' lang='lat' dir='ltr'>ergo</span> <span class='ocrx_word' id='word_1_436' title='bbox 1803 1508 1857 1539; x_wconf 90' lang='lat' dir='ltr'>po-</span> 
     </span>
     <span class='ocr_line' id='line_1_69' title="bbox 1089 1552 1856 1592; baseline -0.001 -9"><span class='ocrx_word' id='word_1_437' title='bbox 1089 1556 1147 1583; x_wconf 85' lang='lat' dir='ltr'>test</span> <span class='ocrx_word' id='word_1_438' title='bbox 1163 1556 1268 1592; x_wconf 86' lang='lat' dir='ltr'>petere</span> <span class='ocrx_word' id='word_1_439' title='bbox 1283 1553 1423 1583; x_wconf 85' lang='lat' dir='ltr'>debitum</span> <span class='ocrx_word' id='word_1_440' title='bbox 1442 1563 1448 1581; x_wconf 87' lang='lat'>:</span> <span class='ocrx_word' id='word_1_441' title='bbox 1465 1561 1543 1591; x_wconf 83' lang='lat' dir='ltr'>ergo</span> <span class='ocrx_word' id='word_1_442' title='bbox 1569 1552 1621 1582; x_wconf 79' lang='lat' dir='ltr'>illa</span> <span class='ocrx_word' id='word_1_443' title='bbox 1647 1554 1772 1583; x_wconf 90' lang='lat' dir='ltr'>tenetur</span> <span class='ocrx_word' id='word_1_444' title='bbox 1786 1552 1856 1583; x_wconf 88' lang='lat' dir='ltr'>red-</span> 
     </span>
     <span class='ocr_line' id='line_1_70' title="bbox 1088 1607 1172 1636; baseline -0.012 0"><span class='ocrx_word' id='word_1_445' title='bbox 1088 1607 1172 1636; x_wconf 84' lang='lat' dir='ltr'>dere.</span> 
     </span>
    </p>

    <p class='ocr_par' dir='ltr' id='par_1_19' title="bbox 1088 1657 1858 1856">
     <span class='ocr_line' id='line_1_71' title="bbox 1129 1657 1858 1697; baseline 0.001 -9"><span class='ocrx_word' id='word_1_446' title='bbox 1129 1658 1206 1688; x_wconf 84' lang='lat' dir='ltr'>item</span> <span class='ocrx_word' id='word_1_447' title='bbox 1222 1659 1270 1688; x_wconf 87' lang='lat' dir='ltr'>vir</span> <span class='ocrx_word' id='word_1_448' title='bbox 1286 1667 1349 1688; x_wconf 89' lang='lat' dir='ltr'>non</span> <span class='ocrx_word' id='word_1_449' title='bbox 1364 1660 1488 1688; x_wconf 90' lang='lat' dir='ltr'>tenetur</span> <span class='ocrx_word' id='word_1_450' title='bbox 1509 1658 1686 1695; x_wconf 84' lang='lat' dir='ltr'>continere,</span> <span class='ocrx_word' id='word_1_451' title='bbox 1704 1657 1778 1697; x_wconf 87' lang='lat' dir='ltr'>quia</span> <span class='ocrx_word' id='word_1_452' title='bbox 1794 1667 1858 1689; x_wconf 90' lang='lat' dir='ltr'>non</span> 
     </span>
     <span class='ocr_line' id='line_1_72' title="bbox 1088 1712 1857 1750; baseline 0 -9"><span class='ocrx_word' id='word_1_453' title='bbox 1088 1712 1260 1750; x_wconf 78' lang='lat' dir='ltr'>obligatur,</span> <span class='ocrx_word' id='word_1_454' title='bbox 1278 1720 1334 1740; x_wconf 88' lang='lat' dir='ltr'>nec</span> <span class='ocrx_word' id='word_1_455' title='bbox 1347 1720 1386 1740; x_wconf 81' lang='lat' dir='ltr'>ex</span> <span class='ocrx_word' id='word_1_456' title='bbox 1402 1712 1485 1747; x_wconf 84' lang='lat' dir='ltr'>voto,</span> <span class='ocrx_word' id='word_1_457' title='bbox 1498 1719 1556 1740; x_wconf 90' lang='lat' dir='ltr'>nec</span> <span class='ocrx_word' id='word_1_458' title='bbox 1567 1719 1607 1740; x_wconf 82' lang='lat' dir='ltr'>ex</span> <span class='ocrx_word' id='word_1_459' title='bbox 1624 1719 1717 1750; x_wconf 83' lang='lat' dir='ltr'>poena</span> <span class='ocrx_word' id='word_1_460' title='bbox 1734 1713 1784 1741; x_wconf 90' lang='lat' dir='ltr'>:et</span> <span class='ocrx_word' id='word_1_461' title='bbox 1793 1720 1857 1741; x_wconf 89' lang='lat' dir='ltr'>non</span> 
     </span>
     <span class='ocr_line' id='line_1_73' title="bbox 1090 1763 1858 1803; baseline 0 -10"><span class='ocrx_word' id='word_1_462' title='bbox 1090 1766 1189 1803; x_wconf 75' lang='lat' dir='ltr'>potest</span> <span class='ocrx_word' id='word_1_463' title='bbox 1205 1763 1335 1793; x_wconf 81' lang='lat' dir='ltr'>alteram</span> <span class='ocrx_word' id='word_1_464' title='bbox 1351 1763 1487 1793; x_wconf 87' lang='lat' dir='ltr'>ducere:</span> <span class='ocrx_word' id='word_1_465' title='bbox 1501 1772 1580 1801; x_wconf 78' lang='lat' dir='ltr'>ergo</span> <span class='ocrx_word' id='word_1_466' title='bbox 1595 1765 1696 1802; x_wconf 89' lang='lat' dir='ltr'>potest</span> <span class='ocrx_word' id='word_1_467' title='bbox 1709 1763 1768 1793; x_wconf 83' lang='lat' dir='ltr'>sibi</span> <span class='ocrx_word' id='word_1_468' title='bbox 1783 1772 1858 1793; x_wconf 86' lang='lat' dir='ltr'>uxo-</span> 
     </span>
     <span class='ocr_line' id='line_1_74' title="bbox 1089 1815 1560 1856; baseline -0.002 -10"><span class='ocrx_word' id='word_1_469' title='bbox 1089 1826 1156 1846; x_wconf 71' lang='lat' dir='ltr'>rcm</span> <span class='ocrx_word' id='word_1_470' title='bbox 1171 1816 1332 1856; x_wconf 83' lang='lat' dir='ltr'>propriam</span> <span class='ocrx_word' id='word_1_471' title='bbox 1348 1815 1560 1846; x_wconf 85' lang='lat' dir='ltr'>reconciliare.</span> 
     </span>
    </p>

    <p class='ocr_par' dir='ltr' id='par_1_20' title="bbox 1087 1868 1858 2170">
     <span class='ocr_line' id='line_1_75' title="bbox 1130 1868 1858 1908; baseline 0 -10"><span class='ocrx_word' id='word_1_472' title='bbox 1130 1869 1321 1908; x_wconf 84' lang='lat' dir='ltr'>lte1n‚quod</span> <span class='ocrx_word' id='word_1_473' title='bbox 1346 1868 1512 1898; x_wconf 81' lang='lat' dir='ltr'>fornicaria</span> <span class='ocrx_word' id='word_1_474' title='bbox 1539 1868 1634 1907; x_wconf 87' lang='lat' dir='ltr'>possit</span> <span class='ocrx_word' id='word_1_475' title='bbox 1657 1868 1858 1899; x_wconf 85' lang='lat' dir='ltr'>reconciliare</span> 
     </span>
     <span class='ocr_line' id='line_1_76' title="bbox 1089 1921 1858 1960; baseline 0 -8"><span class='ocrx_word' id='word_1_476' title='bbox 1089 1923 1195 1953; x_wconf 87' lang='lat' dir='ltr'>virum</span> <span class='ocrx_word' id='word_1_477' title='bbox 1221 1922 1358 1951; x_wconf 86' lang='lat' dir='ltr'>invitum</span> <span class='ocrx_word' id='word_1_478' title='bbox 1372 1945 1379 1958; x_wconf 83' lang='lat'><strong>‚</strong></span> <span class='ocrx_word' id='word_1_479' title='bbox 1398 1921 1522 1951; x_wconf 89' lang='lat' dir='ltr'>videtur</span> <span class='ocrx_word' id='word_1_480' title='bbox 1539 1931 1545 1951; x_wconf 80' lang='lat' dir='ltr'>z</span> <span class='ocrx_word' id='word_1_481' title='bbox 1563 1923 1628 1951; x_wconf 88' lang='lat' dir='ltr'>esto</span> <span class='ocrx_word' id='word_1_482' title='bbox 1656 1921 1738 1960; x_wconf 82' lang='lat' dir='ltr'>quod</span> <span class='ocrx_word' id='word_1_483' title='bbox 1766 1921 1858 1952; x_wconf 84' lang='lat' dir='ltr'>suffi-</span> 
     </span>
     <span class='ocr_line' id='line_1_77' title="bbox 1088 1973 1856 2014; baseline 0 -9"><span class='ocrx_word' id='word_1_484' title='bbox 1088 1976 1203 2005; x_wconf 87' lang='lat' dir='ltr'>cienter</span> <span class='ocrx_word' id='word_1_485' title='bbox 1213 1974 1315 2013; x_wconf 83' lang='lat' dir='ltr'>egerit</span> <span class='ocrx_word' id='word_1_486' title='bbox 1327 1973 1554 2013; x_wconf 78' lang='lat' dir='ltr'>poenitentiam,</span> <span class='ocrx_word' id='word_1_487' title='bbox 1566 1973 1698 2003; x_wconf 86' lang='lat' dir='ltr'>remissa</span> <span class='ocrx_word' id='word_1_488' title='bbox 1707 1977 1754 2004; x_wconf 86' lang='lat' dir='ltr'>est</span> <span class='ocrx_word' id='word_1_489' title='bbox 1766 1974 1856 2014; x_wconf 86' lang='lat' dir='ltr'>culpa</span> 
     </span>
     <span class='ocr_line' id='line_1_78' title="bbox 1088 2026 1856 2066; baseline 0 -9"><span class='ocrx_word' id='word_1_490' title='bbox 1088 2030 1117 2057; x_wconf 91' lang='lat' dir='ltr'>et</span> <span class='ocrx_word' id='word_1_491' title='bbox 1138 2036 1230 2066; x_wconf 78' lang='lat' dir='ltr'>poena</span> <span class='ocrx_word' id='word_1_492' title='bbox 1252 2037 1258 2056; x_wconf 70' lang='grc' dir='ltr'><strong>ι</strong></span> <span class='ocrx_word' id='word_1_493' title='bbox 1284 2035 1363 2064; x_wconf 84' lang='lat' dir='ltr'>ergo</span> <span class='ocrx_word' id='word_1_494' title='bbox 1391 2028 1490 2056; x_wconf 76' lang='lat' dir='ltr'>cessat</span> <span class='ocrx_word' id='word_1_495' title='bbox 1518 2035 1612 2056; x_wconf 84' lang='lat' dir='ltr'>causa</span> <span class='ocrx_word' id='word_1_496' title='bbox 1640 2026 1766 2057; x_wconf 87' lang='lat' dir='ltr'>divortii</span> <span class='ocrx_word' id='word_1_497' title='bbox 1789 2037 1795 2056; x_wconf 93' lang='lat'>:</span> <span class='ocrx_word' id='word_1_498' title='bbox 1826 2029 1856 2057; x_wconf 86' lang='lat' dir='ltr'>et</span> 
     </span>
     <span class='ocr_line' id='line_1_79' title="bbox 1087 2079 1854 2116; baseline 0 -6"><span class='ocrx_word' id='word_1_499' title='bbox 1087 2090 1161 2111; x_wconf 87' lang='lat' dir='ltr'>cum</span> <span class='ocrx_word' id='word_1_500' title='bbox 1182 2089 1276 2110; x_wconf 82' lang='lat' dir='ltr'>causa</span> <span class='ocrx_word' id='word_1_501' title='bbox 1303 2082 1442 2110; x_wconf 86' lang='lat' dir='ltr'>cessante</span> <span class='ocrx_word' id='word_1_502' title='bbox 1471 2082 1569 2109; x_wconf 82' lang='lat' dir='ltr'>cesset</span> <span class='ocrx_word' id='word_1_503' title='bbox 1595 2079 1735 2116; x_wconf 79' lang='lat' dir='ltr'>effectus,</span> <span class='ocrx_word' id='word_1_504' title='bbox 1764 2080 1854 2110; x_wconf 81' lang='lat' dir='ltr'>vide-</span> 
     </span>
     <span class='ocr_line' id='line_1_80' title="bbox 1088 2136 1226 2170; baseline -0.007 -7"><span class='ocrx_word' id='word_1_505' title='bbox 1088 2136 1150 2170; x_wconf 82' lang='lat' dir='ltr'>tur,</span> <span class='ocrx_word' id='word_1_506' title='bbox 1167 2136 1226 2162; x_wconf 88' lang='lat' dir='ltr'>etc.</span> 
     </span>
    </p>

    <p class='ocr_par' dir='ltr' id='par_1_21' title="bbox 1087 2183 1855 2382">
     <span class='ocr_line' id='line_1_81' title="bbox 1129 2183 1852 2224; baseline 0 -9"><span class='ocrx_word' id='word_1_507' title='bbox 1129 2185 1205 2215; x_wconf 86' lang='lat' dir='ltr'>Item</span> <span class='ocrx_word' id='word_1_508' title='bbox 1232 2184 1377 2224; x_wconf 84' lang='lat' dir='ltr'>possibile</span> <span class='ocrx_word' id='word_1_509' title='bbox 1401 2186 1445 2213; x_wconf 87' lang='lat' dir='ltr'>est</span> <span class='ocrx_word' id='word_1_510' title='bbox 1475 2184 1580 2213; x_wconf 88' lang='lat' dir='ltr'>virum</span> <span class='ocrx_word' id='word_1_511' title='bbox 1596 2183 1765 2214; x_wconf 86' lang='lat' dir='ltr'>fornicari:</span> <span class='ocrx_word' id='word_1_512' title='bbox 1787 2184 1852 2223; x_wconf 86' lang='lat' dir='ltr'>sed,</span> 
     </span>
     <span class='ocr_line' id='line_1_82' title="bbox 1088 2236 1852 2276; baseline 0 -9"><span class='ocrx_word' id='word_1_513' title='bbox 1088 2238 1258 2267; x_wconf 84' lang='lat' dir='ltr'>fornicante</span> <span class='ocrx_word' id='word_1_514' title='bbox 1269 2237 1348 2272; x_wconf 88' lang='lat' dir='ltr'>viro,</span> <span class='ocrx_word' id='word_1_515' title='bbox 1363 2236 1511 2276; x_wconf 89' lang='lat' dir='ltr'>competit</span> <span class='ocrx_word' id='word_1_516' title='bbox 1525 2236 1668 2275; x_wconf 81' lang='lat' dir='ltr'>exceptio</span> <span class='ocrx_word' id='word_1_517' title='bbox 1682 2239 1791 2267; x_wconf 86' lang='lat' dir='ltr'>contra</span> <span class='ocrx_word' id='word_1_518' title='bbox 1806 2237 1852 2267; x_wconf 89' lang='lat' dir='ltr'>vi-</span> 
     </span>
     <span class='ocr_line' id='line_1_83' title="bbox 1088 2289 1855 2329; baseline 0.001 -9"><span class='ocrx_word' id='word_1_519' title='bbox 1088 2300 1159 2320; x_wconf 87' lang='lat' dir='ltr'>rum</span> <span class='ocrx_word' id='word_1_520' title='bbox 1174 2292 1330 2329; x_wconf 86' lang='lat' dir='ltr'>petentem</span> <span class='ocrx_word' id='word_1_521' title='bbox 1347 2289 1519 2319; x_wconf 86' lang='lat' dir='ltr'>divortium</span> <span class='ocrx_word' id='word_1_522' title='bbox 1535 2299 1540 2318; x_wconf 84' lang='lat' dir='ltr'>z</span> <span class='ocrx_word' id='word_1_523' title='bbox 1559 2297 1636 2328; x_wconf 84' lang='lat' dir='ltr'>ergo</span> <span class='ocrx_word' id='word_1_524' title='bbox 1652 2289 1719 2328; x_wconf 81' lang='lat' dir='ltr'>pari</span> <span class='ocrx_word' id='word_1_525' title='bbox 1733 2289 1855 2321; x_wconf 86' lang='lat' dir='ltr'>ratione</span> 
     </span>
     <span class='ocr_line' id='line_1_84' title="bbox 1087 2341 1853 2382; baseline -0.001 -9"><span class='ocrx_word' id='word_1_526' title='bbox 1087 2343 1235 2382; x_wconf 83' lang='lat' dir='ltr'>competit</span> <span class='ocrx_word' id='word_1_527' title='bbox 1257 2342 1337 2372; x_wconf 85' lang='lat' dir='ltr'>actio</span> <span class='ocrx_word' id='word_1_528' title='bbox 1359 2341 1480 2371; x_wconf 85' lang='lat' dir='ltr'>mulieri</span> <span class='ocrx_word' id='word_1_529' title='bbox 1511 2341 1549 2371; x_wconf 88' lang='lat' dir='ltr'>ad</span> <span class='ocrx_word' id='word_1_530' title='bbox 1577 2341 1783 2380; x_wconf 87' lang='lat' dir='ltr'>repetendum</span> <span class='ocrx_word' id='word_1_531' title='bbox 1805 2342 1853 2372; x_wconf 90' lang='lat' dir='ltr'>vi-</span> 
     </span>
    </p>
   </div>
   <div class='ocr_carea' id='block_1_13' title="bbox 1087 2406 1171 2427">
    <p class='ocr_par' dir='ltr' id='par_1_22' title="bbox 1087 2406 1171 2427">
     <span class='ocr_line' id='line_1_85' title="bbox 1087 2406 1171 2427; baseline -0.024 0"><span class='ocrx_word' id='word_1_532' title='bbox 1087 2406 1171 2427; x_wconf 78' lang='lat' dir='ltr'>rum.</span> 
     </span>
    </p>
   </div>
   <div class='ocr_carea' id='block_1_14' title="bbox 1125 2445 1973 2485">
    <p class='ocr_par' dir='ltr' id='par_1_23' title="bbox 1125 2445 1973 2485">
     <span class='ocr_line' id='line_1_86' title="bbox 1125 2445 1973 2485; baseline 0.001 -6"><span class='ocrx_word' id='word_1_533' title='bbox 1125 2449 1255 2479; x_wconf 80' lang='lat' dir='ltr'>Contra:</span> <span class='ocrx_word' id='word_1_534' title='bbox 1269 2451 1296 2477; x_wconf 63' lang='grc'>’1.</span> <span class='ocrx_word' id='word_1_535' title='bbox 1316 2446 1436 2485; x_wconf 79' lang='lat' dir='ltr'>Regula</span> <span class='ocrx_word' id='word_1_536' title='bbox 1450 2448 1496 2476; x_wconf 86' lang='lat' dir='ltr'>est</span> <span class='ocrx_word' id='word_1_537' title='bbox 1510 2446 1542 2476; x_wconf 90' lang='lat' dir='ltr'>in</span> <span class='ocrx_word' id='word_1_538' title='bbox 1558 2445 1682 2477; x_wconf 87' lang='lat' dir='ltr'>Canone</span> <span class='ocrx_word' id='word_1_539' title='bbox 1694 2447 1704 2464; x_wconf 83' lang='lat'><strong>³</strong></span> <span class='ocrx_word' id='word_1_540' title='bbox 1720 2456 1728 2478; x_wconf 91' lang='lat'>:</span> <span class='ocrx_word' id='word_1_541' title='bbox 1744 2447 1853 2485; x_wconf 74' lang='lat' dir='ltr'>«Quod</span> <span class='ocrx_word' id='word_1_542' title='bbox 1871 2459 1904 2479; x_wconf 74' lang='lat' dir='ltr'>Ad</span> <span class='ocrx_word' id='word_1_543' title='bbox 1923 2465 1973 2485; x_wconf 73' lang='lat' dir='ltr'>opp.</span> 
     </span>
    </p>
   </div>
   <div class='ocr_carea' id='block_1_15' title="bbox 1085 2498 1852 2536">
    <p class='ocr_par' dir='ltr' id='par_1_24' title="bbox 1085 2498 1852 2536">
     <span class='ocr_line' id='line_1_87' title="bbox 1085 2498 1852 2536; baseline -0.003 -3"><span class='ocrx_word' id='word_1_544' title='bbox 1085 2501 1180 2533; x_wconf 83' lang='lat' dir='ltr'>semel</span> <span class='ocrx_word' id='word_1_545' title='bbox 1196 2501 1275 2531; x_wconf 86' lang='lat' dir='ltr'>bene</span> <span class='ocrx_word' id='word_1_546' title='bbox 1289 2499 1460 2530; x_wconf 86' lang='lat' dir='ltr'>diffinitum</span> <span class='ocrx_word' id='word_1_547' title='bbox 1476 2501 1532 2536; x_wconf 85' lang='lat' dir='ltr'>est,</span> <span class='ocrx_word' id='word_1_548' title='bbox 1550 2498 1638 2529; x_wconf 85' lang='lat' dir='ltr'>nulla</span> <span class='ocrx_word' id='word_1_549' title='bbox 1652 2499 1743 2530; x_wconf 86' lang='lat' dir='ltr'>dehet</span> <span class='ocrx_word' id='word_1_550' title='bbox 1759 2501 1852 2531; x_wconf 89' lang='lat' dir='ltr'>itera-</span> 
     </span>
    </p>
   </div>
   <div class='ocr_carea' id='block_1_16' title="bbox 1084 2595 1853 2702">
    <p class='ocr_par' dir='ltr' id='par_1_25' title="bbox 1084 2595 1853 2702">
     <span class='ocr_line' id='line_1_88' title="bbox 1084 2595 1853 2628; baseline -0.005 -4"><span class='ocrx_word' id='word_1_551' title='bbox 1084 2600 1140 2624; x_wconf 74' lang='lat' dir='ltr'>dist.</span> <span class='ocrx_word' id='word_1_552' title='bbox 1162 2604 1238 2627; x_wconf 77' lang='lat' dir='ltr'>xxxv,</span> <span class='ocrx_word' id='word_1_553' title='bbox 1264 2606 1288 2628; x_wconf 87' lang='lat' dir='ltr'>q.</span> <span class='ocrx_word' id='word_1_554' title='bbox 1316 2605 1332 2623; x_wconf 85' lang='grc' dir='ltr'>ι,</span> <span class='ocrx_word' id='word_1_555' title='bbox 1356 2599 1403 2620; x_wconf 81' lang='lat' dir='ltr'>art.</span> <span class='ocrx_word' id='word_1_556' title='bbox 1428 2598 1457 2625; x_wconf 77' lang='lat'>23</span> <span class='ocrx_word' id='word_1_557' title='bbox 1482 2595 1569 2626; x_wconf 80' lang='lat' dir='ltr'>Steph.</span> <span class='ocrx_word' id='word_1_558' title='bbox 1595 2596 1697 2627; x_wconf 81' lang='lat' dir='ltr'>Brulef.,</span> <span class='ocrx_word' id='word_1_559' title='bbox 1719 2597 1749 2620; x_wconf 79' lang='lat' dir='ltr'>tv</span> <span class='ocrx_word' id='word_1_560' title='bbox 1774 2598 1853 2625; x_wconf 78' lang='lat' dir='ltr'>Sent..</span> 
     </span>
     <span class='ocr_line' id='line_1_89' title="bbox 1084 2632 1852 2664; baseline -0.004 -6"><span class='ocrx_word' id='word_1_561' title='bbox 1084 2635 1133 2658; x_wconf 70' lang='lat' dir='ltr'>‹iist</span> <span class='ocrx_word' id='word_1_562' title='bbox 1145 2640 1221 2663; x_wconf 72' lang='lat' dir='ltr'>xxxv,</span> <span class='ocrx_word' id='word_1_563' title='bbox 1240 2641 1264 2664; x_wconf 84' lang='lat' dir='ltr'>q.</span> <span class='ocrx_word' id='word_1_564' title='bbox 1285 2640 1309 2663; x_wconf 72' lang='lat' dir='ltr'>v,</span> <span class='ocrx_word' id='word_1_565' title='bbox 1326 2634 1377 2656; x_wconf 83' lang='lat' dir='ltr'>Pet.</span> <span class='ocrx_word' id='word_1_566' title='bbox 1391 2632 1422 2655; x_wconf 86' lang='lat' dir='ltr'>dc</span> <span class='ocrx_word' id='word_1_567' title='bbox 1435 2632 1534 2655; x_wconf 82' lang='lat' dir='ltr'>Tarant.</span> <span class='ocrx_word' id='word_1_568' title='bbox 1550 2632 1580 2655; x_wconf 77' lang='lat' dir='ltr'>lv</span> <span class='ocrx_word' id='word_1_569' title='bbox 1601 2632 1680 2659; x_wconf 78' lang='lat' dir='ltr'>Sent.,</span> <span class='ocrx_word' id='word_1_570' title='bbox 1696 2632 1753 2656; x_wconf 84' lang='lat' dir='ltr'>dist.</span> <span class='ocrx_word' id='word_1_571' title='bbox 1772 2637 1852 2663; x_wconf 75' lang='lat' dir='ltr'>xxxv,</span> 
     </span>
     <span class='ocr_line' id='line_1_90' title="bbox 1084 2667 1788 2702; baseline -0.006 -8"><span class='ocrx_word' id='word_1_572' title='bbox 1084 2679 1107 2702; x_wconf 87' lang='lat' dir='ltr'>q.</span> <span class='ocrx_word' id='word_1_573' title='bbox 1121 2677 1145 2695; x_wconf 79' lang='lat' dir='ltr'>v.</span> <span class='ocrx_word' id='word_1_574' title='bbox 1158 2685 1182 2689; x_wconf 82' lang='lat'>—</span> <span class='ocrx_word' id='word_1_575' title='bbox 1197 2671 1207 2686; x_wconf 79' lang='lat'><strong>²</strong></span> <span class='ocrx_word' id='word_1_576' title='bbox 1218 2672 1225 2694; x_wconf 88' lang='lat' dir='ltr'>t</span> <span class='ocrx_word' id='word_1_577' title='bbox 1238 2670 1305 2699; x_wconf 58' lang='lat' dir='ltr'>Corn,</span> <span class='ocrx_word' id='word_1_578' title='bbox 1319 2675 1366 2699; x_wconf 83' lang='grc' dir='ltr'>νιῐ,</span> <span class='ocrx_word' id='word_1_579' title='bbox 1380 2669 1415 2692; x_wconf 84' lang='grc'>11.</span> <span class='ocrx_word' id='word_1_580' title='bbox 1430 2681 1454 2685; x_wconf 87' lang='grc'>-</span> <span class='ocrx_word' id='word_1_581' title='bbox 1470 2667 1479 2684; x_wconf 82' lang='lat'>⁸</span> <span class='ocrx_word' id='word_1_582' title='bbox 1491 2668 1613 2699; x_wconf 75' lang='lat' dir='ltr'>Caus.V1‚</span> <span class='ocrx_word' id='word_1_583' title='bbox 1627 2675 1652 2699; x_wconf 89' lang='lat' dir='ltr'>q.</span> <span class='ocrx_word' id='word_1_584' title='bbox 1666 2674 1700 2699; x_wconf 79' lang='grc' dir='ltr'>ιν,</span> <span class='ocrx_word' id='word_1_585' title='bbox 1714 2675 1737 2692; x_wconf 86' lang='lat' dir='ltr'>c.</span> <span class='ocrx_word' id='word_1_586' title='bbox 1753 2674 1788 2692; x_wconf 77' lang='lat' dir='ltr'>vi.</span> 
     </span>
    </p>
   </div>
  </div>
 </body>
</html>
