1991 3006
76 2605 178 2626 Fundam.

190 232 243 260 ¹54

183 298 289 327 tentus
313 306 319 325 :
343 306 372 325 et
395 304 437 323 sic
460 294 648 332 intelligitur
671 294 747 323 iilud
772 292 856 331 quod
881 290 955 319 dicit

186 349 413 388 HieronynmS,
436 348 465 376 et
487 346 569 385 quod
589 346 661 376 dicit
680 346 827 378 Magister
848 343 952 379 111120.

224 404 242 432 4
257 404 287 431 et
305 403 332 431 5.
350 400 396 430 Ad
412 399 487 429 illud
502 399 585 438 quod
599 399 746 438 oincitur
762 399 799 428 (le
814 396 953 426 sau-crdo-

185 455 268 485 tibus
283 456 313 484 ct
328 453 454 490 Levitis,
471 452 556 491 quod
573 461 637 482 non
653 453 786 481 debcant
802 449 954 480 heredita-

184 510 246 538 tem
259 507 387 544 haber-1,
403 505 570 535 (licendum
582 505 664 544 quod
678 504 753 534 illud
767 501 955 540 intelligitur

183 562 338 600 quantuni
351 559 388 589 ad
402 561 492 589 terrae
507 559 706 595 divisionem,
720 566 782 587 non
798 558 954 595 quantum

184 614 221 644 ad
241 615 467 653 possessionem
488 611 668 648 mobilium,
688 612 722 640 ut
738 609 909 648 pecudum,
925 610 955 637 et

182 667 362 703 domorum,
377 667 407 695 et
421 664 678 695 suburbanorum
692 663 729 692 ad
746 671 858 702 pecora
874 661 955 691 alen-

183 721 232 751 da.
254 720 341 750 Ratio
355 722 461 749 autem
478 728 574 758 quare
590 716 771 757 temporalis
786 714 956 745 haereditas

183 774 215 803 in
238 773 433 813 possessione
461 775 551 802 terrae
577 780 639 801 non
664 770 798 799 dabatur
821 767 953 804 Levitis,

182 828 250 857 erat
272 826 389 865 duplex
411 836 417 856 z
441 825 557 865 prima,
583 824 658 863 quia
681 823 739 862 ipsi
762 823 795 851 ut
822 820 956 850 cultores

183 879 237 910 Dei
252 888 307 919 per
324 881 426 909 totum
451 877 603 917 populum
623 876 777 907 debebant
793 873 952 913 dispergi3

181 932 338 969 secunda,
367 934 403 961 ut
430 931 512 961 circa
535 929 679 960 divinum
704 928 826 958 cultum
852 927 956 965 magis

182 988 285 1016 essent
301 984 427 1021 intenti7
446 984 520 1024 quia
536 982 696 1014 habebant
708 982 792 1012 unde
806 981 883 1011 alias
899 990 952 1011 va-

182 1039 282 1069 lerent
293 1039 473 1069 sustentari.
491 1036 579 1068 Nunc
592 1038 699 1066 autem
714 1035 814 1065 clerici
830 1037 902 1064 sunt
918 1034 956 1064 de

182 1093 269 1124 omni
286 1095 382 1131 gente
399 1100 454 1132 per
470 1093 572 1121 totum
589 1089 744 1120 mundum
761 1087 910 1127 (lispersi3
927 1090 956 1117 et

182 1146 251 1176 ideo
262 1146 347 1176 istud
358 1147 549 1185 praeceptum
561 1152 625 1173 non
638 1142 763 1172 mansit.
776 1140 813 1171 Et
826 1141 951 1175 iterum

182 1199 345 1230 sacerdotii
362 1198 476 1229 Christi
490 1206 554 1228 non
576 1199 641 1227 tam
657 1196 715 1225 suit
733 1196 839 1233 figura
854 1203 957 1224 sacer-

182 1252 305 1283 dotium
327 1252 450 1289 Aaron,
471 1259 568 1290 quam
589 1249 683 1279 etiam
709 1247 953 1278 Melchisedech.

183 1306 258 1346 qui,
279 1305 454 1336 secundum
474 1304 557 1343 quod
581 1302 706 1338 dicitur,
728 1301 832 1338 Hebr„
849 1309 908 1336 vn,
926 1303 953 1330 Ι.

183 1359 241 1389 fuit
256 1367 313 1388 rex
323 1360 353 1388 et
363 1357 518 1394 sacerdos,
533 1356 613 1386 sicut
628 1355 780 1386 Christus.
794 1353 832 1384 Et
843 1362 957 1393 quam-

183 1412 231 1442 vis
255 1411 407 1442 Dominus
428 1411 583 1441 honorem
602 1408 745 1447 regalem
764 1408 957 1437 recusaverit

184 1467 310 1505 propter
326 1464 511 1504 exemplum
528 1462 733 1498 humilitatis,
751 1463 781 1491 et
795 1461 861 1500 ipse
877 1469 956 1500 pau-

184 1528 239 1559 per
249 1521 279 1549 et
290 1518 451 1549 mendicus
464 1517 573 1552 suerit;
592 1518 708 1549 tamen,
724 1516 851 1554 propter
863 1522 955 1543 suam

185 1572 397 1602 dulcissimam
412 1570 654 1609 benignitatem,
671 1568 709 1598 ad
725 1568 784 1598 hoc
798 1567 876 1597 alios
891 1575 953 1597 non

185 1625 328 1656 arctavit.
352 1624 473 1655 Sciebat
493 1622 579 1653 enim
599 1621 684 1661 quod
701 1620 812 1650 melius
831 1623 875 1650 est
898 1620 955 1650 ba-

185 1678 259 1708 bere
282 1677 507 1714 mercenarios,
531 1684 628 1715 quam
648 1674 752 1705 nullos
772 1674 821 1705 vel
842 1681 959 1713 paucos

186 1732 283 1768 filios;
301 1734 331 1761 et
341 1731 420 1768 ideo,
436 1730 587 1760 charitate
601 1728 839 1766 refrigescente,
856 1726 958 1764 dispo-

186 1785 250 1816 suit
272 1784 408 1824 Spiritus
430 1784 555 1813 sanctus
582 1786 617 1812 ut
640 1780 777 1812 Ecclesia
799 1782 958 1819 tempora—

186 1838 269 1868 libus
284 1837 477 1874 abundaret,
496 1845 535 1865 ne
551 1835 653 1865 cultus
670 1834 721 1864 Dei
738 1835 865 1873 propter
880 1842 960 1872 pau-

187 1894 341 1931 pertatem
374 1892 403 1920 et
433 1889 571 1929 inopium
606 1887 772 1927 deperiret.
810 1885 847 1916 Et
877 1885 959 1915 istud

187 1946 294 1984 aperte
322 1943 463 1980 videtur,
489 1942 564 1982 quia
591 1941 731 1972 ecclesiae
760 1938 960 1979 paupercula}

188 1997 279 2038 quasi
302 1996 427 2027 nullum
451 1995 620 2025 inveniunt
643 1996 813 2029 rectorem,
840 1991 899 2021 nisi
921 1991 961 2021 sit

189 2051 272 2089 talis,
289 2050 373 2090 quod
388 2058 445 2089 pro
464 2049 511 2079 sui
529 2048 649 2079 vilitate
667 2047 706 2077 ab
720 2046 868 2077 omnibus
884 2054 960 2075 con-

189 2106 359 2136 temnatur.
386 2102 474 2133 Unde
498 2102 680 2132 nullatenus
702 2099 893 2130 credendum
917 2101 963 2129 est

189 2160 307 2189 statum
317 2156 506 2187 universalis
516 2155 662 2186 Ecclesiae
674 2154 764 2184 aliter
774 2153 853 2192 regi,
866 2161 962 2192 quam

190 2211 327 2251 disponit
350 2210 484 2250 SpirItus
508 2211 652 2246 sanetus,
682 2206 836 2247 quidquid
862 2206 901 2236 sit
925 2205 963 2235 de

191 2263 334 2304 personis
349 2262 543 2303 specialibus

453 2376 632 2414 QUAES'l‘lo
658 2375 706 2407 IV.

211 2459 255 2486 An
274 2459 384 2493 proelatz‘
402 2458 524 2484 Ecclesia}
543 2459 680 2484 teneantur
699 2457 801 2483 clericis
821 2457 951 2490 quantu-m

371 2502 407 2529 ad
424 2502 568 2536 temporale
586 2501 750 2536 stipendium
769 2502 786 2527 ¹.

236 2582 348 2613 Utrum
362 2581 484 2621 praelati
502 2580 648 2611 Ecclesiae
666 2582 832 2611 teneantur
847 2579 968 2609 clericis

196 2638 351 2676 quantum
368 2635 407 2666 ad
419 2634 591 2674 temporale
611 2633 818 2673 stipendium3
837 2636 865 2663 et
882 2633 967 2672 quod

231 2699 234 2712 Ι
254 2697 294 2725 Cf.
315 2697 402 2728 steph.
427 2696 531 2727 Brulel.,
556 2697 587 2721 ΙΙ*
611 2696 690 2726 Seru„
713 2696 770 2720 dist.
791 2701 863 2723 xxiv,
885 2702 909 2723 q.
928 2701 966 2724 iv;

745 221 1049 256 SENTEN'HARUM
1072 221 1147 253 Llss.
1170 222 1218 253 IV.

1009 290 1068 325 sic,
1093 289 1238 320 videtur¹
1256 301 1262 319 ε
1282 290 1420 322 Nescitis
1441 290 1595 330 quoniam
1616 290 1650 321 1η·
1668 292 1724 330 qui
1746 292 1784 323 in

1009 344 1152 374 sacrario
1162 347 1343 382 operantur,
1357 353 1393 375 ea
1403 353 1471 384 quoe
1486 345 1524 375 cle
1540 345 1683 375 sacrario
1697 347 1783 382 sunt,

1010 396 1109 428 edunt
1124 407 1135 426 .·
1150 401 1179 428 ec
1194 399 1251 436 qui
1265 398 1364 429 ιιίίανῑ
1383 398 1582 430 deserviunt.
1601 406 1673 429 cum
1687 398 1786 430 altari

1009 450 1236 489 participant?
1259 450 1289 481 Si
1311 460 1388 489 ergo
1409 452 1512 482 clerici
1531 453 1598 491 Jam
1619 450 1709 481 altari
1729 451 1784 482 de·

1011 504 1165 540 serviunt,
1185 512 1273 542 ergo.
1291 506 1350 534 etc.

1052 556 1129 586 Item
1148 556 1299 595 Magister
1315 557 1412 596 Hugo
1432 557 1505 588 dicit
1523 558 1556 588 in
1575 557 1656 587 libro
1672 556 1711 588 de
1725 557 1785 589 Sa-

1011 610 1183 641 cramencis
1194 612 1205 628 ⁸
1220 620 1230 640 .·
1247 621 1260 637 ι(
1277 609 1447 649 Postquam
1462 610 1592 641 clericus
1608 611 1707 640 sactus
1721 612 1784 647 est,

1013 662 1105 692 debet
1120 662 1266 702 deinceps
1281 662 1319 692 de
1332 663 1495 702 stipendiis
1506 662 1652 693 Ecclesiae
1667 664 1788 693 susten-

1013 717 1085 747 tari.
1101 728 1115 744 ))

1053 769 1130 800 Item
1148 769 1324 806 DecretaliS,
1342 769 1424 799 libro
1440 769 1492 807 ΙΙΙ,
1506 769 1545 800 de
1558 769 1688 800 Clericis
1702 768 1788 800 ordi-

1012 822 1133 854 nandis
1150 832 1159 852 :
1177 834 1191 849 «
1206 821 1274 852 Non
1296 822 1385 852 liceat
1405 822 1461 852 ulli
1477 823 1622 861 episcopo
1637 821 1719 852 ullos
1735 830 1786 852 or-

1012 876 1121 906 dinare
1140 875 1284 912 clericos,
1310 877 1339 905 et
1354 874 1460 905 nullas
1481 874 1647 904 alimonias
1666 874 1711 904 eis
1726 874 1787 904 mi-

1012 929 1162 965 nistrar‹·;
1180 928 1233 958 sed
1249 928 1386 958 duorum
1403 937 1505 958 unum
1520 927 1618 966 eligat
1635 938 1642 957 :
1660 926 1710 957 vel
1723 935 1790 957 non

1013 982 1103 1012 faciat
1118 981 1262 1018 cleric0s3
1285 981 1349 1019 vel,
1370 981 1395 1010 si
1415 981 1537 1018 fecerit,
1560 981 1611 1011 det
1629 980 1690 1010 illis
1705 979 1790 1010 unde

1013 1035 1133 1074 possint
1146 1034 1268 1064 vivere.

1053 1088 1131 1118 Hem
1155 1087 1215 1117 alia
1239 1086 1401 1117 decretalis
1427 1086 1598 1117 innocentii
1623 1086 1656 1116 in
1677 1085 1788 1116 eodem

1013 1142 1105 1172 titulo
1130 1153 1136 1172 z
1158 1154 1171 1170 «
1195 1141 1318 1171 Taudiu
1344 1150 1400 1180 per
1421 1140 1633 1171 ordinatores.
1662 1140 1712 1170 vel
1734 1148 1791 1179 per

1012 1195 1199 1225 eorumdem
1224 1203 1436 1231 successores,
1457 1193 1614 1233 provideri
1639 1192 1791 1223 volumus

1013 1248 1181 1285 ordinatis,
1205 1247 1302 1277 donec
1322 1256 1378 1286 per
1397 1256 1450 1277 eos
1469 1246 1675 1277 ecclesiastica
1692 1245 1788 1276 bene-

1014 1301 1085 1331 ficia
1101 1302 1348 1340 consequantur.
1366 1310 1379 1326 n

1053 1353 1166 1384 Contra
1179 1364 1185 1383 :
1198 1352 1307 1382 Clerici
1318 1361 1383 1382 non
1398 1354 1545 1383 tenentur
1563 1351 1791 1392 patrimonium

1012 1408 1169 1438 dimittere
1187 1419 1193 1437 :
1212 1416 1291 1446 ergo
1312 1415 1369 1436 nec
1388 1406 1525 1436 Ecclesia
1546 1408 1672 1436 tenetur
1690 1405 1736 1436 eis
1756 1406 1791 1436 in

1011 1461 1194 1492 necessariis
1210 1460 1387 1500 providere.

1054 1514 1131 1545 Item
1148 1514 1307 1553 simplices
1322 1513 1425 1543 clerici
1438 1521 1503 1543 non
1518 1514 1668 1543 tenentur
1683 1510 1787 1542 Eccle-

1014 1568 1068 1598 siae
1095 1567 1256 1597 deservire
1278 1577 1284 1596 :
1309 1575 1387 1604 ergo
1413 1574 1469 1595 nec
1495 1564 1620 1604 praelati
1644 1564 1789 1595 Ecclesiae

1013 1624 1163 1653 tenentur
1192 1621 1236 1651 eis
1264 1619 1439 1650 necessaria
1469 1618 1657 1648 ministrare.
1694 1617 1791 1649 Juxta

1014 1676 1073 1706 hoc
1087 1675 1245 1715 quaeritur
1260 1676 1371 1704 utrum
1386 1672 1490 1703 clerici
1506 1673 1561 1712 qui
1576 1673 1614 1703 de
1628 1672 1719 1702 bonis
1730 1671 1788 1702 Ec-

1014 1728 1116 1758 clesiae
1143 1729 1371 1764 sustentantur,
1396 1729 1503 1765 utpote
1523 1726 1579 1765 qui
1599 1725 1717 1756 habent
1736 1725 1791 1756 be-

1014 1780 1165 1811 neficium
1196 1779 1417 1820 praebendale,
1446 1780 1614 1809 tencantur
1637 1778 1675 1808 ad
1698 1778 1792 1808 horas

1014 1835 1190 1865 canonicas.
1215 1833 1251 1864 Et
1272 1833 1355 1872 quod
1378 1832 1438 1869 sic,
1455 1832 1591 1869 videtur,
1608 1831 1700 1871 quia,
1717 1840 1790 1861 cum

1015 1888 1126 1919 vivant
1141 1887 1179 1918 de
1195 1886 1296 1924 altari,
1315 1886 1428 1916 debent
1443 1885 1534 1915 altari
1549 1884 1706 1915 deservire
1719 1894 1726 1913 ε
1739 1883 1793 1914 sed

1016 1940 1182 1971 servitium
1207 1938 1352 1969 Ecclesiae
1372 1948 1390 1968 a
1412 1937 1555 1977 patribus
1574 1938 1726 1967 statutum
1747 1938 1795 1967 est

1016 1993 1046 2023 in
1063 1993 1152 2023 horis
1169 1991 1327 2022 canonicis
1341 1990 1479 2021 dicendis
1496 2000 1503 2020 ι
1519 1998 1607 2028 ergo⁷
1626 1991 1683 2019 etc.

1059 2044 1135 2075 Item
1151 2044 1332 2083 oppositum
1348 2043 1446 2081 huJ'us
1463 2044 1524 2079 est,
1546 2042 1620 2080 quia
1636 2050 1711 2071 cum
1729 2049 1794 2071 non

1017 2099 1078 2128 sint
1094 2098 1126 2127 in
1149 2097 1244 2127 sacris
1264 2096 1431 2126 ordinibus
1453 2094 1630 2131 constituti,
1653 2102 1719 2124 non
1742 2093 1793 2124 vi-

1017 2153 1132 2183 dentur
1159 2150 1198 2181 ad
1227 2150 1288 2180 hoc
1317 2149 1433 2182 teneri,
1469 2156 1544 2178 cum
1571 2149 1643 2177 ante
1673 2146 1795 2186 possint

1017 2204 1141 2242 omnia,
1165 2211 1237 2243 quae
1257 2211 1348 2242 posse
1366 2201 1494 2231 libertas
1513 2199 1713 2239 dignoscitur
1735 2199 1794 2230 lai-

1019 2258 1104 2289 calis.

1294 2305 1517 2338 CONCLUSIO.

1020 2378 1130 2406 Clericis
1146 2376 1281 2403 ordinatis
1296 2383 1347 2402 non
1363 2374 1518 2401 habentibus
1533 2373 1602 2400 unde
1615 2374 1719 2406 vivant,
1736 2374 1794 2407 epi-

1055 2429 1148 2456 scopus
1173 2422 1220 2455 qui
1248 2427 1288 2446 eos
1313 2419 1449 2446 ordinavit
1474 2420 1578 2444 tenetur
1599 2417 1741 2452 providere
1764 2418 1796 2443 in

1056 2467 1226 2498 necessariis3
1241 2472 1312 2491 secus
1324 2472 1375 2490 ηοη
1386 2464 1515 2498 promotis
1530 2461 1566 2488 ad
1579 2469 1666 2488 sacros
1679 2461 1794 2496 ordines,

1057 2513 1082 2538 et
1095 2518 1148 2537 non
1164 2509 1357 2542 indigentibus.

1062 2577 1152 2616 Resp.
1169 2575 1207 2606 ad
1222 2584 1293 2614 arg.
1310 2573 1480 2605 Dicendum
1495 2572 1579 2612 quod
1594 2571 1726 2603 clericus
1740 2580 1796 2602 or-

1023 2659 1112 2682 Petrus
1125 2656 1154 2679 de
1165 2656 1278 2685 Tar-ant„
1291 2655 1321 2678 lv
1336 2654 1404 2677 Seni.
1415 2653 1472 2677 dist.
1484 2659 1557 2682 μιν,
1573 2657 1674 2683 q.V1.—
1686 2652 1696 2667 ⁵
1708 2652 1715 2675 Ι
1727 2651 1796 2678 Cor„

1024 2699 1060 2721 ix,
1076 2693 1111 2717 13.
1124 2704 1153 2709 —-
1172 2691 1179 2705 ³
1198 2691 1273 2721 Hug„
1285 2690 1314 2714 de
1329 2690 1451 2718 Sacram„
1463 2688 1506 2712 lib.
1521 2689 1552 2718 ll,
1567 2695 1592 2719 p.
1610 2688 1640 2717 ll,
1653 2693 1676 2711 c.
1691 2692 1728 2710 111.

1806 1373 1840 1394 Aa
1859 1379 1908 1399 opp.

1804 1640 1897 1665 Quoestio

1806 1672 1908 1693 lateralis.
