1991 3006
171 204 230 233 284

169 268 239 298 bilis
250 269 344 299 unio:
359 268 510 307 quoniam
527 268 695 298 conformis
708 271 754 299 est
768 269 855 306 unio,
873 268 941 299 ideo

169 321 338 351 conformis
352 323 397 350 est
411 321 564 360 obligatio
581 332 587 351 :
605 324 634 352 et
651 321 719 352 ideo
731 323 887 361 quantuni
902 321 940 351 ad

169 373 228 403 hoc
246 383 334 413 pares
352 373 545 412 ,indicantum
569 374 644 413 qnia
665 374 867 404 conformiter
881 374 939 404 sibi

169 426 304 456 invicem
318 426 511 465 obligantur.
524 427 571 457 Ad
584 427 672 463 illud,
685 427 768 467 quod
780 427 939 465 objicitur,

168 479 251 518 quod
267 482 312 509 est
331 479 380 509 vir
400 480 553 519 superior,
579 480 747 510 dicendum
762 480 845 519 quod
863 480 940 510 iliud

168 531 358 570 intelligitur
367 535 522 571 quantum
536 533 574 563 ad
590 533 658 563 illos
673 536 760 563 actus
773 534 827 572 qui
844 533 940 572 respi-

167 584 254 614 ciunt
264 594 377 615 sexum
387 585 510 616 virilem
520 587 705 626 specialiter,
716 587 831 616 scilicet
840 596 940 626 quan-

166 639 236 667 tum
251 638 288 668 ad
306 639 451 678 regimen
467 640 591 677 domuS,
608 642 639 670 et
653 640 876 670 consimilium.

491 734 558 755 DUB.
584 734 614 754 11.

245 792 307 815 Nam
323 793 440 816 vovenda
458 792 516 816 talia
532 800 585 816 nou
604 795 660 816 snut
677 801 691 816 a
709 793 857 824 conjugatis.

206 852 367 890 Quaeritur
381 856 488 884 utrum
505 857 608 893 peccet
626 855 811 893 mortaliter,
826 857 880 895 qui
895 856 938 887 sic

166 909 275 942 vovet;
293 909 323 936 et
337 907 421 945 quod
433 907 488 943 sic,
502 907 638 946 videtur,
652 909 727 947 quia
739 909 794 948 qui
805 910 938 940 scienter

166 962 297 998 usurpat
312 959 466 998 alienum,
490 964 595 1001 peccat
610 963 795 1001 mortaliter,
814 964 937 994 etiamsi

166 1012 217 1042 (let
232 1012 262 1042 in
279 1013 513 1054 eleemosynam
529 1026 535 1044 :
551 1024 630 1054 ergo
645 1026 717 1045 cum
732 1017 803 1046 talis
819 1027 938 1047 vovens

166 1068 296 1104 usurpet
311 1066 466 1105 alienum,
485 1070 583 1107 patet,
603 1071 660 1099 etc.
680 1069 754 1099 ltcm
774 1071 828 1110 qui
844 1074 938 1101 vovet

165 1118 249 1156 quod
265 1127 328 1148 non
343 1119 429 1157 licet,
446 1120 494 1150 vel
507 1122 612 1159 Jurat,
630 1122 688 1152 hoc
706 1123 773 1161 ipso
790 1124 938 1162 perjurus

165 1173 227 1208 est,
250 1172 327 1210 quia
349 1174 515 1203 temerarie
532 1175 620 1212 jurat
644 1186 650 1205 :
674 1185 752 1215 ergo
774 1186 846 1206 cuni
874 1187 937 1208 non

165 1223 256 1254 liceat
279 1225 349 1255 viro
370 1226 529 1257 continere
551 1237 650 1258 uxore
675 1229 789 1266 invita,
814 1230 938 1261 videtur

164 1277 264 1316 quod,
282 1278 307 1307 si
323 1281 452 1315 voveat,
469 1280 642 1310 mortaliter
658 1286 772 1320 peccet.
794 1283 889 1321 Item,
911 1284 937 1313 si

159 1330 283 1368 juraret
298 1331 380 1370 quod
398 1341 564 1371 nunquam
583 1334 748 1364 mulierem
766 1344 935 1373 cognosce-

163 1385 230 1420 ret,
255 1386 395 1423 peccaret
418 1385 590 1416 mortaliter
607 1396 614 1417 z
632 1396 710 1426 ergo
730 1389 795 1427 pari
814 1389 937 1419 ratione

163 1436 189 1465 si
205 1439 329 1467 voveat.

205 1489 295 1529 Resp.
328 1490 501 1522 Dicendum
527 1493 610 1532 quod
642 1503 716 1524 cum
745 1496 815 1534 quis
843 1500 938 1527 vovet

164 1543 390 1574 continentiam
402 1568 410 1582 ,
433 1545 598 1585 dupliciter
613 1550 712 1586 potest
727 1557 842 1579 vovere
859 1558 866 1579 :
883 1553 938 1580 aut

165 1597 339 1629 intentione
366 1600 532 1631 fraudandi
562 1611 694 1633 uxorem
706 1627 715 1641 ,
748 1607 801 1634 aut
830 1614 937 1636 amore

164 1652 364 1683 continentiae
389 1664 395 1684 :
420 1654 444 1683 si
468 1655 643 1686 intentione
663 1657 830 1687 fraudandi
855 1668 935 1688 uxo-

164 1714 248 1743 rem,
272 1706 314 1736 sic
331 1709 378 1737 est
398 1708 545 1748 iniquum
560 1712 590 1739 et
604 1710 814 1749 prohibitum,
833 1714 863 1741 et
877 1712 937 1743 tale

164 1762 275 1790 votum
298 1763 344 1790 est
368 1761 529 1800 illicitu1n3
554 1763 580 1792 si
605 1764 805 1795 continentiae
829 1774 937 1796 amore

163 1812 230 1842 sine
249 1822 404 1845 consensu
423 1816 585 1854 conjugis,
612 1816 671 1846 tale
692 1819 802 1848 votum
819 1818 936 1857 aquuid

164 1865 259 1896 habet
274 1867 473 1905 temeritatis,
498 1869 616 1909 aliquid
638 1870 732 1900 habet
753 1871 935 1902 honestatis.

164 1918 219 1949 Vir
233 1919 318 1950 enim
338 1930 402 1951 ncn
420 1921 515 1953 habet
530 1923 579 1953 sui
595 1924 735 1963 corporis
751 1927 936 1964 potestatem

163 1975 319 2011 quantum
343 1975 382 2004 ad
409 1975 549 2006 debiturn
575 1976 782 2014 solvendum,
811 1978 864 2007 sed
888 1978 937 2008 sui

160 2025 241 2064 juris
257 2028 303 2056 est
315 2030 473 2066 quantum
488 2029 526 2059 ad
543 2029 682 2060 debitum
699 2031 867 2069 petendum
883 2041 889 2060 :
907 2033 937 2060 et

164 2078 232 2108 ideo
247 2079 385 2118 primum
402 2089 465 2110 non
486 2083 584 2120 potest
604 2091 738 2118 vovere,
755 2083 809 2113 sed
825 2093 935 2113 secun-

164 2130 239 2161 dum
258 2141 264 2161 :
283 2134 313 2162 et
326 2132 407 2170 ideo,
421 2133 480 2163 nisi
503 2143 585 2164 uxor
608 2135 798 2172 consentiat,
825 2138 936 2166 votum

164 2185 209 2214 est
223 2185 438 2215 revocandum
458 2188 615 2225 quantum
631 2189 676 2217 est
693 2187 732 2217 ad
753 2187 847 2218 debiti
866 2188 936 2218 red-

163 2236 333 2275 ditionem,
351 2238 404 2268 sed
425 2241 486 2269 stat
501 2242 658 2279 quantum
674 2241 713 2271 ad
732 2241 934 2272 solutionem.

164 2288 251 2320 Unde
269 2290 295 2319 si
309 2290 381 2329 quis
397 2291 565 2323 deliberate
580 2293 668 2323 vovit
680 2294 868 2331 castitatem,
887 2297 936 2325 te-

163 2344 269 2379 netur,
282 2345 435 2381 quantum
448 2343 481 2374 in
496 2354 528 2375 se
543 2347 599 2382 est,
617 2345 787 2382 continere,
799 2348 835 2376 ut
849 2347 936 2376 debi-

163 2397 233 2425 tum
250 2404 313 2425 non
332 2398 429 2434 petat3
446 2397 470 2426 si
485 2399 591 2428 tamen
608 2407 688 2428 uxor
705 2401 798 2438 petat,
815 2399 937 2431 solvere

163 2447 255 2478 debet
271 2458 277 2478 :
295 2450 325 2478 et
341 2449 384 2478 sic
405 2449 483 2479 nulli
503 2450 538 2480 fit
557 2452 798 2490 praejudicium,
822 2455 852 2482 et
872 2462 936 2483 non

164 2501 295 2532 offertur
314 2503 377 2532 Deo
397 2502 552 2541 alienum,
575 2505 627 2534 sed
646 2505 819 2544 proprium.
842 2505 878 2536 Et
893 2506 937 2536 sic

164 2556 247 2594 patet
260 2555 345 2594 quod
358 2555 417 2585 hoc
436 2565 499 2586 non
515 2559 561 2587 est
579 2558 709 2588 omnino
730 2559 887 2595 alienum,
906 2562 937 2589 et

165 2609 248 2646 patet
262 2607 424 2647 responsio
439 2609 476 2638 ad
492 2609 622 2648 obJecta.
645 2610 765 2641 Tamen
780 2612 864 2650 quod
880 2612 936 2641 ob-

198 2669 302 2701 ¹Num.‚
318 2676 379 2700 xxx,
396 2671 449 2696 6.—
467 2671 501 2700 (a)
523 2671 589 2696 Edit.
612 2672 666 2695 t'en.
683 2677 749 2696 cum.
765 2686 796 2690 —
812 2672 842 2703 (b)
859 2673 903 2696 sic.

729 200 1035 233 SENTENTIARUM
1058 202 1131 233 LlB.
1157 202 1207 233 IV.

995 269 1062 308 jicit
1077 269 1115 299 de
1127 270 1311 309 juramento
1326 278 1389 299 non
1404 271 1450 299 est
1464 269 1577 306 simile,
1594 270 1767 310 quiajura-

998 325 1143 352 mentum
1169 322 1371 352 temerarium
1399 325 1444 352 est
1470 322 1667 362 simpliciter,
1697 333 1769 354 cum

998 378 1142 406 teneatur
1154 377 1255 406 ficere
1268 376 1472 406 contrarium.
1488 375 1573 406 Unde
1589 379 1694 415 peccat
1711 379 1770 407 sta-

997 429 1055 458 tim
1071 429 1095 458 si
1111 429 1181 468 quis
1202 434 1239 465 ζα)
1257 429 1300 459 sic
1322 430 1425 468 juret,
1442 438 1505 459 non
1523 429 1566 459 sic
1588 431 1628 467 (a)
1645 432 1768 460 voveat.

1319 532 1386 553 DUB.
1411 532 1455 553 111.

1050 593 1075 617 si
1101 600 1160 617 vero
1185 593 1289 624 quilibet
1311 600 1399 617 eorum
1424 594 1532 617 atterum
1555 600 1569 617 n
1592 600 1638 617 suo
1656 595 1713 625 Jure

1275 629 1426 660 absolverit,
1441 632 1488 653 etc.

1039 695 1176 726 Ponatur
1203 696 1286 735 quod
1316 696 1431 726 mulier
1459 696 1497 726 de
1524 704 1679 726 consensu
1709 696 1769 726 viri

995 749 1116 779 emittat
1140 749 1274 788 simplex
1297 752 1426 787 votum,
1453 752 1481 779 et
1505 749 1704 788 postmodum
1720 749 1771 779 vir

996 803 1159 841 prrniteat,
1183 805 1291 832 utrum
1314 805 1457 832 teneatur
1480 802 1507 832 ei
1530 802 1672 832 debitum
1697 802 1767 833 red-

994 856 1082 892 dere3
1100 858 1130 885 et
1149 855 1271 885 videtur
1289 855 1372 894 quod
1389 864 1468 892 non,
1486 855 1560 894 quia
1573 855 1708 893 suojuri
1724 864 1770 885 re-

996 909 1155 939 nuntiavit
1179 920 1185 939 :
1210 909 1293 939 unde
1317 908 1439 938 videtur
1463 908 1546 947 quod
1568 917 1633 937 non
1657 907 1770 938 habeat

996 962 1126 992 ulterius
1146 964 1328 1001 potestatem
1349 961 1471 1000 petendi
1489 961 1644 991 debitum.
1662 961 1697 991 ln
1712 970 1770 1001 op-

995 1016 1132 1055 positum
1145 1018 1250 1045 nutem
1266 1016 1389 1045 videtur
1403 1015 1573 1045 auctmitas
1586 1015 1768 1053 Augustini,

994 1069 1046 1099 ulii
1058 1069 1188 1099 divitur*
1206 1078 1213 1098 ;
1229 1069 1286 1099 Se'n
1303 1072 1405 1099 aulem
1420 1068 1666 1106 contradixerit,
1686 1070 1744 1098 etc.
1760 1079 1767 1098 z

994 1131 1088 1160 super
1103 1121 1179 1151 illud
1195 1122 1275 1151 dixit
1295 1122 1513 1159 Augustinus,
1535 1124 1565 1150 et
1588 1121 1722 1151 habetur
1738 1121 1770 1151 in

994 1175 1114 1212 littera,
1146 1175 1230 1213 quod
1260 1175 1309 1204 vir
1338 1177 1438 1213 potest
1466 1177 1635 1204 retractare
1659 1176 1769 1204 votum

994 1227 1121 1265 uxoris,
1147 1227 1178 1257 in
1202 1227 1286 1267 quod
1311 1229 1521 1257 emisenserat.
1555 1226 1593 1257 Et
1618 1230 1770 1266 praeterea

994 1281 1043 1310 vir
1061 1290 1123 1310 non
1147 1283 1192 1310 est
1212 1280 1358 1310 astrictus
1380 1289 1506 1310 servare
1530 1280 1767 1318 continentiam,

994 1334 1069 1373 quia
1095 1343 1195 1364 uxore
1222 1335 1347 1362 mortua
1376 1335 1478 1372 posset
1503 1333 1617 1363 «lucere
1643 1333 1737 1364 aliam
1760 1343 1767 1364 :

993 1397 1072 1426 ergo
1091 1388 1215 1417 videtur
1234 1387 1318 1426 quod
1342 1387 1437 1426 possit
1461 1387 1604 1417 debitum
1626 1388 1766 1418 reddere.

1035 1442 1126 1481 Resp.
1147 1442 1317 1472 Dicendum
1333 1442 1417 1480 quod
1437 1441 1460 1471 si
1482 1442 1597 1472 mulier
1610 1445 1704 1472 vovet
1718 1452 1768 1473 as-

993 1504 1087 1525 sensu
1104 1495 1182 1533 viri,
1206 1497 1260 1525 aut
1275 1495 1334 1524 hoc
1348 1496 1395 1524 est
1412 1504 1543 1524 assensu
1559 1495 1696 1534 privato,
1711 1498 1766 1526 aut

993 1558 1124 1578 assensu
1139 1548 1193 1587 qui
1210 1550 1254 1577 est
1277 1548 1306 1577 in
1325 1550 1493 1586 conspectu
1517 1547 1678 1585 Ecclesiae,
1701 1549 1768 1579 sive

994 1601 1117 1640 praelati
1135 1612 1141 1631 :
1160 1600 1186 1630 si
1203 1600 1238 1639 (b)
1260 1610 1392 1630 assensu
1411 1600 1465 1639 qui
1490 1600 1524 1630 fit
1545 1600 1577 1630 in
1599 1603 1768 1640 conspectu

994 1655 1137 1694 praelati.
1165 1655 1209 1684 sic
1233 1654 1405 1684 secundum
1433 1654 1515 1693 Juris
1544 1654 1679 1684 sormam
1703 1663 1768 1685 non

993 1710 1095 1747 potest
1118 1708 1261 1738 debitum
1285 1708 1405 1746 petere,
1431 1707 1505 1745 quia
1530 1707 1690 1738 renuntiat
1710 1717 1768 1738 suo

989 1763 1074 1801 juri;
1096 1762 1120 1791 si
1143 1765 1250 1791 autem
1266 1759 1386 1790 occulto
1406 1760 1577 1797 consentit,
1602 1760 1677 1799 quia
1698 1770 1768 1800 pro-

993 1815 1081 1854 ponit
1103 1813 1282 1849 continere,
1305 1815 1335 1842 et
1356 1812 1489 1842 intendit
1508 1812 1767 1853 simpliciterjuri

993 1877 1050 1898 suo
1077 1866 1278 1903 renuntiare,
1305 1866 1373 1904 jam
1403 1865 1518 1895 mulier
1542 1865 1575 1895 in
1599 1869 1767 1905 conspectu

994 1921 1045 1951 Dei
1066 1920 1208 1950 absoluta
1222 1921 1284 1956 est,
1310 1927 1367 1947 nec
1389 1919 1515 1948 tenetur
1535 1918 1678 1949 debitum
1701 1919 1768 1950 red-

992 1975 1076 2009 dere,
1094 1974 1119 2003 si
1136 1973 1195 2003 hoc
1212 1981 1251 2002 ex
1265 1971 1488 2002 deliberatione
1504 1971 1552 2000 vir
1567 1972 1767 2005 concesserit.

992 2027 1052 2057 Sed
1066 2025 1218 2064 quoniam
1233 2024 1292 2054 hoc
1304 2033 1367 2053 non
1379 2025 1499 2053 constat
1514 2023 1670 2062 Ecclesiae,
1684 2034 1767 2056 com-

993 2079 1125 2118 pellatur
1139 2087 1195 2117 per
1210 2076 1571 2107 excommunicationem
1580 2077 1619 2106 ab
1631 2076 1766 2108 Ecclesia

992 2132 1061 2162 viro
1074 2130 1215 2161 debitum
1230 2129 1369 2159 reddere.
1385 2128 1419 2159 Si
1432 2137 1567 2168 quaeraS‚
1585 2131 1694 2159 utrum
1709 2130 1764 2160 de-

992 2186 1063 2215 beat
1078 2183 1219 2219 obedire,
1241 2181 1409 2211 dicendum
1425 2181 1509 2220 quod
1529 2182 1555 2211 si
1574 2184 1686 2212 votum
1701 2191 1766 2214 non

992 2238 1106 2274 emisit,
1126 2237 1226 2276 potest
1243 2235 1311 2265 sine
1328 2237 1452 2273 peccato
1467 2234 1608 2264 debitum
1623 2235 1764 2274 reddere,

991 2292 1022 2321 et
1038 2292 1160 2320 tenetur
1175 2288 1213 2319 ad
1230 2287 1416 2318 mandatum
1435 2287 1593 2318 Ecclesiae.
1611 2287 1643 2317 Si
1658 2290 1766 2319 autem

992 2344 1097 2375 emisit
1111 2345 1221 2374 votum
1231 2366 1238 2377 ,
1262 2341 1354 2371 credo
1369 2341 1454 2380 quod
1470 2341 1519 2370 vir
1531 2350 1602 2371 eain
1616 2350 1765 2372 revocare

991 2408 1056 2429 non
1072 2397 1183 2437 possit,
1200 2405 1257 2426 nec
1272 2397 1396 2425 tenetur
1414 2394 1565 2424 assentire
1580 2395 1620 2425 ei.
1643 2394 1704 2425 Nec
1719 2398 1765 2426 est

992 2451 1094 2482 simile
1121 2450 1158 2480 de
1183 2452 1258 2480 voto
1285 2447 1502 2485 abstinentiae,
1534 2456 1592 2486 pro
1616 2457 1653 2478 eo
1679 2448 1764 2488 quod

991 2507 1146 2546 quantum
1155 2503 1194 2533 ad
1208 2501 1315 2532 omnia
1324 2501 1372 2530 vir
1383 2502 1494 2539 praeest
1511 2500 1615 2537 uxori,
1634 2503 1764 2539 praeter-

992 2566 1089 2599 quam
1105 2558 1138 2587 in
1153 2556 1225 2595 lege
1241 2554 1311 2585 tori.
1328 2553 1555 2584 Verumtamen
1576 2553 1670 2583 talem
1692 2563 1763 2584 mo-

992 2613 1069 2643 dum
1082 2609 1220 2640 vovendi
1236 2616 1299 2638 non
1315 2605 1465 2645 approbat
1484 2605 1617 2635 liet-lesia
1638 2609 1764 2645 propter

992 2664 1169 2705 periculum
1185 2661 1269 2704 quod
1285 2659 1427 2690 imminet
1446 2669 1452 2689 ι
1470 2659 1553 2689 unde
1567 2668 1632 2689 non
1649 2659 1764 2699 patitur
