1991 3006
760 219 945 252 DISTINCT.
968 220 1128 253 XXXVIII.

148 294 288 324 votorum
306 290 399 322 aliud
419 292 464 322 est
478 297 659 326 commune,
683 290 740 319 etc.
767 287 917 319 Similiter

146 344 282 375 secunda
302 353 390 383 pars,
415 343 448 373 in
472 351 534 382 qua
552 342 740 373 determinat
761 341 911 379 Magister

146 397 183 428 de
198 397 423 436 impedimento
445 394 623 434 ligaminis,
648 394 742 424 habet
762 393 840 423 duas
857 403 864 423 t
884 393 915 423 in

147 450 248 490 prima
258 449 403 486 ostendit,
413 447 496 488 quod
508 447 650 486 legitime
660 446 825 485 copulatus
838 446 913 484 uni,

146 512 210 533 non
225 504 323 541 potest
340 502 394 532 illa
409 501 534 532 vivente
553 500 607 530 alii
633 500 794 539 copulari,
814 509 872 530 nec
897 508 914 529 e

145 565 314 593 converso,
332 558 362 586 et
381 555 406 585 si
421 555 586 594 copuletur
605 553 643 583 de
662 554 757 590 sacto,
781 563 843 583 non
866 555 912 583 est

145 608 402 645 matrimoninm;
420 608 453 637 in
472 607 609 637 secunda
624 607 779 646 quaeritur
805 608 913 636 utrum

143 662 279 702 copulati
294 661 331 691 de
348 661 428 691 facto
442 684 451 697 ,
477 660 598 700 possint
623 669 678 699 per
699 660 913 699 Ignorantiam

144 716 183 746 ab
197 714 350 745 adulterio
364 714 529 751 excusari,
547 713 589 743 ibi
605 724 612 744 ι
632 714 691 745 Hic
706 713 862 753 quoerz'cur
875 713 913 744 de

143 768 209 800 illis
224 769 352 806 feminis
364 791 373 804 ,
390 776 458 807 quoe
474 769 639 806 putantes,
656 769 726 802 etc„
745 767 799 797 ubi
814 766 912 797 deter-

143 821 243 851 minat
256 821 340 860 quod
354 822 558 851 excusantur.

469 910 536 931 DUB.
560 910 580 930 Ι.

159 971 286 995 Privatum
302 971 389 994 votum
403 971 423 994 si
438 970 548 995 violetur
558 988 565 1000 ,
581 971 713 1000 peccatum
728 971 766 994 est
778 970 894 994 mortale.

181 1036 310 1066 Videtur
324 1035 439 1065 falsum
453 1034 574 1071 dicere,
601 1034 676 1074 quia
693 1035 836 1073 possibile
863 1037 910 1064 est

140 1089 226 1128 quod
240 1088 443 1125 contrahant,
458 1088 501 1117 ita
516 1089 622 1117 tamen
637 1087 721 1126 quod
736 1087 821 1117 nullo
837 1096 906 1118 mo-

139 1142 179 1173 do
193 1142 357 1173 carnaliter
369 1141 568 1178 conveniant,
582 1140 662 1170 sicut
674 1140 789 1180 Joseph
804 1143 834 1171 et
850 1140 910 1171 Ma-

141 1195 203 1233 ria,
221 1197 252 1226 et
265 1194 429 1225 Tiburtius
444 1196 474 1224 et
489 1194 611 1225 Caecilia
628 1205 634 1224 :
653 1203 732 1233 ergo
748 1203 811 1224 non
826 1194 908 1225 vide-

140 1249 249 1280 turibi
265 1258 332 1279 esse
351 1248 453 1288 culpa.
472 1248 565 1285 Item,
591 1247 615 1277 si
640 1249 686 1277 est
705 1248 749 1277 ibi
775 1247 907 1278 mortale

139 1304 316 1342 peccatum3
332 1311 411 1340 ergo
426 1301 534 1332 nullus
556 1301 648 1331 (lebet
667 1301 704 1331 de
725 1301 785 1331 hoc
809 1301 905 1331 licen-

138 1355 210 1385 tiari
227 1366 233 1385 ε
252 1355 305 1385 sed
328 1354 453 1392 mulier,
475 1363 548 1394 quae
563 1354 651 1385 vovit
667 1356 741 1385 voto
763 1354 885 1393 piivato
897 1379 904 1391 ‚

137 1408 314 1438 licentietur
336 1408 373 1438 de
397 1407 599 1438 matrimonio
614 1407 845 1445 contrahendo,
867 1408 905 1437 ti-

137 1461 202 1491 tulo
225 1461 285 1496 Qui
307 1461 416 1492 clerici
432 1461 479 1492 vel
497 1464 643 1492 voventes
666 1462 906 1492 matrimom'wn

135 1514 316 1546 contrahere
337 1517 486 1553 possunt,
513 1516 584 1551 etc„
612 1514 645 1544 in
670 1514 816 1544 decretali
846 1515 903 1546 Ve-

134 1568 225 1599 m'ens
237 1591 245 1605 ,
266 1569 324 1598 etc.
342 1578 348 1597 :
366 1567 408 1597 ibi
423 1567 556 1598 dicitur:
579 1567 671 1598 «Sibi
692 1567 730 1598 de
745 1570 817 1598 voto
832 1569 904 1598 vio-

135 1622 197 1652 lato
222 1631 398 1661 congruam
430 1621 674 1652 satisfactionem
706 1621 825 1651 indicas
836 1645 845 1659 ,
874 1623 904 1652 et

134 1675 183 1713 ei,
200 1675 250 1705 cui
270 1675 357 1712 vult,
378 1675 411 1705 in
432 1675 565 1705 Domino
585 1674 724 1705 nubendi
742 1674 901 1705 licentIam

134 1729 272 1760 tribuere
287 1738 350 1759 non
366 1730 546 1768 postponas.
565 1739 579 1756 ι)

173 1782 264 1822 Resp.
283 1782 455 1812 Dicendum
475 1782 559 1821 quod
580 1782 768 1812 contrahens
793 1783 899 1813 matri-

134 1835 278 1867 monium
297 1837 351 1866 aut
370 1835 503 1865 intendit
524 1835 709 1866 contrahere
724 1836 826 1866 solum
846 1836 894 1865 in-

132 1889 286 1920 tendendo
301 1893 331 1919 et
345 1888 567 1919 consentiendo
582 1889 615 1918 in
630 1889 833 1928 conjugalem
850 1898 899 1920 so-

132 1943 291 1980 cietatem,
318 1944 372 1972 aut
395 1942 428 1971 in
450 1941 596 1981 copulam
622 1941 781 1972 carnalem
795 1966 802 1979 ,
827 1942 891 1973 sive

131 1997 258 2034 propter
279 1994 459 2031 libidinem,
482 1994 548 2025 sive
572 1996 700 2034 propter
723 1995 899 2033 generatio-

131 2057 226 2079 nem:
253 2048 393 2088 primum
417 2049 463 2077 est
483 2047 621 2085 licitum,
652 2047 825 2078 secundum
850 2050 897 2078 est

130 2101 260 2132 mortale
276 2103 452 2141 peccatum.
477 2100 519 2131 De
546 2101 649 2140 primo
669 2110 733 2131 non
754 2101 898 2141 loquitur

130 2156 291 2196 Magister,
305 2155 358 2186 sed
371 2156 409 2186 de
423 2156 560 2186 secundo
573 2180 581 2194 ,
597 2156 673 2196 quia
687 2166 798 2187 omnes
821 2167 895 2188 con-

128 2209 287 2240 trahentes
302 2210 366 2239 fere
380 2209 424 2239 sic
441 2209 628 2240 contrahere
648 2213 893 2241 consueverunt.

128 2262 218 2300 Quod
237 2263 392 2302 quaeritur
409 2262 447 2293 de
468 2262 520 2292 illa
534 2272 605 2302 quae
623 2263 711 2294 vovit
729 2266 802 2295 voto
818 2265 894 2294 sim-

129 2315 213 2355 plici,
231 2315 397 2346 dicendum
408 2316 491 2355 quod
508 2315 642 2347 Ecclesia
657 2326 721 2347 non
735 2317 787 2347 dat
800 2317 843 2347 ibi
857 2318 895 2347 li-

128 2369 261 2398 centiam
268 2368 464 2408 simpliciter,
477 2369 541 2407 sed,
552 2369 632 2399 sicut
643 2371 726 2408 patet
740 2379 779 2399 cx
792 2370 895 2400 littera

127 2421 337 2459 antecedenti,
349 2422 526 2461 Apparatus
539 2422 613 2452 dicit
630 2431 637 2452 :
658 2434 672 2450 «
688 2422 732 2452 lbi
750 2424 796 2453 est
813 2432 895 2453 com-

128 2474 270 2515 parativa
283 2475 458 2514 permissio,
478 2476 553 2515 quia
567 2476 760 2515 permittitur
773 2477 893 2507 malum

127 2527 212 2565 fieri,
224 2536 264 2558 ne
276 2528 380 2558 veniat
395 2529 496 2568 pejuS,
512 2529 591 2559 sicut
605 2531 689 2569 patet
703 2539 743 2560 ex
757 2539 794 2560 eo
809 2531 894 2569 quod

127 2581 253 2618 dicitur,
271 2590 356 2611 caus.
371 2591 450 2620 xxu,
472 2592 503 2622 q.
522 2592 542 2620 1,
564 2591 591 2612 c.
616 2582 788 2615 Considera
810 2584 895 2623 quod

126 2635 176 2667 hic
193 2634 347 2673 Salvator,
367 2637 424 2666 etc.
436 2646 450 2664 »
472 2635 560 2667 Unde
579 2636 657 2667 illud
671 2637 786 2668 factum
806 2638 893 2668 nullo

128 2688 221 2720 modo
231 2688 418 2720 trahendum
428 2691 474 2719 est
482 2689 519 2720 ad
530 2690 890 2731 consequentiani,quia,

1684 230 1742 259 373

972 288 1051 318 sicut
1074 289 1211 319 habetur
1234 289 1266 319 in
1288 290 1359 321 aliis
1375 291 1583 324 decretalibus
1599 295 1741 333 ejusdem

971 342 1052 371 tituli
1070 365 1079 379 ,
1104 345 1215 373 votum
1238 343 1421 382 simpliciter
1441 346 1582 385 impedit..
1608 347 1645 378 Et
1667 351 1742 380 nota

970 396 1053 435 quod
1071 397 1220 435 praedicta
1242 397 1359 427 mulier
1384 399 1518 438 simplici
1540 402 1613 430 voto
1634 402 1739 439 vovit,

970 449 1045 488 qnia
1058 450 1115 479 etsi
1127 450 1160 479 in
1172 451 1318 480 manibus
1328 452 1469 483 eremitae
1488 454 1620 491 voverit,
1634 456 1740 486 tamen

969 501 1045 540 quia
1060 511 1125 532 non
1139 512 1172 532 se
1194 502 1392 542 obligaverat
1406 505 1443 534 ad
1460 505 1650 543 religionem
1670 516 1740 547 spe—

969 554 1090 591 cialem,
1107 555 1159 585 sed
1175 556 1387 586 communiter
1405 557 1443 587 ad
1455 558 1695 597 continentiam,
1709 562 1740 591 et

968 607 1019 637 ille
1035 609 1166 638 eremita
1184 618 1249 639 non
1272 612 1338 639 erat
1362 619 1496 649 persona
1511 611 1654 651 publica,
1681 622 1739 644 nec

968 660 1035 699 ipsa
1046 663 1162 692 vestem
1171 662 1316 700 mutavit,
1327 672 1390 693 non
1399 664 1573 695 fuitvotum
1585 665 1735 697 solemne.

1291 756 1358 777 DUB.
1383 757 1415 778 11.
1426 760 1428 762 “

991 814 1114 837 Solemne
1128 821 1189 838 vero
1206 814 1316 843 violare,
1331 817 1463 846 peccatum
1476 818 1501 840 et
1515 818 1661 842 scandalum
1675 821 1721 843 est.

1009 874 1135 906 Videtur
1149 876 1218 907 haec
1233 876 1296 908 duo
1319 878 1400 908 male
1420 878 1638 918 distinguere,
1663 881 1739 920 quia

966 928 1070 967 ipsum
1086 929 1267 960 scandalum
1283 932 1445 970 peccatum
1461 934 1516 962 est.
1531 932 1608 963 Item
1619 935 1735 973 quaeri-

966 983 1029 1018 tur,
1043 983 1151 1011 utrum
1165 983 1228 1012 sint
1244 983 1287 1013 ibi
1298 983 1362 1013 duo
1376 986 1519 1023 peccata3
1537 987 1567 1015 et
1579 985 1664 1025 quod
1680 986 1735 1022 sic,

965 1034 1102 1071 videtur,
1125 1036 1200 1074 qnia
1223 1036 1399 1075 frangendo
1416 1040 1527 1068 votum
1546 1061 1554 1075 ,
1574 1041 1679 1078 peccat
1702 1039 1735 1070 in

966 1086 1063 1117 Deum
1075 1111 1084 1125 ,
1099 1088 1153 1118 sed
1168 1089 1408 1120 scandalizando
1419 1114 1429 1128 ,
1447 1090 1479 1121 in
1494 1092 1689 1131 proximum.

1005 1140 1097 1180 Resp.
1115 1141 1289 1173 Dicendum
1310 1144 1395 1182 quod
1411 1144 1593 1175 scandalum
1609 1146 1735 1177 unitum

965 1197 1089 1233 peccato
1104 1204 1166 1225 non
1181 1195 1252 1225 facit
1264 1205 1386 1227 novun]
1400 1200 1563 1237 peccatum
1578 1202 1734 1238 'quantum

963 1247 999 1277 ad
1017 1248 1301 1287 transgressionem
1315 1274 1321 1287 ,
1338 1259 1396 1281 nec
1411 1253 1568 1290 quantum
1581 1252 1619 1282 ad
1634 1254 1734 1292 poeni-

964 1301 1117 1339 te11tIa1n3
1134 1302 1187 1332 sed
1212 1312 1329 1333 novam
1355 1304 1440 1334 addit
1464 1305 1733 1338 circumstantiam

963 1357 1196 1394 aggravantem
1214 1380 1222 1392 ,
1247 1359 1283 1387 ut
1310 1357 1473 1387 fornicatio
1502 1359 1627 1398 publiea
1651 1360 1734 1391 ultra

962 1409 1118 1448 privatam
1135 1420 1141 1439 :
1158 1409 1275 1449 duplex
1297 1412 1402 1441 tamen
1418 1420 1485 1442 esse
1507 1415 1610 1451 posset
1626 1422 1732 1452 quan-

963 1464 1030 1492 tum
1045 1463 1083 1493 ad
1099 1463 1342 1494 accusationem.
1361 1464 1449 1500 Quod
1466 1465 1626 1504 objicitur,
1649 1467 1732 1506 quod

961 1525 1064 1546 unuin
1082 1517 1250 1556 copulatur
1266 1517 1370 1555 alteri,
1385 1518 1553 1549 dicendum
1569 1520 1655 1559 quod
1672 1520 1733 1550 hoc

961 1578 1025 1599 non
1034 1571 1080 1599 est
1097 1572 1224 1609 propter
1235 1570 1449 1601 diversitatem
1461 1573 1578 1611 pcccati
1588 1596 1595 1610 ,
1608 1573 1661 1604 sed
1675 1573 1732 1603 cir-

960 1623 1157 1653 eumstantiae
1182 1623 1323 1662 adjectae.
1351 1623 1440 1660 Quod
1466 1625 1625 1664 objicitur,
1647 1626 1730 1666 quod

960 1676 992 1706 in
1010 1676 1127 1714 Deum,
1146 1678 1217 1714 etr„
1236 1677 1404 1708 dicendum
1420 1678 1506 1717 quod
1523 1678 1606 1709 idem
1622 1688 1730 1719 pecca-

960 1732 1028 1759 tum
1041 1753 1048 1766 ,
1067 1731 1097 1760 et
1118 1730 1151 1760 in
1176 1731 1276 1760 Deum
1289 1755 1296 1767 ,
1315 1732 1346 1761 et
1364 1731 1397 1760 in
1422 1731 1606 1770 proximum
1630 1734 1731 1772 potest

958 1791 1042 1819 esse3
1067 1783 1120 1813 sed
1140 1784 1172 1812 in
1197 1782 1295 1813 Deum
1316 1783 1540 1823 principaliter,
1564 1785 1596 1815 in
1619 1786 1729 1825 proxi-

959 1844 1048 1865 mum
1063 1836 1185 1866 ratione
1201 1836 1446 1867 circumstantiae
1460 1837 1618 1876 adJunctae
1635 1849 1641 1868 ε
1659 1838 1729 1869 ideo

958 1889 1017 1919 hoc
1031 1898 1095 1919 non
1116 1888 1189 1919 facit
1204 1888 1330 1919 diversa
1352 1891 1493 1929 peccata,
1517 1891 1592 1930 quia
1619 1900 1727 1931 pecca-

958 1944 1024 1972 tum
1053 1944 1239 1972 numeratur
1262 1942 1384 1973 ratione
1408 1944 1497 1973 actus
1520 1943 1602 1974 circa
1631 1953 1727 1984 quem

957 1998 1021 2033 est,
1047 2004 1111 2025 non
1126 1995 1246 2025 ratione
1267 1996 1337 2034 eJus
1359 1995 1391 2025 in
1406 2005 1502 2035 quem
1517 1998 1562 2026 est
1579 2005 1586 2026 :
1603 1995 1631 2026 si
1654 1997 1727 2036 quis

956 2049 1042 2079 enim
1054 2057 1116 2079 una
1130 2048 1251 2078 actione
1262 2048 1434 2079 offenderet
1447 2049 1552 2089 plures
1565 2049 1723 2088 homines,

956 2111 1020 2133 uno
1035 2103 1161 2142 peccato
1177 2104 1327 2141 peccaret.

1274 2195 1342 2216 DUB.
1366 2195 1410 2216 III.

1163 2252 1267 2277 Probari
1284 2259 1336 2276 non
1354 2254 1455 2283 potest,
1474 2254 1522 2277 etc.

993 2314 1122 2346 Videtur
1134 2315 1216 2345 mala
1230 2323 1297 2345 esse
1307 2315 1397 2352 ratio,
1410 2314 1485 2354 quia
1496 2315 1634 2346 detectus
1649 2325 1725 2355 pro-

953 2369 1087 2399 bationis
1101 2378 1165 2398 non
1180 2369 1281 2398 aufert
1296 2368 1536 2399 matrimonium
1546 2392 1554 2406 ,
1569 2377 1626 2399 nec
1641 2369 1722 2399 facit.

993 2423 1084 2462 Resp.
1109 2422 1299 2461 Aliquorum
1318 2422 1426 2461 opinio
1448 2422 1527 2459 suit,
1552 2423 1587 2452 ut
1606 2421 1721 2461 Hugu-

952 2475 1056 2512 tionis,
1069 2475 1155 2514 quod
1169 2476 1275 2505 votum
1287 2475 1421 2514 simplex
1438 2475 1480 2505 ita
1496 2474 1629 2514 impedit
1640 2475 1723 2514 apud

952 2529 1069 2565 Deum,
1086 2530 1121 2558 ut
1134 2528 1272 2558 solemne
1290 2539 1295 2558 :
1314 2528 1396 2559 unde
1411 2528 1488 2558 illud
1503 2537 1568 2558 non
1583 2530 1630 2558 est
1653 2537 1721 2557 ma-

952 2581 1138 2612 trimonium
1153 2581 1185 2611 in
1208 2584 1377 2621 conspectu
1398 2581 1467 2619 Dei,
1490 2581 1544 2612 sed
1567 2581 1670 2611 solum
1689 2579 1720 2609 in

951 2635 1027 2666 facie
1049 2634 1213 2672 Ecclesiae,
1239 2635 1314 2675 quia
1336 2644 1399 2665 non
1429 2637 1502 2665 sunt
1526 2636 1618 2665 testes
1632 2657 1639 2671 ,
1667 2642 1721 2672 per

952 2698 1031 2728 quos
1056 2689 1154 2727 possit
1175 2688 1297 2726 dirimi3
1315 2690 1345 2719 et
1361 2696 1486 2727 semper
1509 2686 1586 2717 alter
1606 2686 1721 2724 conju-
