1991 3006
470 232 568 264 DIST.
590 231 692 263 XLIX.
717 229 833 261 PART.
862 229 899 259 ll.
924 229 1013 259 ART.
1039 228 1076 258 ll.
1097 227 1204 258 SECT.
1230 228 1250 258 Ι.
1272 228 1424 265 QUAEST.
1449 229 1471 259 l.

177 300 236 331 Sed
260 299 427 340 qualitates
453 299 659 330 elementares
683 299 758 327 sunt
781 296 825 326 eis
852 297 945 326 natu-

176 353 258 384 rales
271 364 278 383 :
291 362 371 392 ergo
381 353 566 383 manebunt.
583 352 615 382 Si
625 351 709 381 dicas
721 349 805 389 quod
817 351 947 379 manent

176 406 350 436 secundum
363 406 528 443 essentias,
545 414 608 435 non
629 403 804 434 secundum
818 404 923 432 actum
936 413 943 439 ;

176 460 285 489 contra
303 470 309 489 :
326 458 582 498 Unumquodque
595 456 734 487 nobilius
752 458 798 486 est
818 455 946 495 quando

176 513 223 541 est
238 512 443 550 conjunctum
466 511 564 548 actui,
589 519 685 549 quam
707 509 834 548 quando
854 517 919 538 non
937 517 943 537 :

175 573 265 602 ergo,
282 566 341 594 etc.
356 564 390 594 Si
406 564 492 594 dicas
506 563 591 602 quod
607 562 757 592 actusille
773 564 817 591 est
832 561 946 599 imper-

174 617 333 653 fectionis;
352 618 462 646 contra
483 627 490 646 ;
510 615 673 645 Elementa
689 615 779 654 plura
800 614 943 653 impossi-

174 669 235 700 bile
259 672 304 700 est
328 669 437 699 venire
462 669 499 698 ad
525 667 784 698 constitutionem
807 667 946 706 corporis·

173 722 281 759 unius,
298 722 359 751 nisi
372 731 428 761 per
441 721 628 751 mixtionem
646 731 652 750 z
670 730 751 759 ergo
766 729 889 750 11000550
901 722 946 750 051

173 775 329 805 elementa
344 775 480 804 misceri.
495 774 555 804 Sed
570 774 623 804 ubi
639 776 685 804 est
699 773 822 809 mixtio,
839 782 947 803 neces-

174 827 256 858 sario
266 831 314 858 est
328 830 440 858 mutua
450 828 530 858 actio
542 829 573 857 et
583 826 697 866 passio,
712 829 741 856 et
756 826 944 865 qualitatum

173 881 361 918 confracti03
382 884 412 911 et
430 881 484 911 ubi
503 881 571 911 haec
587 882 675 917 sunt,
693 880 848 910 elementa
873 882 945 909 sunt

173 935 205 964 in
219 935 286 965 suis
301 935 422 965 actibus
438 945 444 964 ε
461 943 551 972 ergo,
566 935 623 963 etc.

213 989 242 1017 Ξ).
264 987 342 1017 Item
364 996 478 1026 corpus
500 986 677 1025 gloriosum
699 986 759 1015 erit
781 986 945 1016 nobilioris

173 1041 411 1080 complexionis,
429 1049 526 1080 quam
544 1049 628 1070 nunc
646 1051 651 1070 ι
676 1040 730 1069 sed
747 1043 869 1078 quanto
884 1040 944 1069 ali—

172 1094 256 1132 quod
271 1103 385 1133 corpus
399 1094 626 1123 elementatum
641 1095 671 1123 et
690 1093 867 1122 animatum
883 1102 945 1123 no-

172 1145 292 1176 bilioris
315 1149 361 1176 est
383 1145 626 1185 complexionis,
654 1148 741 1175 tanto
767 1146 945 1185 passibilius

172 1201 233 1236 est;
251 1199 333 1238 quod
353 1201 451 1238 patet,
473 1199 547 1238 quia
568 1199 747 1238 passibilius
761 1201 807 1228 est
830 1208 945 1238 corpus

172 1252 328 1290 animalis,
353 1261 449 1291 quam
469 1252 602 1291 plantae3
624 1254 655 1281 et
674 1252 824 1289 hominiS,
847 1262 943 1291 quam

172 1305 257 1335 bruti
281 1305 425 1335 animalis
451 1316 457 1335 z
483 1314 562 1344 ergo
586 1314 701 1344 corpus
728 1305 943 1343 glorificatum

172 1359 287 1397 magis,
307 1368 404 1398 quam
419 1368 515 1395 nunc,
531 1359 590 1388 erit
605 1358 763 1398 passibile.

214 1414 241 1442 3.
261 1412 336 1442 [tem
357 1412 512 1442 elementa
530 1412 748 1442 miscebuntur
766 1412 805 1450 (a)
822 1412 854 1441 in
880 1421 944 1442 001·-

174 1474 248 1505 pore
264 1466 316 1496 illo
334 1477 340 1495 z
361 1469 415 1496 ant
434 1475 512 1505 ergo
533 1465 708 1505 aequaliter,
731 1468 785 1495 aut
802 1465 944 1504 inaequa-

172 1519 241 1548 liter
254 1527 260 1548 :
272 1519 297 1547 si
310 1518 521 1557 inaequaliter,
537 1518 590 1548 sed
606 1517 772 1557 inaequalis
789 1518 945 1548 commix-

174 1572 216 1602 tio
232 1571 284 1601 via
299 1573 345 1601 est
360 1571 398 1601 ad
413 1571 651 1601 dissolutionem
666 1580 673 1600 z
692 1580 770 1609 ergo
788 1571 865 1602 illud
881 1581 945 1601 cor-

173 1634 232 1664 pus
246 1625 305 1654 erit
316 1624 500 1655 dissolubile
516 1626 545 1654 et
557 1624 713 1664 passibile.
727 1624 756 1654 Si
768 1624 942 1663 aequaliter,

174 1680 230 1708 aut
249 1678 427 1717 aequatione
443 1677 601 1717 punctali,
619 1679 674 1707 aut
695 1686 760 1707 non
780 1678 917 1716 punctali
936 1689 942 1707 ;

174 1731 199 1760 51
224 1731 443 1770 adaequatione
468 1729 624 1769 punetali,
645 1738 723 1768 ergo
744 1730 851 1759 omnia
874 1739 943 1759 cor-

175 1793 250 1824 pora
267 1786 370 1814 essent
384 1783 526 1823 ejusdem
542 1782 771 1822 complexionis
785 1785 814 1812 et
830 1783 942 1812 nobili-

174 1837 259 1873 tatis,
278 1837 363 1876 quod
378 1846 442 1867 non
457 1839 504 1866 est
524 1845 652 1873 verum;
670 1836 696 1865 si
712 1845 776 1866 non
791 1836 942 1875 punctali,

175 1899 252 1929 ergo
267 1899 368 1921 unum
378 1890 484 1930 aliquo
498 1890 590 1919 modo
599 1889 721 1920 excedit
734 1890 895 1929 reliquum
912 1891 945 1920 in

174 1943 293 1974 virtute
310 1955 315 1974 :
335 1944 388 1974 sed
411 1952 557 1973 excessus
577 1946 709 1981 generat
725 1943 832 1982 aliquo
852 1943 945 1973 modo

175 2006 318 2036 pugnam
344 2000 374 2027 et
396 1997 499 2033 litem,
526 1998 557 2025 et
577 1995 646 2026 haec
673 1996 908 2026 dissolutionem
936 2007 942 2026 ς

176 2059 265 2089 ergo,
284 2052 342 2080 etc.

215 2105 244 2132 4.
265 2103 341 2133 ltem
358 2105 413 2133 aut
423 2103 481 2133 erit
495 2103 527 2132 in
540 2112 671 2142 corpore
683 2102 778 2139 calor,
791 2105 845 2132 aut
859 2111 922 2132 non
935 2111 942 2132 ε

176 2156 290 2191 sinon,
313 2166 370 2187 nec
391 2157 531 2196 operatio
555 2156 688 2193 animae,
711 2165 784 2186 cum
805 2155 945 2194 operatio

177 2212 292 2247 motus,
311 2212 342 2239 et
365 2219 490 2246 sensus,
513 2211 543 2239 et
560 2209 632 2239 vitae
643 2232 650 2245 ,
667 2209 706 2238 sit
721 2208 877 2238 mediante
892 2217 942 2239 ca-

176 2263 256 2299 lore;
274 2263 356 2302 quod
374 2263 399 2292 si
415 2265 459 2292 est
478 2262 518 2292 ibi
536 2262 635 2299 calor,
652 2261 705 2291 sed
721 2261 804 2291 calor
824 2261 946 2299 indiget

176 2315 306 2355 pabulo,
319 2315 394 2354 quia
409 2316 478 2354 ejus
492 2318 537 2345 est
553 2323 739 2345 consumere
756 2325 762 2343 :
782 2314 834 2344 sed
850 2324 944 2344 omne

175 2369 259 2408 quod
273 2369 393 2407 indiget
407 2368 534 2408 pabulo,
548 2371 594 2398 est
608 2367 813 2407 corruptibile
828 2369 859 2397 et
875 2377 944 2407 pas-

176 2422 265 2452 sibile
280 2433 286 2452 :
303 2431 391 2461 ergo,
406 2424 464 2452 etc.

209 2503 240 2532 (a)
259 2503 318 2525 Item
333 2503 477 2525 miscentium
492 2515 521 2519 —-
536 2501 565 2530 (b)
579 2502 638 2525 Coet.
653 2501 713 2524 ellit.
729 2501 764 2525 sic
779 2508 831 2525 non
849 2503 945 2525 tantum

178 2537 284 2561 videtur.

1711 233 1769 261 589

1268 357 1493 389 CONCLUSIO.

1001 441 1118 475 Corpora
1137 441 1289 474 qlorificata
1310 445 1386 468 erunt
1405 443 1602 469 indissolubilia
1625 443 1657 470 ab
1672 444 1771 469 intrin-

1036 493 1109 517 seco,
1133 487 1197 520 quia
1218 487 1365 520 qualitates
1390 487 1556 514 elementares
1576 487 1713 514 cessabunt
1739 487 1771 513 ab

1037 532 1179 564 appetitu,
1195 532 1219 556 et
1233 538 1285 557 non
1299 531 1456 565 pugnabunt
1472 532 1508 558 ad
1522 533 1644 559 invicem.

1046 615 1136 655 Resp.
1149 615 1188 645 ad
1203 623 1275 653 arg.
1291 615 1463 645 Dicendum
1475 616 1559 655 quod
1572 625 1682 647 omnes
1696 626 1769 647 con-

1000 671 1132 702 cordant
1152 669 1185 699 in
1207 669 1277 705 hoc,
1301 669 1385 707 quod
1407 678 1539 708 corpora
1560 669 1612 700 illa
1632 672 1705 699 sunt
1720 669 1770 699 in-

1001 721 1218 763 corruptibilia
1234 723 1265 751 et
1280 721 1520 759 indesectibilia3
1541 722 1594 752 sed
1614 723 1769 752 rationem

1001 778 1133 807 sumunt
1147 784 1187 805 ex
1202 774 1336 804 diversis
1349 774 1462 804 causis.
1478 774 1612 810 Quidam
1628 775 1713 805 enim
1728 775 1771 805 (11-
1786 783 1848 810 Opia.
1871 786 1890 804 1.

1000 832 1076 860 011111
1091 828 1173 868 quod
1185 827 1341 858 elementa
1355 829 1430 857 sunt
1440 827 1472 856 in
1485 836 1615 867 corpore
1632 828 1770 866 glorioso

1001 883 1176 913 secundum
1192 881 1412 917 substantiam,
1430 890 1494 911 non
1509 881 1681 911 secundum
1696 890 1770 919 qua—

1001 937 1101 966 litates
1113 947 1119 972 ;
1136 937 1166 965 et
1178 935 1260 972 ideo,
1276 935 1349 973 quia
1360 934 1544 964 substantiae
1555 934 1634 963 1111111
1645 936 1691 964 est
1701 943 1771 964 con-

1001 990 1153 1025 trarium,
1178 990 1207 1018 et
1228 987 1283 1017 ubi
1304 987 1391 1017 nulla
1410 987 1625 1024 contrarietas
1647 997 1710 1017 non
1726 990 1771 1017 est.

1000 1052 1126 1082 pugna,
1150 1050 1207 1071 1100
1230 1040 1411 1076 dissolutio;
1437 1040 1525 1077 ideo,
1544 1042 1602 1070 etc.
1628 1039 1688 1070 Sed
1711 1040 1771 1070 1100
1789 1053 1881 1080 improb,

1000 1095 1215 1133 improbatum
1240 1095 1301 1130 est,
1326 1094 1401 1132 quia
1421 1096 1534 1123 natura
1557 1092 1647 1123 debet
1666 1102 1771 1123 rema-

1000 1158 1086 1178 nere.
1111 1147 1172 1178 Alii
1192 1147 1300 1177 dicunt
1321 1146 1405 1185 quod
1429 1148 1503 1176 sunt
1526 1146 1569 1175 ibi
1593 1146 1766 1177 secundum
1786 1161 1848 1188 oph„
1870 1164 1891 1182 2,

1000 1201 1180 1240 qualitates3
1207 1200 1260 1229 sed
1289 1199 1454 1238 qualitates
1479 1207 1543 1228 non
1566 1201 1686 1237 agunt,
1713 1209 1771 1230 nec

1000 1254 1179 1293 patiuntur;
1205 1255 1236 1282 et
1260 1252 1337 1289 hoc,
1359 1252 1468 1282 divina
1493 1252 1609 1282 virtute
1638 1252 1767 1282 mirabi-

1000 1307 1070 1337 liter
1086 1307 1228 1337 faciente.
1242 1306 1280 1336 Et
1289 1307 1349 1336 hoc
1359 1309 1402 1336 est
1414 1306 1768 1344 iterumimprobatum,
1788 1318 1881 1345 [mm-01„

1000 1361 1076 1399 quia
1090 1360 1115 1389 51
1130 1360 1313 1397 miscentur,
1331 1361 1452 1389 constat
1465 1359 1550 1398 quod
1565 1359 1769 1397 franguntur,

1001 1416 1030 1444 et
1046 1416 1160 1444 mutuo
1177 1415 1289 1452 agunt,
1308 1415 1338 1443 et
1353 1414 1526 1452 patiuntur.
1548 1412 1643 1443 Tertii
1663 1413 1772 1443 dicunt
1787 1425 1848 1451 upa..
1871 1428 1889 1448 ε,

1000 1467 1085 1506 quod
1102 1469 1175 1496 sunt
1191 1466 1365 1496 secundum
1381 1466 1605 1503 substantiam,
1624 1468 1653 1496 et
1669 1465 1773 1504 quali-

1001 1522 1090 1557 tates,
1113 1523 1143 1550 et
1164 1522 1268 1556 actus3
1291 1519 1345 1549 sed
1367 1521 1472 1548 tamen
1490 1520 1579 1548 actus
1598 1528 1684 1548 nuuc
1699 1521 1771 1549 sunt

1001 1574 1034 1603 in
1060 1573 1127 1612 ipsa
1148 1572 1319 1609 mixtione,
1347 1572 1400 1602 sed
1424 1574 1492 1610 post
1510 1571 1666 1610 judicium
1688 1581 1770 1608 non,

1001 1627 1076 1666 quia
1090 1627 1123 1655 in
1138 1626 1182 1656 eis
1197 1625 1380 1656 dominatur
1395 1627 1509 1654 natura
1524 1625 1675 1661 coelestis,
1698 1634 1771 1664 quae

1001 1680 1131 1710 omnino
1145 1679 1326 1710 reconciliat
1339 1678 1504 1715 elementa,
1522 1680 1552 1707 et
1570 1679 1658 1717 quasi
1674 1681 1769 1708 natu—

1001 1743 1071 1763 ram
1094 1733 1320 1763 elementarem
1347 1732 1506 1767 absorbet,
1531 1734 1561 1761 et
1582 1732 1772 1762 transfertur

1001 1788 1103 1816 totum
1128 1794 1242 1824 corpus
1262 1785 1293 1814 in
1316 1786 1466 1814 naturam
1487 1784 1663 1821 coelestem,
1687 1784 1771 1814 unde

1001 1839 1133 1869 debetur
1155 1838 1183 1868 ei
1205 1838 1294 1868 locus
1318 1837 1467 1872 0110105115,
1493 1839 1523 1867 et
1546 1837 1770 1877 incorruptibi—

1001 1892 1082 1922 litas.
1101 1891 1159 1921 Sed
1175 1891 1252 1921 illud
1267 1894 1312 1920 est
1327 1890 1471 1926 dubium,
1489 1890 1648 1929 quomodo
1658 1892 1772 1921 natura
1788 1906 1883 1932 Impmh,

1002 1945 1135 1975 coelestis
1154 1945 1194 1974 sit
1210 1944 1248 1974 de
1263 1943 1490 1982 compositione
1505 1943 1645 1982 corporis
1660 1944 1769 1982 nostri,

1002 1999 1075 2038 quia
1099 1998 1152 2028 hic
1175 2006 1239 2027 non
1264 1997 1392 2027 videtur
1418 1997 1453 2035 (b)
1475 1996 1621 2036 componi
1650 1997 1710 2027 nisi
1732 2006 1772 2027 ex

1002 2053 1140 2091 quatuor
1156 2051 1328 2081 elementis.
1344 2049 1381 2079 Et
1401 2049 1470 2079 ideo
1487 2049 1577 2079 aliter
1591 2049 1770 2088 dicendum,
1788 2065 1851 2091 op„
1872 2067 1891 2085 1„

1002 2105 1087 2144 quod
1100 2104 1254 2134 clementa
1266 2105 1396 2133 manent
1409 2102 1441 2132 in
1456 2111 1585 2142 corpore
1596 2102 1648 2133 illo
1660 2112 1771 2133 :ecun-

1002 2158 1079 2187 dum
1101 2157 1326 2193 substantiam,
1352 2157 1383 2186 et
1405 2155 1588 2195 qualitates,
1606 2159 1636 2186 et
1657 2166 1773 2196 opera-

1002 2211 1113 2240 tiones.
1136 2210 1194 2240 Sed
1210 2209 1453 2246 attendendum,
1470 2209 1555 2248 quod
1575 2209 1773 2249 quadruplex

1002 2265 1048 2292 est
1063 2263 1202 2303 operatio
1218 2263 1447 2293 elementorum
1462 2273 1468 2293 z
1485 2272 1549 2292 una
1564 2265 1721 2302 quantum
1735 2263 1773 2293 ad

1002 2316 1274 2352 constitutionem,
1297 2318 1327 2345 et
1351 2316 1419 2345 haec
1444 2317 1490 2346 est
1517 2316 1774 2354 mixtioni53a1ia

1002 2371 1158 2408 quantum
1173 2369 1212 2399 ad
1228 2369 1510 2405 conservationem,
1523 2371 1553 2399 et
1568 2369 1636 2400 haec
1648 2372 1694 2399 est
1711 2370 1773 2399 1111-

1003 2422 1169 2452 nisterialis
1184 2422 1298 2452 delatio
1320 2421 1432 2451 caloris
1453 2421 1556 2452 vitalis
1572 2431 1627 2461 per
1643 2432 1770 2462 corpus;

1004 2477 1096 2506 tertia
1112 2481 1158 2506 est
1168 2485 1300 2515 pugnae,
1313 2475 1461 2505 ordinans
1469 2475 1506 2505 asl
1517 2475 1753 2505 dissolutionem
1763 2487 1769 2513 3

1003 2531 1117 2568 quarta
1145 2528 1311 2559 exterioris
1338 2528 1574 2567 impressionis,
1593 2537 1648 2567 per
1674 2538 1771 2568 quam

1003 2582 1137 2621 alicujus
1166 2582 1313 2613 elementi
1341 2581 1480 2621 operatio
1512 2581 1687 2612 intenditur
1704 2606 1711 2619 ,
1741 2585 1772 2613 et

1003 2646 1114 2675 pugna
1133 2637 1244 2667 oritur.
1263 2636 1379 2667 Primae
1394 2635 1466 2664 duae
1486 2635 1683 2673 operationes
1704 2645 1773 2666 ma-

1003 2690 1142 2728 nebunt;
1160 2690 1307 2721 secuudae
1321 2689 1393 2719 duae
1412 2697 1476 2718 non
1499 2688 1683 2728 manebunt,
1700 2699 1773 2729 quae
