1991 3006
130 232 161 254 Ad
183 239 234 260 opp.

132 2591 236 2620 Explicat.

250 163 289 192 60

288 227 403 258 Contra
433 239 439 258 :
465 231 494 258 1.
518 227 599 258 Deus
626 227 797 259 retributor
825 230 871 258 est
902 226 1015 258 unius-

249 281 405 320 cujusque
427 280 601 311 secundum
622 280 771 311 meritum
795 289 908 318 snum;
933 279 1017 310 unde

249 334 555 374 proportionabiliter
577 334 744 373 respondet
769 342 862 373 poena
888 332 1014 363 reatui:

249 386 302 416 sed
321 395 394 417 cum
421 385 492 425 quis
512 385 664 423 moritur,
688 388 795 416 reatus
819 393 883 415 non
912 385 1014 414 inten-

248 439 352 470 ditur:
376 447 453 478 ergo
474 447 533 468 nec
550 447 644 478 poena
664 438 755 469 dehet
774 437 911 468 intendi:
937 446 1016 476 ergo

248 502 305 523 nec
329 492 419 523 debet
442 500 510 522 esse
532 493 634 531 maj0r
657 492 689 522 in
713 492 840 528 futuro,
862 499 958 531 quain
984 491 1014 522 in

248 545 407 585 praesenti.

286 600 316 629 2.
341 598 429 636 Item,
455 599 574 638 quanto
595 598 713 637 aliquid
733 597 838 636 magis
855 598 1013 637 051113551-

248 651 321 690 bile,
339 651 524 691 adjunctum
545 650 690 690 punienti
710 650 814 690 magis
834 651 969 690 patitur,
986 653 1017 681 et

249 705 382 744 gravius
395 704 544 744 punitur:
559 703 611 734 sed
627 704 835 742 conjunctum
849 706 895 734 est
911 704 1016 743 magis

247 758 394 798 passibile
406 782 414 795 ,
431 766 527 797 quam
547 758 653 787 anima
673 757 847 788 secundum
869 767 917 787 se:
936 767 1016 797 ergo

247 811 434 851 adiunctum
450 810 605 848 affligenti
619 809 727 848 magis
741 810 858 849 patitur
872 820 878 839 :
899 819 977 848 ergo
990 812 1014 840 si

246 863 378 904 punitur
388 864 456 902 conj
464 865 593 893 unctum
603 863 637 892 in
649 863 808 902 praesenti,
821 866 849 893 et
864 863 895 893 in
908 863 1015 894 futuro

246 918 353 949 anima
367 918 509 956 separata
521 940 528 953 ‚
542 919 637 957 patet,
655 919 713 947 etc.

286 973 315 1002 3.
333 970 409 1001 Item
425 971 527 1009 maJ'or
541 972 588 1000 est
603 969 716 1009 passio,
727 970 761 1000 in
775 978 838 1009 qua
858 978 956 1008 agens
969 973 1016 1000 est

245 1026 461 1055 transmutans
471 1025 502 1054 et
515 1023 677 1063 abjiciens,
693 1032 790 1063 quam
807 1023 863 1053 ubi
878 1023 1013 1054 alterum

245 1078 360 1108 horum
388 1077 492 1108 deficit
519 1086 526 1107 z
558 1077 612 1107 sed
635 1077 668 1107 in
699 1076 884 1116 purgatorio
909 1076 1016 1107 anima

244 1131 395 1170 punitur,
421 1130 465 1160 ita
484 1130 569 1170 quod
591 1139 655 1160 non
681 1132 931 1168 transmutatur,
958 1139 1015 1161 nec

244 1183 362 1224 aliquid
382 1184 545 1224 abjicitur3
567 1183 599 1214 in
617 1183 764 1223 praesenti
779 1186 887 1214 autem
907 1193 925 1213 a
944 1192 1013 1213 cor-

244 1245 319 1277 pore
345 1237 381 1267 fit
406 1237 564 1276 abjectio:
589 1245 667 1275 ergo
697 1236 822 1267 videtur
845 1236 930 1276 quod
958 1236 1016 1266 ista

243 1298 338 1330 poena
356 1290 395 1320 sit
409 1290 552 1329 gravior.

284 1345 314 1374 4.
338 1343 417 1374 Item
430 1342 550 1374 beatior
564 1342 623 1373 erit
638 1342 756 1380 anima,
772 1341 901 1382 quando
915 1342 1013 1381 glori-

244 1396 410 1435 ficabitur,
440 1405 570 1435 corpore
600 1397 786 1435 resumpto:
812 1396 843 1425 et
871 1394 1016 1425 similiter

244 1449 412 1487 miserior,
441 1448 568 1488 quando
602 1448 772 1488 punietur,
804 1456 934 1487 corpore
961 1456 1016 1478 re-

244 1504 371 1542 sumpto
385 1511 392 1532 :
408 1510 486 1541 ergo
503 1501 582 1532 unio
599 1501 715 1532 animae
729 1501 767 1532 ad
782 1510 897 1541 corpus
911 1501 1017 1541 potius

244 1555 317 1586 facit
331 1555 370 1585 ad
390 1563 492 1595 poenae
506 1556 716 1594 augmentum
731 1578 738 1591 ,
755 1563 853 1594 quam
869 1554 909 1584 ad
921 1554 1014 1585 dimi-

244 1608 409 1639 nutionem
422 1619 428 1638 :
447 1617 526 1646 ergo
541 1608 580 1638 ab
596 1607 759 1647 oppositis,
773 1608 928 1647 separatio
943 1607 1015 1637 facit

244 1661 350 1702 potius
365 1661 404 1691 ad
419 1661 673 1698 diminutionem,
690 1669 787 1700 quam
803 1661 841 1691 ad
852 1669 1016 1700 augmen-

244 1717 336 1745 tum:
368 1723 447 1753 ergo
474 1714 600 1745 videtur
625 1714 709 1753 quod
739 1715 846 1745 minus
874 1715 1017 1754 graviter

242 1768 393 1808 puniatur
422 1768 454 1797 in
482 1768 669 1807 purgatorio
706 1768 813 1798 anima
847 1770 990 1808 separata
1006 1793 1013 1807 ,

244 1830 340 1861 quam
355 1829 455 1857 nunc,
470 1829 544 1851 cum
561 1820 601 1850 sit
615 1821 795 1859 conjuncta.

517 1934 740 1967 CONCLUSIO.

244 2017 325 2043 Poena
347 2016 500 2050 purqatorz‘i
524 2018 560 2042 est
583 2017 701 2042 wizam-ima
721 2023 861 2049 poenarnm
883 2018 1014 2048 omnium,

302 2067 367 2094 quas
380 2060 509 2086 sustineat
525 2061 617 2086 anima
632 2061 707 2086 carni
719 2060 795 2086 modo
810 2060 960 2094 conjuncta.

286 2139 377 2178 Resp.
399 2139 437 2169 ad
457 2147 527 2177 arg.
549 2137 718 2168 Dicendum
734 2139 831 2178 quod,
847 2139 926 2169 sicut
943 2139 1016 2170 dicit

246 2192 408 2231 Magister,
420 2194 450 2222 et
462 2192 568 2222 Sancti
583 2192 678 2222 etiam
690 2192 781 2222 multi
793 2193 911 2231 dicunt,
925 2202 1016 2232 opor-

245 2247 290 2275 tet
314 2254 371 2275 nos
399 2245 568 2275 concedere
580 2269 587 2283 ,
618 2245 741 2275 etiamsi
773 2254 838 2275 non
867 2248 1015 2285 appareat

244 2297 334 2328 nobis
343 2298 431 2335 ratio,
443 2297 527 2337 quod
536 2306 630 2337 poena
637 2298 822 2336 purgatoria
832 2299 962 2337 gravior
971 2302 1016 2329 est

245 2350 331 2381 omni
350 2351 515 2390 temporali
530 2359 640 2389 poena,
657 2359 753 2390 quam
775 2351 869 2381 modo
884 2352 1017 2382 sustinet

245 2403 351 2433 anima
363 2403 449 2433 carni
464 2404 652 2442 conjuncta:
666 2403 699 2433 in
714 2403 899 2442 huiusmodi
910 2406 1016 2435 autem

246 2455 351 2494 magis
375 2455 602 2486 adhaerendum
626 2458 672 2486 est
695 2456 892 2494 auctoritati,
920 2465 1016 2496 quam
1040 2473 1044 2476 -

246 2508 376 2546 rationi;
394 2517 450 2548 pro
471 2518 508 2539 eo
531 2509 615 2548 quod
630 2509 708 2539 illud
729 2511 775 2540 est
793 2509 900 2548 magis
921 2519 1018 2549 supra

249 2564 396 2592 naturam
415 2563 446 2592 et
464 2562 636 2600 rationem,
655 2572 752 2601 quain
768 2562 943 2593 secundum
959 2573 1016 2594 113-

250 2616 354 2646 turam
369 2618 400 2646 et
418 2615 583 2646 rationem.
600 2615 681 2646 Sane
696 2618 803 2646 tamen
822 2615 881 2646 hoc
902 2616 1018 2647 intelli-

809 157 1113 191 SENTENTIARUM
1133 160 1209 192 LlB.
1229 161 1279 192 IV.

1073 228 1233 267 gendum,
1250 230 1286 259 ut
1300 229 1489 267 generaliter
1508 238 1602 269 poena
1615 230 1668 262 illa
1681 232 1721 262 sit
1739 235 1842 274 maj0r

1073 280 1131 310 ista
1158 281 1334 312 secundum
1357 282 1505 321 reguilam
1528 282 1710 323 Philosophi
1732 296 1739 316 :
1771 297 1786 315 ιι
1808 286 1841 318 Si

1073 334 1229 373 optimum
1251 334 1285 364 in
1304 344 1369 365 uno
1389 344 1505 374 genere
1527 338 1571 366 est
1594 336 1708 367 melius
1722 339 1842 378 optimo

1073 385 1105 415 in
1125 386 1185 416 alio
1207 395 1344 425 genere,
1368 389 1398 417 et
1416 387 1476 418 hoc
1493 388 1676 428 simpliciter
1699 390 1752 421 illo
1772 400 1841 423 me-

1072 438 1143 469 lius.
1158 449 1172 467 »
1192 439 1342 470 Similiter
1358 440 1602 480 intelligendum
1616 445 1663 474 est
1678 442 1740 480 hic,
1756 445 1841 484 quod

1072 491 1124 522 illa
1145 492 1183 521 sit
1207 493 1321 531 maj0r,
1347 501 1411 524 non
1433 494 1508 533 quia
1525 495 1658 526 minima
1679 496 1719 527 sit
1739 498 1842 537 major

1072 545 1213 575 maxima
1228 545 1261 575 in
1274 545 1334 576 hoc
1347 554 1475 585 genere,
1492 547 1545 577 sed
1560 548 1634 588 quia
1648 549 1790 581 maxima
1808 551 1842 582 in

1071 597 1124 627 illo
1151 607 1268 637 genere
1290 600 1390 638 major
1415 600 1456 629 sit
1479 600 1618 631 maxima
1640 602 1674 632 in
1697 602 1757 633 hoc
1783 612 1842 642 ge-

1071 659 1156 681 nere.
1180 650 1267 681 Sicut
1289 652 1375 682 enim
1390 652 1464 683 dicit
1478 652 1592 684 Beatus
1612 654 1806 694 Gregorius¹
1832 668 1839 688 :

1076 715 1090 731 «
1113 703 1307 740 Quibusdam
1331 706 1507 736 revelatum
1528 708 1575 737 est
1598 707 1750 746 quasdam
1771 710 1840 740 ani-

1073 766 1139 786 mas
1159 757 1191 787 in
1213 758 1327 788 umbra
1348 767 1415 788 esse
1438 759 1577 798 punitas.
1595 771 1609 788 1)
1637 760 1685 792 Ad
1708 761 1769 792 hoc
1783 771 1838 793 au·
1855 775 1964 802 opimos-

1071 812 1133 840 tem
1147 834 1154 847 ,
1172 811 1256 850 quod
1271 813 1416 842 tenemus
1429 836 1436 849 ,
1461 812 1704 852 intelligendum
1715 838 1722 851 ,
1739 815 1842 846 scien-

1070 864 1147 895 dum
1173 865 1257 904 quod
1285 865 1382 904 ailqni
1408 865 1579 896 voluerunt
1597 867 1760 906 assignare
1787 878 1841 900 ra-

1070 917 1188 947 tionem
1218 918 1396 948 naturalem
1409 942 1417 955 ,
1452 919 1651 950 ostendentes
1681 920 1765 959 quod
1801 930 1841 952 ex

1070 971 1186 1000 natura
1211 970 1327 1001 animae
1354 971 1496 1009 veniret,
1529 972 1604 1011 quia
1631 981 1706 1003 cum
1735 974 1843 1005 anima

1071 1025 1166 1053 exuta
1179 1023 1310 1062 patitur,
1322 1033 1377 1063 per
1387 1024 1522 1064 seipsam
1534 1026 1652 1065 patitur
1664 1027 1841 1058 secundum

1071 1084 1103 1105 se
1120 1077 1238 1106 totam:
1258 1078 1289 1107 et
1312 1076 1381 1107 ideo
1402 1086 1493 1116 poena
1512 1078 1633 1109 modica
1650 1081 1697 1110 est
1718 1080 1747 1110 ei
1768 1089 1842 1119 gra-

1071 1129 1210 1159 vissima.
1230 1129 1289 1160 Sed
1310 1130 1396 1160 huuc
1418 1130 1549 1161 modum
1568 1132 1691 1163 dicendi
1712 1141 1776 1163 non
1790 1142 1844 1173 ap-

1071 1182 1183 1221 probat
1195 1182 1276 1212 ratio
1288 1182 1439 1213 catholica
1451 1207 1460 1221 ,
1475 1193 1547 1223 quae
1562 1184 1596 1214 in
1608 1184 1732 1216 inferno
1747 1186 1844 1217 credit

1071 1236 1194 1266 animas
1210 1236 1342 1274 gravius
1359 1236 1535 1276 puniendas
1550 1239 1621 1277 post
1634 1246 1766 1278 corpora
1774 1239 1844 1278 jam

1071 1291 1233 1328 resumpta
1250 1299 1256 1318 ε
1278 1288 1363 1320 unde
1382 1289 1573 1320 credendum
1593 1292 1639 1321 est
1658 1291 1744 1331 quod
1765 1292 1844 1332 justi

1071 1341 1126 1381 qui
1148 1341 1180 1371 111
1199 1341 1274 1380 igne
1293 1342 1552 1380 conflagrationis
1568 1342 1601 1372 in
1621 1351 1750 1383 corpore
1769 1353 1845 1384 pur-

1071 1394 1237 1433 gabuntur
1251 1394 1284 1424 in
1304 1394 1353 1424 die
1362 1395 1494 1434 judicii,
1511 1395 1644 1433 gravius
1659 1396 1842 1436 punientur,

1071 1448 1145 1486 quia
1169 1448 1318 1485 brevius3
1335 1450 1366 1478 et
1384 1448 1454 1478 ideo
1477 1448 1633 1478 intensius
1645 1472 1653 1485 ‚
1670 1458 1767 1489 quam
1789 1450 1844 1489 qui

1070 1509 1156 1530 nunc
1179 1503 1372 1540 purgantur.
1402 1500 1462 1530 Alii
1487 1500 1657 1532 voluerunt
1681 1502 1845 1541 assignare

1071 1553 1226 1583 rationem
1251 1553 1366 1593 partim
1388 1553 1566 1583 naturalem
1578 1577 1586 1590 ,
1602 1554 1717 1593 partim
1732 1564 1843 1595 super—

1071 1606 1247 1636 naturalem
1276 1617 1282 1636 :
1314 1606 1461 1636 dixerunt
1492 1606 1579 1636 enim
1615 1607 1700 1646 quod
1728 1608 1844 1639 animae

1071 1661 1176 1690 exntae
1191 1668 1209 1689 a
1220 1668 1350 1698 corpore
1364 1659 1482 1689 habent
1496 1659 1652 1698 potentias
1664 1669 1738 1690 suas
1752 1669 1844 1701 expe-

1070 1712 1159 1750 ditas,
1179 1715 1209 1743 et
1224 1712 1366 1743 naturale
1381 1712 1574 1743 desiderium
1590 1712 1707 1743 habent
1721 1714 1843 1753 pertin-

1070 1765 1166 1804 gendi
1181 1765 1219 1796 ad
1242 1766 1363 1796 bonum
1379 1767 1506 1805 propter
1519 1764 1603 1804 quod
1619 1768 1694 1796 sunt
1708 1768 1842 1805 ereatae;

1070 1821 1099 1849 et
1114 1818 1248 1849 ulterius
1262 1818 1367 1858 gratia
1381 1821 1425 1848 est
1439 1818 1472 1848 in
1487 1818 1541 1855 eis,
1555 1827 1629 1858 quae
1640 1819 1745 1858 magis
1760 1819 1842 1850 istud

1070 1871 1262 1902 desiderium
1279 1871 1408 1901 inclinat
1426 1881 1432 1901 :
1450 1874 1480 1901 et
1497 1871 1580 1909 ideo,
1599 1880 1672 1902 cum
1687 1871 1765 1902 illud
1782 1872 1843 1903 bo-

1070 1935 1148 1956 num
1164 1925 1287 1962 sitiant,
1305 1927 1335 1956 et
1347 1925 1386 1956 ab
1402 1925 1454 1956 illo
1470 1925 1688 1964 retrahantur,
1705 1928 1735 1956 et
1751 1928 1843 1966 quasi

1069 1979 1323 2017 incarcerentur,
1340 1980 1463 2010 modica
1482 1988 1574 2018 poena
1597 1980 1754 2011 sensibilis
1768 1989 1842 2011 011111

1070 2032 1128 2062 hac
1151 2032 1278 2062 tristitia
1302 2034 1348 2061 est
1371 2033 1415 2061 eis
1439 2033 1599 2063 maxima:
1624 2035 1653 2063 et
1674 2042 1731 2072 pro
1754 2035 1843 2064 tanto

1069 2085 1175 2115 dicunt
1191 2093 1317 2124 poenam
1334 2085 1554 2124 purgatoriam
1572 2094 1638 2115 esse
1653 2086 1839 2116 maximam.

1070 2139 1156 2169 Sicut
1170 2137 1256 2167 enim
1273 2137 1494 2167 delectationes
1509 2137 1686 2177 spirituales
1702 2141 1778 2169 sunt
1789 2139 1841 2169 in—

1069 2194 1167 2222 tensae
1182 2190 1331 2226 multum,
1346 2193 1375 2220 et
1390 2190 1573 2230 praecellunt
1586 2193 1779 2230 corporales3
1798 2191 1842 2223 ita

1070 2247 1100 2275 et
1113 2243 1237 2275 tristitia
1256 2243 1295 2273 de
1318 2243 1459 2272 absentia
1479 2243 1700 2283 superexcellit
1713 2252 1840 2274 omnem

1070 2297 1210 2328 dolorem
1224 2304 1423 2335 corporeum.
1441 2295 1501 2326 Sed
1516 2298 1598 2326 certe
1616 2305 1674 2326 nec
1689 2296 1749 2327 ista
1762 2296 1842 2328 ratio

1070 2350 1150 2380 bene
1168 2348 1372 2386 manuducit,
1392 2348 1416 2377 si
1439 2348 1510 2387 quis
1534 2348 1682 2388 aspiciat:
1699 2349 1842 2388 primum

1071 2403 1216 2444 quidem,
1241 2402 1315 2441 quia
1336 2401 1527 2431 desiderium
1553 2402 1673 2432 summi
1695 2402 1771 2433 honi
1795 2404 1842 2433 est

1071 2455 1262 2487 desiderium
1289 2453 1374 2494 quod
1400 2454 1495 2484 habet
1529 2454 1704 2485 necessario
1732 2463 1841 2486 secum

1071 2509 1270 2548 conjunctam
1291 2507 1494 2545 fruitionem,
1513 2509 1543 2537 et
1562 2506 1702 2547 aliquam
1723 2507 1841 2539 realem

1072 2561 1300 2602 possessionem
1316 2573 1321 2591 z
1341 2562 1371 2591 et
1389 2560 1458 2591 ideo
1472 2560 1554 2600 parit
1567 2560 1734 2600 gaudium.
1752 2559 1842 2592 Unde

1106 2626 1109 2637 ¹
1127 2626 1212 2654 meg„
1231 2623 1298 2648 θεαί,
1313 2624 1354 2646 nb.
1373 2624 1414 2653 ΙΥ,
1430 2621 1498 2646 Dsal.
1515 2628 1575 2645 xxx.

1862 1144 1958 1171 lmpmb.

1858 1620 1936 1647 Opinio
1943 1622 1965 1641 Ξ.

1856 2303 1953 2332 Improb.
