1991 3006
218 183 276 213 390
775 175 1081 209 SENT1⁴3NJ1ARt'-M
1106 174 1178 206 [illl.
1205 175 1253 206 lV.

217 248 362 281 cessitate
384 250 554 286 teneatur,
576 245 630 278 sed
657 245 784 279 consilii
810 245 980 276 voluntate
994 243 1095 276 libere
1110 243 1222 276 faciat.
1248 243 1296 276 Ex
1312 244 1362 277 his
1377 248 1578 277 monstratur
1598 245 1684 278 inter
1697 245 1810 279 fideles

219 305 408 348 conjugium
425 315 511 344 esse3
529 307 560 335 et
573 303 745 335 eonsilium
761 301 909 345 Apostoli
933 312 997 333 non
1022 301 1154 333 obviare
1172 305 1330 345 proeccpto
1347 301 1499 342 Domini,
1525 312 1591 345 quo
1613 302 1707 345 jubet
1729 301 1809 336 fide-

219 363 282 395 lem
299 361 473 405 noujungi
496 360 620 392 infideli
634 387 641 401 ,
659 365 689 393 ct
704 387 711 400 ‚
729 360 754 391 si
779 358 945 402 conjuncti
970 358 1113 397 fuerint,
1138 359 1291 402 separari.
1318 359 1452 399 Legitur
1475 359 1562 391 enim
1586 358 1675 402 quod
1691 359 1808 393 Esdras

221 419 403 463 Propheta,
430 418 496 450 imo
519 418 679 450 Dominus
706 428 762 461 per
783 428 859 448 eum
879 416 976 460 jussit
998 415 1153 448 Israelitis
1178 427 1296 448 uxores
1320 416 1484 448 dimittere
1507 416 1708 459 alienigenas
1722 442 1730 458 ,
1752 427 1809 462 per

221 488 303 521 quas
317 476 407 508 ibant
423 475 461 507 ad
473 474 549 507 deos
563 475 686 507 alienos
699 501 706 514 ,
722 486 785 507 non
802 474 866 506 illae
880 485 935 518 per
951 473 1083 506 maritos
1097 473 1352 517 acquirebantur
1366 474 1441 506 Deo.
1460 474 1558 506 Recte
1570 474 1630 506 hoc
1643 475 1806 519 praecepit,

221 535 300 578 quia
315 544 370 578 per
384 532 518 576 Moysen
536 532 675 576 jusserat
692 532 869 570 Dominus,
888 542 926 563 ue
943 531 1017 575 quis
1038 542 1174 563 uxorem
1200 531 1417 574 alienigenam
1433 531 1578 564 duceret.
1595 532 1710 565 Merito
1728 543 1806 576 ergo

222 603 303 636 quas
318 591 480 623 duxerant
501 590 640 623 Domino
659 590 870 634 prohibente,
886 589 1174 632 Dominojubcnte
1198 589 1395 621 dimiserunt
1412 601 1418 621 :
1437 589 1514 633 quia
1528 616 1536 630 ,
1560 593 1597 622 ut
1615 589 1659 622 ait
1674 589 1813 623 Ambro-

224 650 312 682 sius¹
333 661 339 681 :
362 662 378 679 (t
392 648 463 681 Non
478 652 525 681 est
548 647 731 692 putandum
754 646 998 679 matrimonium
1012 672 1020 687 ,
1037 646 1124 690 quod
1145 651 1236 679 extra
1259 646 1425 679 decretum
1451 647 1506 679 Dei
1533 647 1654 680 sactum
1671 650 1736 689 est;
1754 647 1809 680 sed

223 718 297 740 cum
321 705 543 749 cognoscitur,
567 704 831 745 en‘icndandum,
855 708 893 736 ut
912 704 1043 748 quaudo
1065 703 1171 736 fidelis
1195 703 1322 736 infideli
1346 705 1531 748 copulatur.
1560 717 1576 736 »
1602 704 1687 746 Sed,
1707 709 1742 738 ut
1769 705 1815 738 ait

225 764 432 807 Augustinus
444 766 453 781 ²
466 789 473 804 ‚
495 776 511 794 t<
526 774 563 795 cu
571 774 599 794 m
615 763 763 806 coepisset
776 762 929 804 gentibus
943 761 1161 805 Evangelium
1178 761 1347 805 praedicari
1361 787 1368 803 ,
1383 761 1452 805 jam
1468 762 1659 806 conjunctos
1673 762 1812 805 gentiles

224 822 402 866 gentilibus
415 821 571 864 comperit
586 820 797 864 coujugibns3
814 831 852 852 ex
869 819 990 863 quibus
1011 819 1037 851 si
1060 830 1125 852 non
1140 819 1236 852 ambo
1255 819 1442 859 crederent,
1461 820 1516 852 sed
1542 831 1629 852 unus
1653 820 1705 852 vel
1720 831 1787 853 una
1803 846 1811 862 ,

227 884 258 913 et
271 879 414 912 infidelis
429 890 503 911 cum
519 878 610 910 fideli
625 878 820 910 consentiret
836 877 1001 918 habitare,
1018 888 1076 909 nec
1090 876 1255 921 prohiberi
1272 888 1291 909 a
1308 876 1446 908 Domino
1462 876 1575 909 debuit
1591 880 1601 896 ³
1616 876 1724 910 fidelis
1740 876 1816 909 'mfi-

227 937 332 970 delem
347 937 530 977 dimittere,
548 947 606 968 nec
621 935 743 979 juberi.
767 935 841 967 Ideo
866 946 931 967 non
954 934 1141 979 prohiberi,
1163 935 1241 979 quia
1261 934 1388 978 justitia
1411 934 1567 978 permittit
1593 945 1611 966 a
1636 934 1818 968 fornicante

229 995 410 1035 discedere3
427 998 457 1026 et
476 993 620 1026 infidelis
644 992 786 1025 hominis
808 993 978 1025 fornicatio
998 997 1045 1025 est
1070 992 1172 1036 major
1195 992 1227 1024 in
1252 992 1347 1024 corde
1361 1018 1368 1030 ,
1388 1003 1445 1024 nec
1466 1003 1544 1024 vera
1566 992 1636 1036 ujus
1661 991 1818 1036 pudicitia

229 1063 303 1084 cum
321 1052 458 1095 conjuge
475 1051 537 1083 dici
554 1055 656 1095 potest
670 1055 679 1070 ²
695 1076 702 1090 ‚
720 1051 798 1094 quia
812 1061 908 1082 omne
924 1050 1011 1094 quod
1034 1061 1099 1082 non
1115 1061 1154 1082 cx
1170 1050 1232 1082 fide
1249 1076 1254 1089 ‚
1272 1054 1441 1093 peccatum
1457 1053 1503 1082 cst
1517 1075 1524 1090 ,
1544 1050 1694 1093 quamvis
1706 1060 1816 1082 veram

231 1109 336 1142 tidelis
359 1109 474 1141 habeat
501 1108 712 1152 pudicitiam,
733 1108 832 1140 etiam
854 1118 928 1139 cum
952 1107 1078 1140 infideli
1102 1107 1261 1151 conjuge,
1279 1119 1352 1151 qua:
1378 1118 1443 1139 non
1473 1107 1567 1140 habet
1594 1118 1715 1140 veram.
1745 1107 1820 1140 Ideo

231 1171 340 1200 autem
356 1178 414 1199 nec
426 1166 536 1210 juberi
550 1192 557 1207 ,
574 1166 652 1210 quia
669 1177 726 1198 nec
744 1170 857 1198 contra
872 1166 1053 1209 jussionem
1070 1165 1202 1197 Domini
1219 1165 1356 1207 gvntilos
1378 1165 1513 1197 fuerunt
1527 1164 1623 1197 ambo
1638 1164 1816 1209 conjuncti.

232 1225 372 1258 Licitum
388 1235 464 1266 ergo
481 1228 548 1256 crat
564 1235 620 1266 per
630 1223 792 1267 justitiam
811 1223 896 1255 fideli
914 1223 1080 1255 infidelem
1096 1223 1258 1255 dimittere
1273 1235 1280 1254 :
1298 1223 1351 1254 sed
1373 1222 1500 1255 licitum
1524 1234 1589 1255 non
1615 1226 1684 1255 erat
1705 1222 1824 1256 facien-

233 1282 312 1314 duni
328 1285 460 1326 propter
474 1281 609 1313 liberam
633 1280 907 1313 benevolentiam.
926 1294 942 1310 »
962 1280 1138 1313 liv'utonter
1152 1284 1305 1324 apparet,
1322 1284 1354 1312 et
1369 1280 1453 1312 inter
1468 1279 1618 1313 infideles
1632 1280 1823 1325 eonjugium

232 1351 298 1371 esse
315 1365 321 1380 ,
339 1343 370 1371 et
385 1339 579 1383 Apostolum
594 1338 633 1370 de
649 1338 715 1370 illis
730 1349 824 1381 agere
836 1364 843 1378 ,
860 1338 917 1382 qui
934 1339 967 1370 in
985 1338 1178 1371 infidelitate
1199 1338 1365 1381 conjuncti
1382 1338 1539 1379 fuerunt,
1556 1342 1587 1370 et
1601 1341 1673 1382 post
1687 1337 1768 1371 alter
1782 1338 1822 1371 ad

234 1396 331 1428 fidem
347 1407 522 1429 convorsus
537 1400 583 1428 cst
597 1422 604 1436 ,
622 1407 697 1428 cum
712 1407 778 1440 quo
792 1396 888 1428 etiam
906 1396 1046 1428 infidelis
1066 1395 1212 1428 habitare
1227 1396 1390 1428 consensit
1407 1422 1414 1436 ‚
1431 1401 1461 1428 et
1477 1395 1565 1428 hunc
1580 1406 1646 1428 non
1661 1395 1824 1428 dimittere

235 1454 325 1486 fideli
338 1453 474 1486 consulit
493 1453 687 1497 Apostolus,
705 1453 783 1498 quia
799 1454 881 1485 forte
898 1464 953 1497 per
968 1454 1097 1486 fidelem
1113 1454 1294 1486 salvabitur
1309 1454 1467 1486 infidelis.

117 1530 147 1552 ne
159 1530 221 1551 sm,-
282 1511 390 1543 Potest
405 1511 623 1543 nihilominus
637 1511 723 1543 licite
737 1511 900 1543 dimittere
916 1511 937 1551 ³,
955 1511 1033 1555 quia
1057 1511 1090 1543 in
1115 1511 1240 1544 infideli
1258 1516 1305 1544 est
1328 1511 1498 1544 fornicatio
1511 1537 1519 1551 ,
1536 1511 1562 1543 si
1577 1522 1643 1544 non
1658 1511 1802 1555 eorporis
1814 1537 1822 1552 ‚

117 1564 213 1622 ςζζξξζζζῖξ
238 1573 345 1601 tamen
362 1568 489 1600 mentis.
509 1568 647 1600 Causam
669 1568 755 1600 enim
772 1568 995 1600 fornicationis
1010 1569 1170 1601 Dominus
1192 1569 1316 1613 excepit
1328 1570 1337 1585 ⁶
1354 1582 1360 1601 z
1375 1569 1621 1601 fornicationem
1638 1580 1716 1601 vero
1729 1580 1827 1612 gene-

139 1626 161 1651 1³,
172 1626 198 1646 0¹³
240 1626 339 1658 ralen]
355 1629 384 1658 et
401 1625 618 1658 universalem
634 1625 818 1668 intelligere
833 1626 994 1667 eogi111ur‚
1013 1637 1078 1659 nou
1099 1627 1195 1659 modo
1210 1627 1331 1659 scilicet
1353 1627 1554 1670 corporalem
1569 1652 1576 1667 ,
1594 1626 1649 1659 sed
1673 1626 1827 1670 spiritua-

118 1663 215 1709 qileiiigis
239 1683 322 1724 lem;
338 1682 378 1715 de
393 1694 459 1727 qua
477 1683 681 1726 Augustinus
692 1683 756 1715 ait⁷
773 1695 779 1715 :
797 1696 812 1714 ι(
824 1683 1030 1724 Idololatria,
1048 1688 1079 1716 et
1095 1685 1250 1728 quaelibet
1264 1684 1362 1717 noxia
1376 1684 1564 1728 superstitio
1580 1683 1753 1716 fornicatio
1766 1687 1825 1717 est.

116 1722 224 1777 mliii-‹iw
239 1741 399 1774 Dominus
413 1746 521 1773 autem
544 1741 690 1785 permisit
708 1752 747 1773 ex
767 1752 864 1773 causa
886 1741 1110 1774 fornicatiouis
1135 1754 1269 1775 uxorem
1295 1742 1437 1783 dimitti,
1454 1741 1508 1774 sed
1524 1741 1718 1785 nonjussit3
1737 1741 1828 1774 etsie

238 1798 326 1830 dedit
340 1798 495 1842 Apostolo
510 1798 617 1831 locun]
636 1798 789 1831 monendi
803 1824 811 1837 ,
833 1802 869 1831 ut
890 1799 948 1842 qui
970 1799 1132 1840 voluerit,
1150 1811 1215 1833 non
1241 1799 1404 1841 dimittat3
1422 1803 1526 1844 potest
1547 1802 1655 1832 tamen
1677 1798 1765 1831 licite
1779 1798 1828 1831 di-

240 1855 377 1888 mittere.
396 1855 532 1888 sienim
548 1856 718 1888 fornicatio
733 1855 838 1888 carnis
861 1856 1050 1890 detestanda
1067 1861 1113 1890 est
1135 1857 1169 1890 in
1193 1857 1352 1902 conjuge,
1378 1860 1502 1901 quanto
1528 1856 1630 1899 magis
1654 1855 1826 1889 fornicatio

241 1913 357 1946 mentis
370 1939 378 1954 ‚
396 1913 427 1946 id
443 1917 488 1946 est
503 1938 511 1955 ‚
529 1913 732 1945 infidelitas?
749 1926 765 1945 »

118 1994 159 2015 ΡΗ,
178 1994 222 2019 qm„
283 1970 317 2003 Si
331 1974 440 2003 autem
456 1970 574 2014 quaeris
586 1981 626 2002 au
644 1974 775 2014 propter
789 1971 879 2003 aliud
896 1971 1015 2005 vitium
1031 1972 1093 2005 nisi
1109 1977 1240 2017 propter
1254 1972 1483 2006 infidelitatem
1496 1998 1504 2014 ‚
1522 1972 1574 2005 vel
1591 1971 1825 2013 idololatriam,

119 2024 224 2081 *ggjffffi
238 2028 337 2073 possit
351 2028 489 2068 dimitti3
506 2027 635 2060 attende
652 2027 731 2071 quid
746 2028 954 2070 Augustinus
969 2029 1013 2061 ait
1026 2031 1036 2047 ⁸
1055 2043 1061 2061 :
1086 2044 1101 2061 «
1118 2030 1152 2063 Si
1170 2030 1346 2063 infidelitas
1368 2030 1540 2063 fornicatio
1561 2033 1607 2062 est
1620 2056 1630 2069 ,
1646 2033 1677 2062 et
1691 2028 1827 2062 idolola-

141 2087 202 2106 ΝΜ·
239 2085 300 2118 tria
313 2085 509 2125 infidelitas,
526 2089 557 2116 et
572 2084 708 2116 avaritia
722 2084 926 2118 idololatria:
945 2098 1011 2119 uon
1026 2091 1071 2119 est
1088 2087 1307 2121 dubitandum
1323 2091 1354 2120 et
1379 2087 1549 2120 avaritiam
1574 2086 1825 2120 fornicationem

241 2154 320 2175 csse.
336 2142 416 2182 Quis
440 2153 517 2185 ergo
533 2141 715 2186 quamlibet
729 2142 875 2175 illicitam
900 2145 1194 2188 concupiscentiam
1210 2149 1312 2190 potest
1330 2158 1348 2178 a
1363 2145 1587 2178 fornicationis
1603 2155 1721 2187 genere
1736 2155 1827 2188 sepa-

238 2211 309 2232 rare
323 2226 330 2241 ‚
347 2200 374 2232 si
389 2199 525 2232 avaritia
540 2199 712 2232 fornicatio
729 2202 796 2232 est?
813 2214 828 2231 »
848 2201 895 2233 Ex
920 2213 985 2246 quo
1001 2202 1219 2246 intelligitur,
1236 2203 1323 2247 quod
1350 2207 1480 2247 propter
1502 2202 1635 2235 illicitas
1655 2201 1826 2245 concupis-

238 2258 356 2290 centias
370 2269 435 2291 non
452 2261 541 2290 tantu
549 2269 579 2290 m
595 2268 669 2301 quae
690 2257 723 2290 in
739 2259 860 2302 stupris
875 2271 950 2292 cum
970 2260 1084 2293 alienis
1099 2261 1179 2294 viris
1195 2262 1245 2294 vel
1269 2261 1399 2294 feminis
1421 2260 1672 2293 committuntur
1689 2285 1697 2300 ,
1713 2259 1768 2292 sed
1783 2259 1825 2292 ob

238 2315 401 2359 quaslibet
414 2326 486 2359 quae
501 2315 644 2347 animam
660 2326 678 2347 a
693 2315 763 2358 lege
785 2316 843 2348 Dei
865 2317 1014 2351 aberrare
1036 2319 1178 2358 faciunt,
1195 2323 1226 2352 et
1241 2319 1420 2363 perniciose
1434 2317 1601 2361 corrumpi
1615 2343 1622 2358 ,
1641 2316 1741 2361 possit
1754 2316 1825 2349 sine

238 2372 373 2405 crimine
388 2377 418 2405 et
434 2373 484 2405 vir
499 2384 632 2405 uxorem
649 2384 741 2405 suam
757 2374 919 2407 dimittere
931 2402 938 2416 ‚
956 2380 987 2408 et
1003 2388 1086 2409 uxor
1105 2377 1227 2409 virum.
1246 2377 1326 2409 Item
1342 2381 1352 2396 ⁹
1369 2388 1376 2409 :
1399 2389 1416 2407 ‹<
1428 2375 1618 2408 Rectissime
1632 2373 1823 2415 dimittitur,

238 2430 265 2463 si
290 2430 361 2463 viro
385 2441 444 2462 suo
467 2430 576 2462 dicat:
594 2430 666 2463 Non
689 2442 743 2463 ero
770 2443 852 2464 uxor
877 2436 952 2475 tua,
977 2434 1041 2466 nisi
1064 2434 1146 2467 mihi
1163 2434 1203 2467 de
1225 2435 1395 2468 latrocinio
1410 2433 1542 2466 divitias
1557 2441 1753 2475 congreges;
1771 2431 1824 2464 vel

271 2507 276 2520 ¹
290 2507 341 2530 tmo
357 2507 444 2529 auctor
457 2505 600 2529 Commeat.
617 2506 642 2527 ia
658 2506 736 2535 Epist.
752 2507 881 2536 ῐαιΙίόιπ,
896 2515 945 2535 vii,
959 2511 981 2539 ἴε,
998 2510 1046 2534 suh
1062 2510 1189 2534 Ambrosii
1201 2510 1315 2540 nominc,
1331 2512 1355 2534 et
1368 2510 1476 2534 habetur
1494 2515 1563 2532 caus.
1579 2512 1673 2536 xxviii,
1690 2513 1714 2537 q.
1730 2512 1747 2535 ι,
1768 2507 1826 2530 ante

238 2549 259 2565 c.
277 2548 325 2566 1--
342 2541 350 2556 ²
366 2543 440 2572 Aug..
455 2540 484 2563 ‘lh'
500 2540 611 2563 ildstllffl'·
628 2540 734 2571 Conjuq.
748 2541 791 2564 lib·
810 2542 827 2566 Ι.
843 2550 865 2566 (τ.
883 2550 955 2574 ὶ-ᾸῊΗ,
972 2548 997 2569 ct
1010 2545 1118 2569 habetur
1133 2545 1175 2569 ubi
1190 2552 1274 2575 supra.
1291 2560 1320 2564 —-
1335 2546 1345 2562 ³
1359 2545 1458 2571 Mami„
1475 2544 1596 2573 xix,{9.—
1609 2542 1619 2558 ⁴
1632 2542 1744 2566 liabetur
1755 2547 1824 2565 caus.

238 2582 330 2603 xxviii.
349 2583 373 2607 q.
390 2582 409 2605 1,
426 2576 450 2599 in
467 2575 547 2606 princ.
559 2588 587 2592 —
603 2576 612 2592 ⁵
625 2576 706 2598 Gtoss.
724 2576 747 2598 in
764 2577 844 2606 Epist.
863 2585 866 2601 1
883 2579 916 2601 ml
930 2580 996 2609 Cor„
1014 2586 1059 2611 vu,
1080 2582 1115 2604 13.
1127 2593 1157 2597 —
1173 2581 1182 2596 ⁶
1193 2580 1293 2609 Mami„
1309 2586 1363 2609 xix,
1378 2581 1400 2604 9.
1416 2592 1446 2598 -
1461 2579 1470 2595 ⁷
1487 2581 1541 2610 Aug
1555 2597 1560 2608 ,
1576 2578 1605 2601 de
1616 2578 1696 2602 Serm.
1712 2577 1785 2600 Dom.
1799 2576 1824 2599 «ἠ

239 2614 326 2640 morte.
341 2611 383 2636 lib.
399 2612 416 2641 Ι,
428 2616 515 2641 c,xv1,
526 2617 551 2634 u.
564 2612 602 2639 45,
618 2612 642 2634 ct
656 2610 763 2634 hahetur
774 2618 841 2635 caus.
857 2620 937 2638 xxviii
949 2633 955 2644 ,
973 2622 997 2646 q.
1017 2622 1034 2645 1,
1050 2623 1071 2640 c.
1090 2614 1217 2639 1‹iolo!.-
1231 2615 1241 2631 s
1256 2615 1317 2639 thid.
1330 2633 1338 2645 ,
1353 2622 1378 2639 11.
1397 2616 1434 2639 46.
1454 2627 1483 2632 -
1497 2614 1507 2630 ⁹
1523 2614 1570 2643 id„
1585 2613 1614 2637 de
1627 2612 1684 2636 Fid.
1701 2614 1724 2635 et
1740 2611 1824 2642 Opem,

239 2654 260 2671 c.
279 2652 333 2676 xvi,
345 2648 371 2670 et
383 2645 492 2670 habetur
505 2645 563 2669 dist.
579 2651 669 2675 xxvui,
687 2652 711 2676 q.
729 2651 750 2675 1,
764 2653 785 2669 c.
802 2647 868 2670 Uror
882 2648 928 2680 leq.
