1991 3006
21 1315 106 1335 Dnism.

749 171 844 201 DIST.
869 170 932 201 XX.
960 171 1058 201 PARS
1083 172 1104 201 Ι.

135 240 341 284 poenitendo;
357 239 444 272 Deus
465 243 574 271 autem
591 249 720 282 poenam
744 237 916 280 exigendo.
943 237 983 269 Et
1007 242 1053 269 est
1075 238 1266 281 poenitentia
1291 239 1446 281 interior,
1462 244 1492 272 et
1515 241 1665 274 exterior.
1684 241 1720 274 Si

135 308 212 341 ergo
242 297 377 329 interior
404 295 572 340 poenitudo
599 295 698 327 fuerit
726 298 836 335 tanta,
865 298 901 326 ut
925 294 1157 327 sit'suffieiens
1182 295 1263 327 ultio
1289 297 1425 339 peccati,
1450 297 1553 338 Deus,
1580 299 1637 342 qui
1660 298 1720 331 hoc

135 355 246 396 novit,
265 354 376 386 abillo
388 378 396 394 ,
414 352 471 396 qui
493 352 600 384 taliter
615 352 766 396 poenitet,
785 351 923 384 ulterius
937 362 1067 395 poeuam
1090 363 1155 384 non
1181 352 1292 395 exigit.
1311 353 1345 385 Si
1366 365 1441 386 vero
1464 355 1600 388 interior
1617 357 1720 399 poeni-

135 412 213 444 tudo
240 422 305 444 non
331 409 452 442 sufficit
475 410 508 441 in
534 409 710 441 vindictam
737 409 875 452 peccati,
904 420 962 441 uec
985 409 1125 441 exterior
1150 409 1341 452 poenitentia
1364 411 1644 454 impletm22De11s
1661 415 1719 457 qui

135 468 248 501 modos
273 473 303 500 et
327 478 495 499 mensuras
519 470 724 509 peccatorum
748 470 778 498 et
803 477 976 509 poenarum
1005 467 1117 507 novit,
1144 466 1233 498 addit
1260 467 1298 498 ad
1327 478 1456 510 poenam
1486 470 1717 503 sufficientem.

138 530 178 556 ²«
197 525 333 558 Studeat
358 535 434 567 ergo
458 524 598 568 quisque
623 524 667 556 sic
687 524 803 556 delicta
828 523 1007 566 corrigere,
1025 527 1060 555 ut
1084 527 1155 567 post
1180 528 1315 555 mortem
1339 536 1402 556 non
1425 530 1570 568 ‹morteat
1591 538 1721 570 poenam

136 583 284 615 tolerare.
310 581 467 620 Quaedam
483 581 570 613 enim
590 585 719 624 peccata
735 580 884 613 mortalia
899 580 933 612 in
949 580 1139 624 poenitentia
1155 580 1239 612 finnt
1255 581 1395 613 venialia
1410 594 1416 621 ;
1435 594 1500 614 nou
1518 587 1624 616 tamen
1643 596 1717 617 mox

134 644 302 672 sanantur.
320 638 413 682 Saepe
432 638 518 670 enim
539 637 692 670 infirmus
712 642 918 677 moreretur,
937 638 962 670 si
983 649 1048 669 non
1070 637 1285 669 medicaretur
1301 665 1307 678 ‚
1326 649 1391 670 uon
1408 643 1515 671 tamen
1530 642 1635 673 statim
1654 654 1719 674 me-

133 696 259 729 dicatus
273 700 418 729 sanatur.
436 695 583 739 Languet
602 699 673 739 post
689 695 834 727 victurus
850 721 857 736 ‚
875 695 933 738 qui
946 695 1040 739 prius
1057 699 1125 727 erat
1140 695 1329 727 moriturus.
1347 695 1411 733 Qui
1435 700 1545 728 autem
1564 697 1719 742 impoeui-

133 758 203 786 tens
231 753 391 794 moritur,
421 753 555 785 omnino
584 752 745 793 moritur,
770 756 801 784 et
826 752 1022 785 aeternaliter
1047 753 1222 785 cruciatur.
1256 752 1290 784 Si
1315 753 1400 785 enim
1421 764 1548 797 semper
1575 755 1718 796 viVeret,

133 821 259 855 semper
274 814 428 854 peccaret.
447 823 463 841 »

315 941 520 972 EXPOSITIO
541 940 705 971 TEXTUS.

142 1025 278 1049 Sciendum
299 1027 336 1049 est
357 1025 447 1054 etiam,
467 1026 534 1056 quod
552 1027 653 1056 tempus
670 1025 825 1055 poenitentiae
846 1028 881 1049 est

285 1068 365 1092 usque
388 1061 414 1084 in
436 1064 578 1085 extremum
598 1061 742 1085 articulum.

165 1141 269 1181 Supra
282 1141 348 1180 egit
364 1141 513 1180 Magister
526 1141 564 1170 de
577 1141 746 1171 confitendi
761 1142 895 1171 necessi-

125 1196 188 1225 tate
201 1218 208 1231 ‚
225 1196 255 1225 et
269 1194 461 1224 absolventis
476 1196 628 1233 potestate
641 1205 648 1231 ;
664 1194 732 1224 haec
747 1197 793 1224 est
806 1194 898 1224 tertia

124 1256 206 1286 pars,
224 1247 258 1278 in
271 1257 335 1287 qua
347 1247 416 1286 agit
429 1247 467 1277 de
481 1247 636 1286 temporis
648 1247 894 1286 opportunitate.

123 1300 160 1330 Et
182 1300 278 1330 hahet
297 1300 366 1330 haec
384 1308 457 1339 pars
477 1299 575 1330 duas:
598 1300 629 1328 in
649 1300 751 1338 prima
772 1300 840 1337 agit
860 1300 897 1330 de

123 1353 274 1392 temporis
295 1352 529 1392 opportunitate
551 1354 707 1390 quantum
732 1352 770 1381 ad
796 1352 895 1391 poeni-

123 1405 252 1436 tentiam
274 1404 457 1436 mortalium
470 1415 478 1441 ;
500 1405 533 1434 in
557 1404 712 1440 secunda,
738 1406 894 1443 quantum

122 1458 161 1488 ad
183 1459 401 1489 remissionem
431 1456 623 1493 venialium,
654 1457 736 1486 infra
765 1457 896 1487 distinc-

122 1510 206 1541 tione
226 1510 370 1550 sequenti
386 1520 394 1540 :
422 1509 507 1542 Solet
527 1510 624 1540 etiam
643 1510 763 1548 qnoeri,
787 1513 895 1541 utrum

121 1567 192 1604 post
204 1563 285 1595 hanc
300 1564 411 1595 vitam.
430 1563 536 1594 Prima
552 1572 623 1602 pars
637 1563 733 1593 habet
747 1563 826 1593 duas
840 1574 846 1593 ι
861 1563 893 1592 in

120 1617 223 1657 prima
247 1617 316 1656 agit
339 1617 376 1647 de
400 1617 632 1656 opportunitate
653 1616 803 1655 temporis
825 1625 895 1647 res—-

120 1671 214 1709 pectu
228 1670 422 1709 poenitentiae
435 1669 469 1699 in
482 1679 514 1700 se
526 1680 533 1706 ;
552 1669 584 1698 in
598 1669 746 1706 secunda,
765 1669 797 1699 in
810 1678 894 1699 com-

120 1722 282 1762 paratione
304 1722 343 1753 ad
358 1724 544 1762 potestatem
559 1722 728 1752 sacerdotis
741 1746 748 1759 ‚
769 1722 811 1752 ibi
828 1733 834 1752 :
858 1723 895 1754 Sz'

120 1782 191 1806 vero
217 1775 371 1814 quoerz'tur
394 1775 433 1806 de
457 1775 532 1813 illo,
557 1776 614 1815 qni
639 1775 893 1814 satisfactionem

119 1828 300 1867 injunctam
310 1851 319 1866 ‚
335 1830 392 1859 etc.
417 1827 525 1858 Prima
540 1838 612 1868 pars
627 1829 722 1859 habet
737 1829 815 1859 duas
830 1840 836 1858 :
860 1829 893 1859 in

119 1881 222 1921 prima
242 1881 357 1920 quaerit
377 1883 504 1920 tempus
525 1881 719 1920 poenitentiae
739 1881 890 1912 inchoan-

120 1933 189 1970 dae3
210 1933 243 1963 in
264 1933 402 1964 secunda
420 1933 536 1972 quaerit
556 1935 682 1972 tempus
699 1933 891 1972 poenitentiae

121 1985 219 2025 ipsius
232 1985 270 2025 (a)
284 1985 351 2015 sive
363 1985 582 2016 satisfactionis
595 1985 814 2024 terminandae,
831 1987 889 2017 ibi:

121 2038 157 2070 Si
174 2046 245 2070 vero
264 2040 419 2079 quoeritur
441 2039 480 2070 de
498 2039 584 2076 illis,
607 2040 664 2079 qui
685 2040 720 2070 in
743 2040 800 2071 hac
822 2041 891 2072 vita

117 2092 354 2131 poenitentz'am,
366 2094 423 2123 etc.
442 2091 480 2123 Et
492 2093 524 2122 in
538 2096 675 2132 utraque
688 2095 775 2132 parte
788 2093 890 2132 primo

117 2146 266 2185 proponit
283 2145 470 2182 veritatem;
494 2145 633 2176 secundo
648 2146 813 2176 confirmat
835 2155 890 2185 per

118 2198 346 2229 auctoritatem.

448 2281 514 2303 DUB.
540 2281 559 2302 l.

185 2341 210 2367 Si
230 2342 265 2366 sic
281 2342 347 2373 agn,
366 2342 422 2366 dico
439 2342 497 2373 tibi,
516 2342 574 2373 quia
592 2349 697 2366 securus
714 2349 755 2373 es,
774 2344 821 2366 ctc.

161 2407 287 2438 Videtur
298 2407 379 2438 male
392 2408 504 2446 dicere,
519 2408 595 2448 quia
605 2417 699 2438 nemo
710 2408 766 2438 scit
778 2411 888 2439 utrum

119 2468 226 2490 amore
238 2483 246 2497 ‚
261 2460 313 2492 vel
327 2461 399 2491 odio
414 2461 536 2500 dignus
551 2461 592 2491 sit
605 2470 612 2491 :
636 2470 715 2501 ergo
729 2471 823 2493 nemo
839 2471 886 2492 se-

119 2520 224 2542 curus.

153 2592 157 2603 ¹
173 2590 205 2613 De
218 2597 267 2614 ver.
282 2593 304 2613 nl
319 2592 385 2621 salsa
403 2593 500 2619 Poena„
516 2601 537 2615 1„
556 2599 630 2623 xviii,
646 2602 668 2617 n.
688 2596 711 2617 'zi
756 2608 761 2610 -
784 2595 886 2621 Quivit..

121 2630 162 2655 111,
185 2643 200 2650 v.
213 2639 242 2642 —
256 2627 264 2639 ³
275 2627 341 2651 P-sal.
356 2630 441 2656 nutv,
462 2630 495 2653 18,

995 928 1086 968 Resp.
1118 928 1289 959 Dicendum
1318 929 1402 968 quod
1426 930 1541 969 duplex
1565 933 1612 961 est
1635 932 1727 962 certi-

953 981 1030 1012 tudo
1043 1005 1050 1018 ,
1070 982 1184 1011 scilicet
1202 982 1360 1018 scientiae,
1381 984 1411 1012 et
1425 984 1635 1022 conjecturae:
1656 994 1726 1014 cer-

953 1035 1121 1066 titudinem
1146 1036 1284 1065 scientiee
1304 1045 1397 1066 nemo
1421 1036 1516 1066 habet
1530 1037 1590 1067 nisi
1606 1047 1661 1077 per
1676 1047 1725 1069 re-

952 1088 1153 1126 velationem3
1171 1089 1393 1119 certitudinem
1417 1091 1523 1120 autem
1539 1091 1726 1129 conjecturae

952 1140 1065 1177 habet⁷
1087 1142 1140 1180 qui
1158 1150 1257 1171 sanus
1273 1141 1419 1180 poenitet,
1444 1151 1517 1172 cum
1533 1142 1561 1172 ei
1576 1152 1725 1182 prospera

952 1194 1092 1223 arrident
1109 1205 1114 1224 :
1141 1196 1215 1224 tnnc
1234 1194 1365 1233 signum
1382 1196 1428 1224 est
1442 1195 1526 1234 quod
1545 1195 1633 1226 dolor
1648 1206 1726 1227 suus

952 1249 997 1276 esi
1013 1256 1051 1277 ex
1069 1247 1119 1277 Dei
1136 1248 1254 1285 gratia,
1272 1257 1336 1277 uon
1350 1257 1390 1278 ex
1405 1248 1569 1278 affectione
1586 1252 1720 1280 terrena.

953 1299 1091 1338 Utraque
1118 1300 1232 1330 harum
1261 1301 1447 1330 certitudine
1474 1303 1577 1339 caret,
1608 1303 1664 1342 qui
1693 1303 1723 1333 in

952 1352 1014 1381 fine
1030 1352 1159 1390 poenitet
1170 1361 1240 1382 sera
1253 1353 1446 1391 poenitentia,
1464 1353 1538 1393 quia
1551 1355 1656 1393 magis
1670 1355 1723 1386 ha-

953 1405 1003 1434 bet
1021 1405 1177 1435 rationem
1197 1405 1234 1435 ad
1259 1405 1457 1444 oppositum,
1479 1416 1577 1446 quam
1592 1407 1631 1438 ad
1648 1417 1722 1446 pro-

950 1457 1101 1495 positum.

1273 1507 1340 1528 nun.
1365 1507 1395 1527 11.

1014 1558 1043 1581 Et
1062 1558 1086 1581 in
1104 1565 1263 1589 quacumque
1281 1559 1320 1582 die
1337 1559 1470 1583 invocetur
1488 1561 1571 1591 Deus,
1588 1561 1660 1584 adsit.

990 1615 1120 1645 Videtur
1134 1616 1195 1646 hoc
1209 1626 1275 1647 esse
1289 1620 1398 1647 contra
1412 1618 1489 1648 illud
1500 1622 1509 1637 ‘³
1525 1629 1531 1648 :
1557 1618 1641 1649 Tunc
1657 1619 1720 1650 cla-

950 1668 1082 1700 mabunt
1093 1693 1103 1707 ,
1118 1673 1147 1700 et
1161 1678 1225 1700 non
1239 1670 1424 1702 e-caudmm.
1450 1671 1487 1701 Et
1508 1670 1613 1701 Gtossa
1627 1681 1663 1702 su
1669 1682 1723 1711 per

950 1720 1049 1751 illud:
1071 1733 1084 1749 α
1110 1721 1314 1759 Clamabunt,
1339 1723 1453 1753 scilicet
1477 1732 1546 1754 scra
1566 1725 1719 1763 poeniten-

949 1773 1003 1803 tia.
1021 1785 1035 1801 »
1054 1773 1142 1813 Ergo
1156 1775 1282 1805 videtur
1297 1776 1381 1813 quod
1396 1775 1550 1806 Dominus
1564 1786 1627 1807 uon
1642 1786 1721 1808 sem-

948 1835 1005 1864 per
1021 1827 1112 1857 adsit.

990 1879 1082 1918 Resp.
1098 1880 1269 1910 Dicendum
1285 1881 1369 1920 quod
1384 1882 1540 1912 invocatio
1555 1884 1656 1921 potest
1669 1893 1720 1914 ve-

948 1930 1016 1960 nire
1033 1940 1072 1961 ex
1088 1931 1203 1970 duplici
1221 1932 1374 1971 principio
1385 1956 1394 1970 ,
1419 1933 1535 1964 scilicet
1550 1943 1589 1964 ex
1607 1934 1719 1966 timore

947 1992 1050 2022 poeuae
1062 2008 1070 2020 ,
1093 1985 1141 2014 vel
1157 1994 1197 2014 cx
1212 1994 1319 2015 amore
1334 1985 1451 2016 divinas
1472 1987 1694 2019 misericordiae
1709 2000 1715 2019 :

947 2038 1088 2076 primum
1110 2040 1156 2068 est
1179 2039 1360 2076 servitutis,
1388 2041 1418 2070 et
1438 2039 1520 2070 hanc
1544 2040 1716 2072 invocatio-

946 2098 1020 2119 nem
1041 2090 1194 2121 Dominus
1209 2100 1274 2121 uon
1294 2092 1461 2129 exaudiet3
1483 2093 1657 2123 secundum
1672 2097 1718 2124 est

946 2142 1104 2173 filiationis
1120 2146 1150 2173 et
1165 2144 1305 2174 veritatis
1315 2168 1325 2182 ,
1344 2146 1374 2175 et
1389 2145 1470 2175 hanc
1485 2145 1715 2177 invocationem

945 2196 1090 2233 exaudit,
1107 2197 1280 2227 secundum
1294 2198 1370 2228 illud
1386 2197 1500 2228 Psalmi
1511 2199 1520 2215 ³
1535 2210 1540 2229 :
1555 2199 1657 2239 Prope
1672 2204 1717 2232 est

946 2248 1100 2280 Dominus
1122 2249 1266 2281 omnibus
1286 2250 1509 2283 invocantibus
1524 2260 1593 2283 eum
1609 2253 1646 2283 in
1661 2261 1716 2284 ve-

944 2302 1050 2333 ritate.

1263 2360 1331 2382 nun.
1354 2360 1398 2382 111.

985 2416 1086 2440 Arbitrii
1104 2417 1170 2441 enim
1188 2417 1331 2441 libertatem
1349 2418 1439 2448 quoerit
1456 2418 1535 2450 Deus,
1556 2422 1582 2443 nt
1598 2419 1676 2444 deleri

1200 2453 1297 2483 possint
1315 2454 1458 2477 commissa.

984 2513 1113 2545 Videtur
1135 2523 1199 2545 non
1220 2515 1299 2545 hene
1318 2515 1439 2553 dicere,
1463 2516 1538 2556 quia
1554 2517 1635 2547 Deus
1658 2526 1713 2556 po-

944 2567 1187 2605 ·estjustiiicare
1200 2568 1364 2599 homiuem
1376 2569 1470 2600 etiam
1485 2569 1707 2601 dormientem:

977 2631 1011 2658 (ιι)
1024 2631 1083 2651 tlml.
1100 2630 1159 2651 fllll.
1176 2630 1265 2659 spuerit
1281 2631 1311 2653 «lc
1330 2634 1416 2659 puniit.
1434 2631 1510 2660 ipsius
1524 2631 1599 2655 sauss.
1617 2632 1674 2654 line,
