1991 3006
551 201 649 233 DIST.
674 201 752 231 XXI.
777 199 892 231 PART.
920 199 956 229 II.
980 198 1070 229 ART.
1095 198 1117 229 l.
1141 197 1290 235 QUAEST.
1314 198 1366 229 111.

201 275 215 302 1
246 274 277 302 et
303 274 333 302 ΕΣ.
367 271 514 302 Rationes
542 269 581 299 ad
610 268 779 299 secundam
808 269 929 306 partem

160 325 334 365 procedunt
351 323 523 355 secundum
543 321 627 361 quod
643 321 677 351 in
696 321 854 351 additione
868 320 930 350 lin-

162 388 229 417 gua
252 379 402 409 consonat
421 386 495 407 cum
514 374 725 406 conscientia:
744 376 774 403 et
797 374 839 403 sic
860 373 931 403 licet

161 431 290 469 addere,
314 431 389 470 quia
415 429 541 460 nullum
563 428 598 457 fit
623 427 748 457 veritati
775 426 930 466 praejudi—

163 484 259 522 cium,
276 484 353 514 dum
368 482 461 513 simu]
472 481 622 521 Jungitur
637 480 753 510 veritas
769 479 884 509 mentis
902 481 933 509 et

163 537 243 574 oris,
267 545 332 576 prae
354 535 533 566 humilitate
555 534 656 564 cordis
675 544 682 564 t
707 535 737 563 et
767 533 811 562 sic
838 532 931 562 intel-

163 589 275 628 ligitur
298 589 375 619 illud
402 588 572 627 Gregorii:
609 599 624 616 c<
648 587 809 617 Bouarum
839 594 931 615 men-

162 642 243 672 tium
254 666 264 679 ,
280 653 294 670 »
319 644 378 672 etc.
401 641 550 672 Similiter
565 642 595 670 et
611 649 745 679 sequens
759 639 798 669 de
813 637 930 668 contri-

162 695 247 725 tione
259 718 267 731 ,
293 697 323 724 et
353 694 537 734 punitione,
569 695 599 723 et
624 692 793 723 additione.
826 691 933 721 Posset

163 749 270 777 tamen
284 747 356 785 diei,
377 747 462 786 quod
477 755 543 776 non
563 747 609 776 est
632 745 734 775 simile
755 745 793 774 de
815 743 933 774 contri-

163 802 261 840 tione,
278 803 308 831 et
323 801 488 841 punitione
500 824 508 837 ,
525 802 555 830 et
570 799 608 829 de
624 799 817 829 confessione
828 823 835 835 ,
852 807 931 837 quo-

164 855 252 885 niam
265 854 417 884 confessio
431 855 477 883 est
497 854 584 883 actus
604 851 745 882 veritatis
757 875 764 889 ,
781 853 810 879 et
826 853 934 880 contra

165 908 253 938 hunc
267 916 331 937 non
346 908 448 946 potest
460 905 574 944 aliquis
587 905 689 935 dicere
705 904 834 943 aliquid,
850 903 934 942 quod

166 970 229 991 non
243 961 282 990 sit
296 960 421 996 falsum,
439 962 469 989 et
485 959 518 988 in
534 958 756 997 praejildicium
772 957 931 994 vcritatis3

166 1022 230 1043 non
252 1014 296 1043 sic
314 1015 362 1043 est
385 1013 423 1043 de
441 1011 620 1051 punitione,
642 1011 717 1050 quia
727 1011 814 1049 juste
836 1011 936 1049 potest

166 1066 280 1105 aliquis
294 1065 448 1096 sustinere
463 1074 601 1104 poenam,
617 1073 714 1103 quam
728 1072 792 1093 non
807 1063 934 1100 meruit,

167 1119 262 1150 etiam
276 1121 403 1158 propter
420 1118 556 1157 gloriam
572 1117 636 1155 Dei⁷
652 1117 702 1147 vel
718 1118 844 1156 propter
856 1117 936 1146 salu-

167 1175 231 1202 tem
258 1172 409 1211 proximi,
428 1171 479 1202 vel
502 1171 534 1200 in
553 1170 739 1209 ampliorem
761 1170 936 1209 profectum

168 1225 238 1256 sui:
258 1227 289 1255 et
306 1225 366 1254 hoe
387 1226 434 1254 est
451 1224 641 1254 abundantis
657 1223 799 1262 justitiae.
816 1221 938 1252 Veritas

168 1287 244 1308 vero
257 1287 320 1308 non
337 1277 428 1308 debet
440 1286 496 1307 nec
512 1277 654 1313 deficere,
671 1285 728 1306 nec
743 1275 937 1315 superabun-

170 1330 245 1360 dare
257 1354 265 1365 ,
283 1330 359 1369 quia
373 1332 420 1360 est
439 1329 593 1359 rectitudo
612 1327 787 1358 intellectus
802 1341 807 1357 .·
826 1331 855 1358 θῖ
870 1328 939 1358 liaec

170 1383 325 1413 rectitudo
339 1384 385 1412 est
404 1381 603 1412 indivisibilis
616 1390 623 1411 t
645 1382 697 1411 sed
712 1381 866 1411 rectitudo
881 1391 938 1411 vo-

170 1435 300 1465 luntatis
326 1435 421 1464 habet
450 1434 649 1463 latitudinem
675 1445 680 1462 :
712 1434 782 1463 ideo
810 1433 882 1472 plus
911 1436 941 1463 et

171 1488 278 1517 minus
296 1487 413 1516 facturn
433 1488 479 1516 est
493 1487 618 1525 justum
633 1497 640 1523 3
658 1486 711 1515 sed
733 1495 797 1515 non
821 1486 890 1525 plus
912 1489 942 1516 et

172 1540 279 1570 minus
291 1539 410 1570 dictum
425 1542 472 1569 est
482 1548 606 1577 verum,
623 1540 684 1569 nisi
700 1540 820 1569 dicatur
836 1540 942 1569 verius

172 1593 257 1632 quod
272 1595 318 1623 est
332 1593 519 1630 durabilius,
542 1595 579 1623 ut
598 1593 811 1623 necessarium
827 1595 855 1623 et
870 1602 942 1632 pcr-

173 1648 319 1685 petuum,
355 1655 451 1685 quam
485 1646 672 1684 contingens
705 1648 735 1676 et
765 1648 940 1676 momenta-

173 1708 281 1729 neum.

215 1756 243 1782 3.
260 1752 308 1781 Ad
324 1751 402 1782 illud
416 1751 501 1791 quod
516 1751 676 1791 objicitur,
693 1751 780 1790 quod
790 1752 944 1782 confessio

174 1808 220 1835 est
236 1805 273 1835 ad
293 1805 547 1835 humiliationem
558 1829 568 1842 ,
593 1805 762 1835 dicendum
782 1804 866 1843 quod
880 1814 944 1834 non

174 1858 261 1889 omni
277 1858 370 1888 modo
385 1860 431 1888 est
448 1858 486 1888 ad
501 1858 765 1894 humiliationem,
787 1858 840 1887 sed
856 1867 946 1896 prop-

175 1914 222 1941 ter
236 1911 469 1941 accusationem
481 1933 488 1946 ,
506 1918 578 1948 quae
597 1910 764 1940 veritatem
780 1910 871 1940 dehet
886 1910 946 1940 ha-

176 1963 250 1992 bere
273 1962 462 2002 principium
478 1962 529 1992 vel
544 1962 691 1992 comitem
704 1986 711 2000 ,
729 1963 765 1993 ad
786 1963 846 1993 hoe
863 1963 947 2002 quod

178 2017 261 2045 recta
275 2015 326 2045 sit.
340 2014 379 2045 Et
393 2024 459 2045 non
473 2016 625 2053 sequitur,
643 2015 726 2054 quod
742 2015 768 2045 si
783 2015 948 2045 humilitas

177 2077 240 2098 non
266 2068 361 2097 habet
383 2076 548 2098 excessum
570 2067 602 2097 in
624 2068 835 2107 reputatione,
863 2067 948 2107 quod

179 2121 295 2150 veritas
307 2129 371 2151 non
386 2120 500 2150 habeat
512 2130 676 2150 excessum
690 2121 724 2150 in
738 2120 905 2151 locutione.

219 2176 249 2204 4.
279 2174 328 2204 Ad
355 2173 433 2203 illud
464 2174 548 2213 quod
574 2174 729 2213 quaeritur
757 2174 795 2203 de
824 2175 949 2212 peccato

180 2227 286 2264 dubio,
304 2226 474 2257 dicendum
489 2226 583 2265 quod,
602 2227 681 2256 sicut
697 2226 771 2256 dicit
791 2225 948 2264 Augusti-

181 2289 242 2310 nus
263 2280 296 2309 in
318 2279 399 2309 libro
422 2279 533 2318 quinto
561 2279 683 2309 decimo
707 2278 745 2310 dc
774 2279 947 2316 Τνιήίίαῑθ,

182 2342 245 2363 non
269 2332 371 2363 solum
393 2334 439 2362 est
465 2331 666 2361 mendacium
690 2332 794 2362 dicere
817 2331 950 2361 scienter

183 2386 314 2423 salsum,
340 2385 392 2415 sed
417 2385 510 2415 ctiam
534 2394 674 2415 asserere
697 2384 848 2422 dubium,
876 2385 951 2424 quia

182 2440 296 2479 lingua
310 2450 328 2470 a
346 2439 439 2470 corde
459 2440 624 2470 discordat.
645 2440 774 2476 Quando
797 2449 874 2478 ergo
888 2439 950 2469 du-

184 2492 262 2523 bitat
283 2494 393 2523 utrum
414 2492 454 2522 sit
478 2492 628 2531 mortale,
657 2492 824 2523 dicendum
850 2493 948 2531 quod,

183 2545 264 2575 sicut
278 2545 400 2576 dubitat
405 2568 415 2583 ,
431 2545 474 2576 ita
493 2545 665 2576 dubitando
680 2546 770 2576 debet
789 2545 950 2583 confiteri3

183 2599 289 2628 tamen
303 2598 394 2629 debet
407 2599 567 2637 confiteri,
587 2600 618 2629 et
632 2608 761 2639 poenam
775 2598 932 2629 sustinere
941 2622 950 2636 ‚

218 2664 221 2674 ¹
236 2662 275 2691 Cf.
292 2662 362 2686 Alex.
374 2662 468 2692 Ateus„
482 2669 507 2692 p.
520 2662 563 2692 tv,
574 2669 601 2692 q.
612 2668 687 2693 xvm,
699 2663 808 2687 membr.
824 2664 848 2692 4,
863 2663 910 2686 art.
928 2663 950 2691 2,

1699 200 1755 228 109

986 275 1022 296 ac
1036 265 1062 295 si
1076 266 1157 295 esset
1174 265 1324 301 mortale3
1342 266 1372 295 et
1391 266 1467 295 tunc
1487 272 1576 294 mens
1597 272 1756 294 assecura-

985 322 1049 357 tur,
1066 321 1096 350 et
1111 319 1143 348 in
1157 318 1244 348 nullo
1259 318 1383 348 veritati
1398 318 1623 358 praejudicatur
1637 329 1642 348 :
1663 320 1694 348 et
1712 318 1756 348 sic

987 374 1071 411 patet
1082 371 1244 410 responsio
1259 371 1299 400 ad
1314 371 1445 409 objecta.

1027 425 1075 455 Ad
1095 424 1172 454 illud
1190 426 1296 454 tamen
1315 424 1398 463 quod
1418 424 1531 454 ultimo
1547 423 1695 463 objicitur
1717 424 1756 454 ad

987 480 1109 517 partem
1127 477 1304 516 oppositam
1316 501 1324 514 ,
1342 477 1427 516 quod
1445 478 1517 508 facit
1538 477 1696 508 medicum
1711 486 1756 507 er-

987 540 1069 568 rare,
1084 530 1252 561 dicendum
1263 529 1471 569 quodfalsum
1482 533 1544 568 est;
1557 531 1631 570 quia
1640 539 1758 569 aggra-

987 584 1072 613 vatio
1098 583 1291 623 poenitentiae
1317 592 1380 613 non
1408 584 1566 621 aggravat
1590 585 1755 620 naturam,

988 637 1041 667 sed
1057 637 1181 667 alleviat
1196 647 1202 666 :
1221 645 1287 666 non
1306 636 1349 666 sic
1370 638 1416 666 est
1434 636 1466 665 iu
1481 636 1663 675 temporali,
1681 636 1759 666 etin

988 690 1142 729 corporali
1156 689 1329 719 medicina:
1344 690 1434 719 nocet
1449 688 1547 726 enim,
1563 689 1666 719 sinon
1679 689 1759 718 adsit

989 743 1092 774 morbi
1108 743 1250 773 materia.
1273 742 1335 773 Sed
1354 742 1411 772 ista
1426 743 1472 772 est
1486 742 1565 772 ratio
1578 765 1586 779 ,
1603 742 1678 781 quia
1696 742 1757 772 Iin-

990 806 1056 834 gua
1077 796 1231 827 discordat
1253 805 1272 826 a
1296 794 1485 826 conscientia
1502 806 1508 824 :
1530 796 1561 825 et
1579 794 1656 825 illud
1676 803 1759 834 prae-

989 850 1079 888 cipue
1094 849 1237 888 exigitur
1255 849 1288 880 in
1303 848 1495 879 consessione
1508 849 1610 885 recta,
1626 849 1656 877 et
1671 848 1759 878 ordi-

990 905 1062 933 nate
1077 903 1168 933 sacta.

1250 998 1428 1036 QUAESTIO
1451 999 1504 1030 III.

1011 1086 1056 1112 An
1070 1087 1099 1112 in
1114 1086 1276 1118 confessione
1292 1086 1372 1112 liceat
1386 1086 1477 1112 aliena
1489 1087 1599 1119 peccata
1614 1086 1711 1118 referre
1727 1086 1743 1111 ¹.

1033 1169 1146 1199 Utrum
1161 1169 1192 1199 in
1210 1169 1402 1199 confessione
1417 1169 1509 1199 liceat
1520 1170 1623 1200 aliena
1638 1172 1763 1210 peccata

992 1223 1123 1259 referre;
1135 1225 1164 1252 et
1174 1222 1259 1262 quod
1269 1223 1324 1258 sic,
1334 1222 1460 1252 videtur
1472 1225 1501 1252 :1
1509 1223 1530 1252 ,Ξ
1538 1223 1604 1262 qu
1612 1227 1641 1255 et
1651 1223 1762 1255 domus

992 1276 1096 1313 patris
1118 1276 1180 1305 mei
1197 1276 1416 1313 peccavimus;
1437 1278 1466 1305 et
1484 1276 1628 1306 similiter
1642 1277 1675 1306 in
1690 1286 1766 1307 ora-

995 1328 1080 1357 tione
1100 1327 1235 1357 Danielis
1247 1330 1267 1357 ³.
1284 1328 1390 1366 Ergo,
1406 1328 1431 1357 si
1448 1331 1530 1359 reete
1544 1329 1764 1367 confitebatur,

996 1380 1121 1410 videtur
1132 1380 1217 1419 quod
1228 1389 1285 1410 nos
1300 1380 1445 1410 similiter
1455 1381 1555 1411 facere
1568 1381 1765 1412 deberemus.

1035 1435 1064 1463 02.
1091 1433 1169 1462 Item
1189 1442 1229 1463 ex
1247 1433 1399 1463 charitate
1416 1436 1515 1472 potest
1534 1436 1564 1464 et
1585 1434 1676 1465 dehet
1695 1435 1767 1474 quis

997 1485 1132 1524 proximi
1150 1488 1277 1524 peccata
1293 1486 1423 1520 detlere;
1442 1488 1471 1516 et
1486 1496 1525 1517 ex
1539 1487 1690 1517 charitate
1704 1497 1767 1517 non

996 1538 1100 1569 solum
1127 1548 1184 1577 pro
1212 1539 1293 1576 suis,
1322 1547 1436 1569 verum
1459 1539 1555 1569 etiam
1579 1549 1637 1579 pro
1657 1540 1768 1571 alienis

997 1592 1130 1631 peccatis
1144 1594 1246 1631 potest
1261 1592 1455 1622 satisfacere:
1472 1602 1550 1631 ergo
1566 1594 1633 1632 pari
1648 1595 1769 1625 ratione

998 1648 1098 1685 potest
1112 1646 1215 1676 aliena
1230 1648 1357 1685 peccata
1373 1646 1544 1676 confessori
1559 1648 1684 1678 referre.

1039 1701 1067 1729 3.
1101 1699 1178 1729 Item
1215 1702 1380 1738 peccatum
1413 1699 1552 1730 alienum
1589 1700 1769 1740 frequenter

999 1755 1158 1791 aggravat
1173 1761 1285 1789 suum,
1302 1752 1381 1782 sicut
1401 1752 1427 1781 si
1446 1755 1534 1792 pater
1551 1754 1713 1792 cognoscit
1728 1754 1770 1783 fi-

998 1805 1074 1835 liam
1087 1830 1094 1843 ,
1112 1806 1161 1835 vel
1183 1805 1208 1835 si
1229 1805 1343 1835 mulier
1365 1806 1494 1844 cognita
1509 1808 1589 1836 esta
1608 1809 1695 1845 patre
1710 1807 1772 1846 spi-

1000 1858 1117 1895 rituali,
1134 1858 1218 1897 quod
1233 1858 1324 1895 absit,
1343 1858 1392 1889 vel
1408 1867 1427 1888 a
1443 1868 1576 1897 persona
1592 1859 1772 1890 excellentis

1001 1911 1187 1949 religionis:
1211 1920 1288 1949 ergo
1316 1911 1341 1940 si
1368 1911 1459 1941 debet
1488 1914 1651 1950 peccatum
1675 1922 1771 1943 suum

1001 1964 1093 2003 plene
1112 1963 1286 2002 explicare,
1308 1963 1432 1994 videtur
1453 1964 1537 2003 quod
1561 1965 1650 1995 liceat
1671 1965 1773 1997 aliena

1002 2020 1127 2057 peccata
1142 2018 1269 2048 referre.

1042 2073 1072 2100 4.
1090 2070 1167 2101 Item
1183 2070 1336 2100 confessio
1356 2079 1420 2100 non
1434 2070 1539 2100 solum
1554 2074 1600 2101 est
1616 2071 1649 2101 in
1669 2081 1774 2103 reme-

1002 2124 1090 2154 dium
1107 2123 1225 2163 peccati
1246 2122 1415 2162 praetcriti,
1436 2123 1490 2153 sed
1509 2124 1604 2154 etiam
1624 2125 1657 2154 in
1672 2126 1775 2155 consi-

1002 2177 1082 2206 lium
1099 2176 1221 2206 vitandi
1236 2176 1353 2206 futuri:
1372 2176 1425 2206 sed
1442 2176 1622 2215 frequenter
1635 2178 1774 2209 alienum

1003 2230 1167 2267 peccatum
1182 2230 1310 2267 praestat
1325 2228 1449 2258 homini
1464 2229 1645 2261 scandalum
1662 2233 1693 2261 et
1712 2232 1776 2262 rui-

1004 2290 1090 2319 nam,
1107 2283 1217 2320 utpote
1239 2290 1313 2311 cum
1332 2281 1517 2312 luxuriosus
1539 2282 1679 2323 aliquam
1702 2285 1776 2315 inse-

1003 2337 1082 2364 stat:
1100 2343 1178 2373 ergo
1193 2334 1219 2364 si
1234 2334 1325 2364 debet
1338 2334 1495 2373 poenitens
1508 2336 1658 2367 sacerdoti
1676 2346 1772 2376 expo-

1004 2396 1079 2417 nere
1104 2389 1304 2426 peccatorum
1328 2388 1523 2426 occasiones,
1545 2391 1581 2419 ut
1601 2390 1774 2420 secundum

1006 2440 1174 2471 consilium
1190 2441 1258 2479 ejus
1273 2442 1304 2470 et
1319 2440 1368 2479 adj
1376 2441 1513 2471 utorium
1530 2445 1692 2481 peccatum
1707 2443 1773 2473 evi-

1007 2496 1062 2531 tet,
1093 2493 1218 2525 videtur
1244 2494 1327 2532 quod
1354 2494 1450 2533 possit
1477 2497 1508 2524 et
1534 2495 1644 2526 debeat
1672 2496 1775 2526 aliena

1006 2548 1130 2586 peccata
1144 2547 1178 2577 in
1191 2546 1386 2578 confessione
1402 2548 1529 2578 referre.

1006 2625 1020 2655 ἓ
1039 2627 1071 2656 43
1096 2626 1183 2657 Steph.
1205 2626 1309 2657 Brulef„
1335 2627 1365 2650 lV
1391 2628 1469 2657 Sem„
1491 2627 1547 2651 dist.
1567 2633 1620 2658 xxi,
1644 2635 1669 2658 q.
1688 2633 1723 2652 ix.
1739 2640 1774 2659 ,—

1007 2661 1015 2673 ²
1033 2662 1050 2684 tl
1068 2661 1152 2692 Esdr„
1168 2668 1187 2692 1,
1203 2663 1225 2687 6.
1236 2675 1266 2680 —
1281 2662 1289 2675 ³
1302 2662 1378 2692 Dan„
1394 2668 1434 2693 111,
1449 2664 1494 2692 29;
1511 2668 1546 2693 ix,
1561 2664 1599 2687 15.

1782 428 1875 454 Respon-

1771 460 1801 479 sio
1808 459 1834 479 ad
1845 460 1876 479 ul-

1785 490 1858 510 timum

1773 527 1809 548 pro
1830 520 1874 540 suu-

1772 553 1830 571 dam.

1780 1179 1813 1200 Ad
1831 1185 1883 1206 opp.
