1991 3006
826 205 942 235 LIBER
964 205 1155 243 QUARTUS.

388 327 661 359 DISTINCTIO
692 327 757 357 Ill.

421 404 492 436 Quid
502 405 540 431 sit
554 405 702 439 Baptisma.

221 485 279 508 Post
294 484 347 508 haec
359 484 496 508 videndum
512 486 562 513 est,
578 483 644 513 quod
664 483 693 505 sit
709 481 860 512 Baptismus,
877 482 923 503 etc.

229 543 277 573 Fit
304 545 536 574 sacramentum
547 567 555 581 ‚
582 551 653 573 cum
677 540 779 579 tangit
803 547 868 570 vox
894 538 956 569 ele-

268 598 422 627 mentum.

188 649 301 680 Christi
313 650 413 680 forma
424 649 506 686 data,
518 649 561 679 sic
574 657 698 688 semper
714 650 819 678 mente
834 648 953 676 notata.

187 701 230 732 Ne
245 704 467 741 corrumpatur
481 703 567 732 vocis
585 703 621 740 (αἶ,
640 701 770 741 species,
783 701 932 730 caveatur
948 710 953 729 :

187 753 264 790 Quae
279 754 304 784 si
320 756 472 791 mutatur,
487 757 569 785 certe
584 756 685 784 totum
699 753 860 789 nihil-atur.

186 807 224 837 Et
235 807 261 837 si
277 810 430 844 mutatur,
446 808 621 847 baptismus
637 817 693 837 nnc
708 808 885 846 reputatur.

187 859 333 890 Servabis
357 860 495 890 breviter
517 869 637 890 morem
651 885 657 891 ,
685 868 835 898 mergens
860 859 955 890 semel

266 915 322 943 aut
339 915 394 943 ter.

186 966 209 997 Ο
227 966 277 1006 pia
293 975 378 996 mors
394 966 517 1004 Christi,
532 967 646 1006 legalia
663 969 696 997 tu
712 967 893 1003 tumulasti,

186 1018 223 1049 Et
238 1021 343 1059 portas
358 1019 426 1050 coeli
441 1020 532 1049 nobis
547 1029 587 1049 ex
602 1021 677 1049 tunc
692 1019 850 1049 reserasti.

423 1130 639 1162 DISTINCTIO
663 1130 711 1161 lV.

204 1206 280 1238 Quod
300 1207 350 1233 aliz'
371 1208 520 1242 suscipiunt
538 1209 734 1234 sacramentum
754 1209 776 1233 et
798 1215 866 1240 rem,
888 1208 939 1233 alz'z'

372 1252 565 1277 sacramencum
575 1271 581 1282 ‚
598 1253 623 1277 et
637 1259 688 1277 non
705 1258 768 1277 rem.

299 1330 342 1353 Hie
359 1330 492 1354 dicendum
504 1348 510 1360 ‚
523 1330 621 1361 aliquos
636 1330 764 1360 suscipere
773 1349 778 1359 ‚
792 1332 838 1354 etc.

223 1392 387 1432 Subjectos
402 1393 474 1423 fidei
491 1402 564 1423 cnm
580 1401 614 1423 re
630 1394 783 1431 protestor
799 1392 915 1422 habere

184 1444 396 1485 Baptismum3
414 1446 504 1476 fictos
519 1455 552 1476 re
568 1454 698 1485 prorsus
714 1445 782 1475 dico
795 1454 912 1475 carere.

184 1498 268 1529 Passi
285 1508 341 1538 pro
353 1499 484 1533 Christo,
502 1499 638 1535 lavacro,
656 1507 720 1528 non
735 1508 768 1528 re
781 1507 921 1536 caruere,

184 1551 261 1582 Cum
274 1552 423 1591 baptizari
436 1551 560 1582 contriti
575 1560 640 1581 non
652 1554 793 1590 potuere.

185 1604 242 1641 Qui
280 1604 480 1643 baptizantur
497 1628 504 1641 ‚
539 1603 698 1634 Christum
736 1604 851 1634 vestire
883 1613 954 1643 pro-

264 1657 397 1695 bantur;

184 1710 243 1741 Sed
255 1711 334 1750 justi
352 1711 456 1751 plene,
477 1711 540 1741 ficti
560 1719 687 1750 quoque
709 1720 772 1741 non
796 1712 838 1741 ita
852 1712 953 1751 plene.

184 1763 300 1801 Sancti,
316 1764 370 1804 qui
386 1764 549 1794 lavacrum
564 1763 751 1801 contingere
764 1773 828 1794 non
844 1767 955 1804 potue-

264 1819 354 1854 runt,

184 1870 359 1909 Sanguine,
376 1870 443 1900 sive
456 1869 528 1907 fide,
547 1870 698 1909 baptizari
715 1874 913 1901 meruerunt.

185 1923 216 1954 Si
231 1924 303 1963 quis
326 1923 498 1953 mundatus
520 1932 583 1953 non
600 1926 645 1953 est
662 1923 795 1962 baptista.
814 1927 954 1963 paratus,

186 1975 244 2006 Per
257 1975 413 2015 baptisma
432 1976 540 2013 datur,
556 1978 591 2005 ut
616 1976 765 2006 mundior
788 1977 954 2008 efficiatur.

184 2028 290 2059 Virtus
304 2030 458 2068 augetur,
474 2029 572 2059 fomes
595 2030 731 2059 multum
750 2030 952 2069 reprimetur.

431 2138 648 2170 DISTINCTlO
670 2139 705 2169 V.

219 2215 295 2246 Quod
311 2215 466 2250 Baptismus
481 2224 553 2250 oeque
565 2219 671 2244 sanctus
687 2219 741 2248 est,
758 2226 775 2243 a
789 2217 868 2251 bono,
884 2219 925 2244 vel

469 2269 485 2286 a
499 2261 569 2287 malo
582 2260 672 2287 datus.

186 2339 246 2362 Post
259 2338 313 2362 haec
329 2339 459 2363 sciendum
475 2341 527 2371 est,
552 2342 738 2364 sacramentum
755 2341 890 2371 baptismi,
906 2344 954 2366 etc.

226 2401 294 2432 Vita
310 2401 526 2433 ministrorum
544 2412 727 2442 quanquam
742 2404 827 2434 vitiis
845 2414 954 2436 macu-

264 2454 358 2492 letur,

185 2507 237 2537 Vis
252 2508 445 2548 baptismalis
458 2517 497 2538 ex
514 2508 572 2538 hoc
586 2518 648 2539 non
663 2511 870 2541 concutietur.

185 2561 216 2592 Si
232 2563 339 2592 tamen
354 2561 496 2592 intendas
511 2561 676 2600 haeresim,
699 2562 741 2593 nil
756 2564 952 2595 conficietur.

185 2613 268 2644 Nulli
288 2623 401 2654 nempe
419 2614 521 2651 datur,
543 2617 578 2645 ut
596 2616 635 2645 sit
651 2616 822 2655 baptismus
839 2618 871 2648 in
887 2620 956 2657 ejus

219 2676 224 2691 ¹
240 2675 265 2699 Id
281 2678 327 2707 est,
342 2673 471 2707 heremias,
486 2677 602 2701 loannea.

1724 210 1782 238 649

1012 272 1161 309 Nomine,
1179 282 1218 303 ne
1234 274 1358 304 Domini
1374 284 1444 314 spes
1459 275 1490 305 in
1506 283 1597 305 servo
1613 276 1779 304 statuatur.

1012 325 1080 365 Ipse
1095 325 1177 356 Deus
1191 326 1275 356 solus
1291 326 1419 357 dimittit
1434 327 1568 357 crimina
1581 336 1673 363 vere,

1012 378 1199 418 Quanquam
1215 379 1427 410 ministerium
1445 379 1543 410 clavis
1558 382 1593 410 tu
1609 380 1709 421 possis
1725 380 1784 410 ha-

1092 433 1176 463 bere.

1250 495 1467 528 DlSTlNCTlo
1492 496 1542 528 VI.

1217 567 1319 599 Quibus
1333 568 1410 594 liceat
1426 568 1576 602 baptizare.

1153 643 1223 665 Nunc
1236 642 1328 672 quibus
1340 642 1414 666 liceat
1431 643 1558 674 baptizare
1571 661 1576 673 ,
1593 646 1644 667 etc.

1051 700 1077 730 A
1091 709 1293 739 quocumque
1315 701 1408 731 datur
1426 702 1613 741 baptismus,
1637 712 1699 733 non
1724 704 1781 734 ite-

1091 755 1190 791 ratur,

1011 806 1042 836 Si
1067 809 1173 836 tamen
1194 807 1354 843 intendat,
1379 807 1463 847 qnod
1484 807 1523 837 ab
1546 808 1682 839 Ecclesia
1702 809 1783 839 cele-

1091 859 1211 889 bratur.

1011 912 1232 952 Presbyterum
1243 916 1363 952 quaeret
1375 913 1490 952 primo,
1506 913 1532 943 si
1545 913 1641 953 possit
1651 914 1781 946 habere.

1010 965 1067 1002 Qui
1084 975 1147 995 non
1163 968 1208 996 est
1226 968 1330 1003 natus,
1350 976 1414 996 non
1432 969 1478 997 est
1492 967 1630 1006 profecto
1644 970 1780 998 renatus.

1010 1019 1158 1058 Quisquis
1171 1028 1234 1049 non
1247 1020 1333 1049 nasci
1345 1020 1457 1059 potuit,
1474 1029 1532 1050 nec
1547 1029 1635 1059 posse
1649 1022 1780 1051 renasci.

1011 1071 1116 1102 Primo
1127 1082 1223 1112 quam
1237 1073 1312 1109 nati,
1329 1075 1402 1103 sunt
1412 1073 1425 1103 J
1430 1082 1492 1111 cre,
1508 1073 1544 1103 Jo
1554 1075 1575 1111 ¹,
1587 1074 1781 1112 sanctificati,

1011 1124 1063 1155 Dic
1077 1126 1218 1165 patrias,
1234 1128 1377 1162 sanctas,
1394 1126 1474 1156 bene
1494 1126 1651 1165 baptizare
1668 1127 1782 1166 proha—

1091 1178 1133 1208 r1s
1150 1178 1205 1217 (b);

1012 1230 1071 1260 Sed
1085 1231 1109 1260 si
1124 1231 1280 1262 discordet
1297 1232 1439 1269 intentio,
1459 1232 1501 1262 nil
1518 1233 1667 1271 operaris.

1011 1283 1043 1313 Si
1060 1292 1190 1323 prorsus
1208 1283 1346 1314 ludendo
1361 1284 1465 1322 datur,
1488 1287 1561 1315 tunc
1575 1285 1782 1317 annihilatur.

1012 1336 1043 1366 Si
1059 1338 1165 1367 tamen
1180 1337 1322 1367 intendat
1341 1337 1415 1368 dare
1435 1338 1564 1376 ludens,
1590 1347 1653 1369 non
1675 1348 1781 1379 repro-

1091 1390 1194 1420 hatur.

1011 1442 1043 1473 Si
1058 1444 1234 1483 baptizatur
1249 1444 1440 1482 adolescens,
1457 1445 1523 1485 ipse
1538 1445 1695 1485 loquatur.

1012 1496 1116 1527 Infans
1133 1497 1183 1527 vel
1199 1499 1306 1527 mutus
1321 1498 1435 1537 patrini
1453 1507 1529 1529 voce
1544 1498 1674 1538 ligatur.

1012 1549 1090 1580 Hinc
1105 1550 1272 1580 exorcismi
1286 1551 1377 1589 finnt,
1395 1554 1464 1590 post
1478 1551 1537 1582 hos
1550 1552 1742 1582 catechismi.

1011 1601 1091 1632 Hinc
1106 1603 1281 1642 baptizatur
1297 1604 1412 1642 infans,
1429 1613 1502 1634 cum
1517 1605 1603 1635 sonte
1618 1605 1752 1636 lavatur.

1245 1709 1461 1741 DISTINCTIO
1483 1710 1549 1741 Vll.

1268 1786 1305 1812 De
1321 1786 1535 1819 Confi'rmatz'one.

1100 1868 1171 1890 Nunc
1186 1867 1215 1890 de
1231 1869 1392 1891 sacramento
1406 1867 1609 1891 Confirmationis
1620 1887 1626 1897 ,
1643 1870 1690 1891 etc.

1052 1923 1171 1954 Praesul
1187 1925 1365 1961 confirmat,
1381 1924 1457 1954 dum
1470 1925 1604 1955 frontem
1615 1925 1783 1956 chrismate

1092 1978 1210 2014 firmat,

1012 2029 1077 2066 Quo
1092 2031 1309 2067 confirmatur,
1331 2033 1366 2061 ut
1380 2030 1537 2061 Christum
1555 2032 1750 2062 confiteatur.

1010 2083 1037 2113 A
1055 2084 1174 2122 majore
1189 2084 1292 2121 datur,
1308 2086 1338 2114 et
1356 2084 1459 2122 gratia
1475 2084 1707 2114 corroboratur.

1010 2136 1168 2176 Baptismo
1185 2138 1287 2176 majus
1302 2137 1381 2166 dicta
1399 2137 1520 2167 ratione
1538 2137 1699 2176 probatur.

1010 2189 1123 2229 Jejuno
1141 2190 1174 2229 (cl
1191 2189 1282 2219 detur
1300 2214 1305 2219 .
1324 2190 1348 2219 si
1365 2190 1487 2227 edatur,
1505 2198 1570 2219 non
1587 2190 1729 2220 iteretur.

1235 2295 1451 2326 DlSTINCTIO
1474 2295 1554 2326 VlIl.

1109 2375 1145 2399 De
1157 2373 1320 2400 sacramento
1335 2372 1433 2398 altaris
1448 2373 1471 2398 et
1485 2372 1674 2399 Eucharistiae.

1173 2453 1231 2476 Post
1240 2453 1428 2475 sacramentum
1437 2450 1567 2482 Baptismi,
1579 2453 1629 2477 etc:

1053 2511 1230 2551 Baptismus
1251 2510 1398 2547 mundat,
1421 2512 1516 2540 aestus
1536 2510 1711 2549 reprimens
1732 2511 1781 2540 vi-

1093 2565 1218 2594 tiorum.

1043 2645 1076 2675 (a)
1099 2645 1161 2668 Coet.
1179 2644 1239 2667 edit.
1261 2644 1295 2667 Ne
1315 2644 1509 2673 corrumpantur
1524 2641 1646 2666 nostri-
1665 2642 1697 2673 (b)
1719 2642 1779 2667 Coet.

1012 2680 1071 2704 edit.
1087 2679 1240 2711 reprobaris.
1252 2692 1281 2696 —
1297 2680 1324 2706 (c)
1341 2677 1439 2707 najarae,
