1991 3006
88 866 117 885 De
144 871 192 885 con-

111 896 170 922 jugie

96 927 168 947 Maria:

106 960 126 976 et
134 956 168 977 Jo-

113 988 173 1013 seph.

119 1788 178 1811 Quod

110 1817 193 1844 persec-

97 1852 140 1868 tuni
150 1849 203 1867 inter

98 1885 133 1899 eos
165 1879 203 1898 [uit

115 1910 185 1936 coi-ju-

118 1947 181 1965 glum.

202 158 263 187 256
756 148 1065 183 SENTENTIARUM
1088 149 1160 180 LIB.
1184 149 1231 179 iv.

202 223 347 267 conjugii
371 227 528 267 perpetuo
553 231 683 254 manere
706 223 896 256 censeatur,
921 216 977 249 ille
1003 222 1109 249 tamen
1135 216 1191 259 qui
1215 214 1367 255 cognovit
1393 225 1464 247 eam
1489 225 1546 258 per
1566 215 1786 257 ignorantiam

203 285 386 314 excusatur.
405 280 497 319 Quod
522 290 578 324 per
601 277 707 310 simile
725 276 881 319 probatur
899 287 905 306 :
924 274 949 306 si
973 274 1059 306 euim
1085 273 1235 306 diabolus
1259 272 1497 314 transfigurans
1521 283 1553 304 se
1577 271 1610 304 in
1634 272 1787 314 angelum

203 339 286 371 lucis
301 338 307 353 ¹
324 338 475 370 credatur
499 337 605 369 bonus
619 362 626 376 ‚
645 346 709 367 uon
732 337 778 365 est
800 343 890 364 error
912 331 1124 375 periculosus.
1151 331 1246 369 Quod
1267 334 1374 361 autem
1396 330 1446 361 vir
1466 329 1522 361 ille
1546 329 1579 361 in
1602 329 1692 361 illam
1717 340 1790 361 mu-

204 395 316 427 lierem
334 406 398 427 non
414 394 630 433 consenserit,
647 404 684 425 ex
701 391 799 424 simili
814 389 1007 422 ostenditur.
1033 390 1067 421 Si
1083 389 1157 432 quis
1181 388 1349 421 haereticus
1371 387 1504 420 nominc
1520 385 1697 421 Augustini
1713 411 1720 426 ,
1738 385 1790 418 vel

204 452 368 485 Ambrosii
383 479 390 494 ,
408 452 509 484 alicui
525 451 682 484 catholico
697 461 729 481 se
747 448 877 480 offerret
893 473 900 487 ,
917 458 1059 491 eumque
1074 446 1112 478 ad
1129 448 1199 478 suae‘
1210 445 1285 477 fidei
1301 445 1515 477 imitationem
1531 447 1676 485 vocaret;
1694 443 1721 475 si
1736 442 1791 475 ille

204 510 385 550 assentiret,
399 509 431 541 in
446 509 497 553 cuj
505 520 541 541 us
560 507 752 541 senteutiam
771 505 847 537 fidei
865 505 1026 536 diceretur
1040 503 1237 536 consensisse
1248 505 1262 534 Τ
1275 502 1346 535 Non
1363 502 1397 534 in
1411 502 1636 535 haeretieorum
1649 504 1767 533 sectam
1780 526 1789 542 ,

204 567 257 599 sel
275 567 308 599 in
325 567 544 609 integritatem
566 565 641 598 fidei
655 591 663 604 ‚
683 575 783 608 quam
808 562 863 594 ille
890 561 1061 594 hcereticus
1085 574 1117 593 se
1141 560 1359 593 mentiebatur
1375 560 1503 592 habere.
1521 559 1621 592 Error
1636 569 1712 591 vero
1727 557 1792 590 for-

207 630 294 657 tunae
308 635 500 656 consensum
526 634 591 655 nou
613 621 767 654 excludit.
785 620 864 659 Quae
888 619 975 651 enim
1001 619 1096 651 nubit
1121 618 1253 662 pauperi
1270 644 1277 658 ‚
1296 622 1413 661 putans
1429 617 1524 649 illum
1549 627 1616 648 esse
1630 615 1766 648 divitem
1781 641 1789 657 ,

208 693 272 714 uon
287 686 390 726 potest
410 681 598 713 renuntiare
613 679 712 724 priori
730 676 907 710 conditioni
924 702 932 717 ‚
949 676 1100 720 quamvis
1114 675 1282 708 erraverit.
1310 675 1374 707 Nec
1394 685 1485 707 error
1505 673 1672 718 qualitatis
1689 698 1697 714 ,
1715 662 1751 705 ut
1765 671 1792 704 si

207 740 280 783 riuis
295 740 391 772 ducat
408 750 543 771 uxorem
560 737 760 770 meretricem
772 761 780 776 ‚
792 734 844 767 vel
860 737 1046 777 corruptam
1060 760 1067 775 ,
1086 744 1184 777 quam
1201 736 1292 776 putat
1308 742 1375 764 esse
1390 736 1508 764 castam
1524 758 1531 771 ‚
1549 731 1599 763 vel
1614 730 1790 772 virginem,

209 808 273 830 uon
289 801 391 841 potest
406 808 476 829 eam
491 796 666 828 dimittere.

251 854 431 887 Praemissis
453 852 578 896 aliquid
602 851 789 883 addendum
814 853 861 881 est
886 849 925 881 de
952 848 1047 881 modo
1076 848 1167 880 illius
1188 858 1386 887 consensuS,
1414 847 1472 889 qui
1494 846 1579 878 inter
1602 845 1739 877 Mariam
1763 850 1795 877 et

207 911 326 955 Joseph
348 910 537 943 intercessit.
560 909 644 941 Sane
669 907 755 940 credi
780 910 902 950 potest,
921 916 986 939 non
1011 906 1116 938 solum
1142 904 1278 936 Mariam
1294 930 1302 945 ,
1318 903 1373 936 sed
1395 904 1492 935 etiam
1517 902 1636 946 Joseph
1661 901 1748 946 apud
1762 913 1795 934 se

209 968 403 1012 disposuisse
420 967 638 1008 virginitatem
665 976 793 997 servare
817 964 900 996 velle
913 991 921 1003 ‚
940 963 1002 995 nisi
1016 962 1107 995 Deus
1121 963 1215 994 aliter
1227 962 1356 1006 juberet
1373 974 1379 993 :
1398 972 1517 1005 eosque
1540 961 1585 993 sic
1599 959 1796 994 consensisse

209 1026 243 1057 in
259 1025 464 1069 conjugalem
483 1024 666 1055 societatem
683 1049 689 1063 ,
709 1026 744 1054 ut
759 1026 897 1065 uterque
913 1021 952 1053 de
968 1020 1069 1052 altero
1084 1046 1091 1060 ,
1113 1020 1276 1052 revelante
1301 1019 1427 1062 Spiritu
1451 1023 1560 1051 sancto
1572 1045 1579 1059 ‚
1601 1017 1799 1060 intelligeret

209 1082 297 1126 quod
322 1081 544 1124 virginitatem
568 1091 696 1113 servare
721 1079 844 1120 vellet,
875 1078 935 1110 uisi
961 1078 1045 1110 Deus
1069 1077 1163 1110 aliter
1188 1077 1380 1121 inspiraret3
1403 1076 1456 1108 sed
1481 1076 1572 1108 illam
1594 1076 1798 1108 voluntatem

210 1139 317 1172 verbis
344 1150 408 1171 nou
436 1143 679 1182 expresserant,
708 1141 815 1181 postea
838 1147 914 1168 vero
936 1139 1164 1178 expresserunt
1182 1161 1190 1175 ,
1214 1139 1244 1167 et
1266 1135 1300 1167 in
1322 1134 1509 1177 virginitate
1534 1136 1795 1178 permanserunt.

211 1196 380 1230 Cousensit
403 1208 480 1239 ergo
504 1195 607 1227 Maria
638 1195 671 1226 in
697 1194 878 1226 maritalem
902 1193 1086 1224 societatem
1101 1218 1108 1232 ,
1135 1192 1189 1224 sed
1217 1203 1282 1224 nou
1306 1192 1339 1223 in
1361 1191 1523 1224 carnalem
1547 1191 1712 1235 copulam,
1737 1189 1799 1222 nisi

212 1254 250 1286 de
279 1254 390 1286 eadem
419 1253 599 1296 specialiter
623 1252 709 1283 Deus
738 1251 946 1295 prceciperet,
972 1249 1066 1293 cujus
1092 1249 1189 1281 etiam
1219 1249 1353 1281 consilio
1378 1249 1412 1280 in
1435 1248 1614 1281 maritalem
1640 1247 1802 1280 consensit

211 1311 374 1354 copulam,
387 1310 463 1354 quia
475 1309 695 1351 virginitatem
707 1319 835 1340 servare
851 1307 979 1339 volebat
993 1318 999 1338 :
1014 1311 1045 1338 et
1058 1306 1130 1338 ide-o
1143 1317 1207 1339 nou
1219 1306 1313 1338 aliter
1327 1306 1539 1338 consensisset
1550 1306 1584 1338 in
1595 1304 1800 1349 conjugalem

213 1368 395 1400 societatem
410 1393 418 1408 ‚
436 1367 498 1398 nisi
514 1366 673 1398 familiare
689 1365 747 1397 Dei
762 1365 937 1397 consilium
954 1363 1118 1396 habuisset
1132 1389 1139 1404 ,
1153 1364 1191 1396 de
1207 1375 1272 1407 qua
1288 1363 1495 1405 Augustinus
1509 1363 1554 1395 sic
1565 1362 1630 1395 ait'
1646 1374 1654 1394 ;
1675 1375 1690 1394 «
1704 1361 1803 1394 Beata

215 1425 316 1457 Maria
332 1424 499 1468 proposuit
521 1434 553 1455 se
569 1427 770 1455 servaturam
792 1426 905 1454 votum
926 1420 1125 1463 virginitatis
1140 1421 1174 1452 in
1196 1420 1291 1452 corde
1305 1446 1312 1460 ,
1329 1420 1383 1452 sed
1402 1420 1510 1463 ipsum
1528 1425 1640 1452 votum
1662 1430 1728 1452 non
1748 1430 1803 1452 ex-

215 1482 328 1526 pressit
352 1481 386 1513 in
410 1492 476 1513 ore.
501 1480 645 1523 Sulijecit
660 1491 692 1511 se
711 1479 830 1511 divina·
847 1477 1071 1521 dispositioni,
1089 1477 1257 1521 proposuit
1272 1489 1304 1510 se
1318 1481 1597 1521 perseveraturam
1620 1476 1780 1519 virginem
1792 1502 1800 1517 ,

216 1539 279 1571 nisi
296 1539 380 1571 Deus
401 1538 495 1570 aliter
521 1538 550 1569 ei
572 1536 740 1569 revelaret.
765 1535 979 1567 Committens
997 1546 1074 1576 ergo
1088 1535 1309 1577 virginitatem
1331 1546 1423 1566 suani
1440 1534 1560 1566 divinae
1577 1533 1801 1577 dispositioni,

215 1596 376 1629 consensit
390 1595 423 1627 iu
440 1594 603 1627 carnalem
625 1592 789 1637 copulam,
807 1603 873 1624 non
896 1592 987 1624 illam
1008 1592 1201 1635 appetendo,
1218 1592 1271 1624 sed
1294 1592 1414 1624 divina}
1434 1591 1640 1635 inspirationi
1661 1591 1696 1622 in
1715 1595 1804 1623 utro-

215 1665 278 1698 que
301 1653 505 1686 obediendo:
527 1656 635 1696 postea
654 1662 731 1684 vero
756 1651 862 1684 filium
884 1651 1011 1693 genuit,
1034 1654 1063 1682 et
1090 1649 1177 1693 quod
1201 1649 1296 1682 corde
1325 1653 1516 1692 conceperat
1543 1650 1583 1691 (a)
1611 1647 1710 1681 simul
1729 1658 1804 1680 cum

216 1712 287 1744 viro
306 1710 404 1743 labiis
419 1710 594 1754 expressit,
612 1713 643 1741 et
664 1713 803 1752 uterque
819 1709 852 1740 in
868 1708 1056 1750 virginitate
1072 1707 1261 1751 permansit.
1280 1721 1295 1737 »

265 1782 281 1800 (ι
297 1769 384 1800 Inter
405 1778 487 1811 quos
503 1793 510 1808 ,
529 1771 566 1799 ut
589 1767 634 1799 ait
656 1766 882 1809 Augustinus,
905 1766 1083 1809 perfectum
1105 1764 1168 1796 fuit
1187 1764 1378 1808 conjugium
1401 1777 1408 1796 ;
1439 1778 1453 1794 »
1475 1764 1654 1807 perfeetum
1673 1761 1806 1806 quidem

217 1837 283 1858 non
307 1826 340 1857 in
365 1824 625 1867 significatione,
643 1823 697 1855 sed
722 1823 755 1855 in
772 1823 950 1855 sanctitate.
969 1822 1137 1854 Sanctiora
1155 1825 1233 1854 sunt
1254 1821 1342 1853 enim
1359 1821 1513 1865 conjugia
1528 1821 1598 1864 pari
1616 1824 1690 1853 voto
1705 1820 1805 1852 conti-

218 1883 378 1916 nentium.
397 1882 491 1915 Unde
507 1881 714 1924 Augustinus
730 1881 740 1897 ³
756 1893 762 1912 :
785 1895 801 1911 a
815 1880 910 1920 Quod
926 1880 991 1912 Deo
1006 1880 1075 1924 pari
1092 1883 1168 1912 voto
1183 1883 1214 1911 et
1235 1890 1392 1911 consensu
1416 1878 1578 1911 voveratis
1590 1904 1598 1917 ,
1619 1877 1716 1910 ambo
1736 1887 1807 1922 per-

219 1945 403 1974 severanter
421 1939 554 1972 reddere
569 1938 726 1971 debuistis
744 1950 750 1970 :
768 1949 787 1970 a
797 1949 863 1982 quo
879 1938 1042 1981 proposito
1057 1937 1083 1969 si
1101 1937 1210 1981 lapsus
1225 1941 1271 1969 est
1287 1936 1355 1977 ille,
1370 1940 1404 1968 tu
1416 1936 1530 1968 saltem
1542 1946 1723 1980 persevera.
1736 1933 1809 1967 Non

219 1999 297 2042 quia
320 1997 442 2041 pariter
467 1995 695 2039 temperabatis
710 2007 727 2027 a
746 1995 978 2027 commixtione
1001 1994 1149 2033 carnali,
1171 1994 1245 2026 ideo
1270 1994 1407 2026 maritus
1430 1998 1507 2025 tuus
1526 2004 1594 2025 esse
1617 1991 1806 2025 destiterat:

220 2056 285 2088 imo
302 2066 378 2087 vero
397 2058 485 2086 tanto
502 2052 645 2085 sanctius
658 2051 813 2095 conjuges
836 2051 1031 2090 manebatis,
1056 2055 1180 2095 quanto
1199 2050 1360 2082 sanctiora
1381 2050 1584 2082 concorditer
1606 2049 1722 2092 placita
1745 2059 1810 2080 ser-

221 2112 357 2144 vabatis.
383 2124 398 2141 »
422 2110 606 2143 Perfectum
632 2119 709 2151 ergo
732 2109 795 2141 fuit
817 2108 928 2141 Mariae
950 2113 980 2140 et
1004 2108 1124 2152 Joseph
1147 2107 1339 2151 conjugium
1363 2106 1398 2139 in
1419 2106 1599 2139 sanctitate.
1625 2106 1809 2138 Perfectum

221 2169 318 2202 etiam
335 2169 397 2201 fuit
411 2167 591 2200 seeundum
609 2166 726 2209 triplex
742 2166 865 2198 bonum
883 2165 1026 2210 conjugii
1041 2191 1049 2207 ‚
1071 2165 1169 2197 fidem
1187 2165 1323 2205 scilicet,
1345 2164 1487 2208 prolem,
1504 2168 1536 2196 et
1557 2166 1807 2199 sacramentum.

225 2239 241 2257 a
257 2225 361 2258 Omne
376 2225 464 2257 enim
480 2223 670 2267 nuptiarum
687 2223 811 2255 bonum
826 2249 834 2264 ,
850 2227 886 2255 ut
900 2223 946 2255 ait
958 2222 1166 2265 Augustinus
1181 2224 1190 2239 ⁶
1204 2248 1211 2263 ‚
1229 2221 1402 2265 impletum
1418 2225 1465 2253 est
1485 2221 1520 2252 iu
1541 2220 1607 2252 illis
1622 2219 1812 2264 parentibus

222 2283 365 2324 Christi,
389 2283 488 2323 fides,
510 2281 633 2325 prolem
656 2284 907 2312 sacramentum.
932 2280 1062 2312 Prolem
1088 2279 1313 2322 cognoscimus
1335 2279 1442 2322 ipsum
1467 2278 1667 2318 Dominum;
1690 2276 1810 2316 fidem,

223 2340 302 2384 quia
325 2340 457 2372 nullum
477 2338 676 2371 adulterium
691 2350 698 2379 3
716 2342 955 2370 sacramentum
968 2364 976 2379 ‚
994 2337 1071 2381 quia
1095 2336 1226 2369 nullum
1253 2336 1446 2368 divortium.
1473 2334 1569 2367 Solus
1592 2334 1637 2366 ibi
1657 2332 1814 2377 nuptialis

223 2397 415 2430 concubitus
430 2407 495 2429 nou
511 2396 593 2436 fuit;
612 2395 690 2439 quia
705 2395 738 2427 in
754 2406 849 2427 carne
866 2395 986 2439 peceati
1007 2394 1078 2427 lieri
1097 2405 1163 2426 non
1180 2398 1303 2437 poterat
1326 2393 1395 2424 siue
1418 2391 1568 2436 pudenda
1586 2390 1813 2434 concupiscen-

225 2455 270 2487 tia
282 2455 409 2497 carnis,
427 2464 499 2497 qua>
521 2452 635 2484 accidit
660 2463 697 2484 ex
714 2457 842 2496 peccato
861 2464 867 2484 ε
885 2453 954 2484 sine
977 2463 1051 2499 qua*
1067 2450 1192 2494 concipi
1216 2450 1338 2491 voluit,
1356 2449 1413 2493 qui
1437 2449 1506 2481 sine
1529 2452 1658 2491 peccato
1680 2447 1814 2480 futurus

258 2532 263 2542 ¹
279 2530 297 2552 u
311 2530 378 2558 Cor„
392 2535 429 2559 xi,
444 2529 480 2551 14.
492 2539 521 2544 -
533 2527 541 2540 ²
554 2527 667 2550 liabetur
680 2533 748 2551 caus.
765 2533 841 2557 xxm,
855 2534 880 2557 q.
898 2533 926 2557 u,
943 2535 965 2550 c.
981 2532 1028 2550 vu.
1040 2538 1070 2543 —
1084 2526 1092 2539 ³
1104 2528 1178 2556 Aug..
1194 2524 1227 2549 acl
1248 2524 1388 2550 Ecdicium,
1403 2523 1474 2553 epist.
1490 2528 1576 2550 exeix,
1589 2522 1621 2546 at.
1635 2527 1732 2552 ccum,
1746 2528 1773 2545 n.
1789 2522 1814 2550 3,

226 2565 291 2587 Inter
305 2571 373 2595 quos.
386 2576 416 2581 -
433 2563 443 2578 δ
462 2562 508 2590 td„
528 2561 556 2584 (Ie
572 2561 649 2591 Nape.
666 2563 690 2584 et
705 2561 820 2591 Cone-up„
837 2562 880 2586 lib.
898 2562 916 2592 1,
939 2569 959 2585 c.
978 2567 1004 2585 x1
1023 2563 1048 2585 et
1067 2566 1120 2591 xii,
1135 2564 1159 2584 et
1174 2561 1280 2584 habetur
1298 2566 1366 2583 caus.
1386 2563 1466 2587 xxvu,
1484 2564 1508 2586 q.
1533 2563 1561 2587 11,
1578 2564 1599 2580 c.
1622 2558 1697 2580 Omne
1720 2559 1812 2587 itaque.

258 2609 288 2638 (a)
304 2608 372 2632 Edit.
396 2608 450 2630 Ven.
469 2605 601 2629 nonhabet
618 2605 697 2628 lilium
712 2606 809 2636 genuit,
826 2608 850 2628 et
869 2606 936 2635 quod
952 2606 1030 2629 corde
1047 2606 1211 2635 conceperat.
