1991 3006
0 1137 94 1157 ¹‘unii-‘sim

0 2351 30 2371 Ad
48 2357 98 2377 opp.

506 208 599 238 nlsT.
620 206 726 238 XVIII.
752 206 864 237 PART.
889 206 927 237 ll.
952 208 1040 238 All'l'.
1066 209 1087 238 l.
1109 209 1256 244 QUAEST.
1284 210 1319 239 ll.

113 275 259 314 apostolis
268 275 527 315 subjiciebantur,
538 276 568 305 et
578 273 806 304 manifestanda
816 276 883 304 erat

113 326 190 358 fides
206 337 262 367 per
276 329 441 366 miracula,
457 337 521 358 non
536 329 663 358 tantum
678 327 880 366 exponeban-

112 383 174 417 tur,
194 381 257 411 imo
272 381 474 420 corporaliter
492 381 531 411 ad
553 380 738 410 mandatum
754 382 881 419 aposto-

113 433 208 463 licum
222 434 431 471 vexabantur,
447 434 528 464 sicut
541 433 667 469 dicitur,
685 433 716 462 et
730 432 762 462 in
778 434 879 471 textu,

112 488 142 516 et
157 487 188 516 in
203 486 308 516 Glossa
321 496 328 516 ι
349 488 380 517 et
399 486 475 516 illud
491 486 595 517 decuit
608 485 641 515 in
656 485 810 525 principio
823 486 880 517 Ec-

111 539 211 569 clesiae
226 539 294 569 fieri
315 539 353 569 ad
374 541 544 576 terrorem,
562 538 612 569 vel
634 540 762 578 propter
777 540 880 569 excel-

110 591 239 621 lentiam
254 591 468 630 apostolorum
481 602 486 621 :
509 600 595 621 nunc
613 593 720 622 autem
735 593 882 631 quamvis

110 654 174 676 non
195 646 237 675 ita
255 648 423 682 vexentur,
445 648 551 676 tamen
571 654 701 685 corpore
718 648 748 676 et
769 646 882 685 spiritu

112 699 249 729 vexandi
270 701 489 738 exponuntur3
507 701 537 729 et
553 707 611 738 pro
630 699 718 729 tanto
733 698 881 730 dicuntur

111 751 191 782 tradi
206 753 334 788 satanae,
350 754 380 782 et
397 761 470 782 vere
484 751 755 782 excommunicari
770 763 776 782 ε
792 754 823 782 θῖ
837 753 881 783 sic

112 806 220 843 patent
232 805 363 844 obJecta.

358 910 561 947 QUAESTlo
593 911 634 941 ll.

142 996 187 1022 An
207 996 306 1029 aliquis
326 994 415 1021 debeat
435 997 659 1022 eoecommunicari
674 1004 724 1030 pro
745 997 853 1029 drumm,

281 1039 322 1065 vel
335 1039 439 1073 injuria
454 1040 536 1066 illata
551 1040 673 1066 Ecclesiae
688 1040 706 1066 ¹.

151 1121 211 1152 Pro
233 1131 296 1161 quo
317 1122 387 1161 quis
410 1123 521 1153 debeat
541 1125 830 1162 excommunicari,
853 1128 882 1156 ct

110 1184 229 1214 quare:
253 1178 363 1205 utrum
385 1185 442 1215 pro
461 1176 592 1214 damno,
611 1177 661 1207 vel
684 1187 742 1217 pro
764 1179 882 1218 iniuria

110 1228 195 1258 illata
211 1227 367 1259 Ecclesiae.
385 1228 423 1259 Et
438 1229 523 1268 quod
540 1230 595 1267 sic,
608 1230 749 1261 videtur:
768 1231 793 1260 si
810 1232 881 1271 quis

110 1281 195 1311 enim
221 1281 355 1319 frangit,
380 1282 429 1312 vel
455 1282 593 1312 incendit
619 1283 804 1320 Ecclesiam,
826 1293 881 1314 ex-

110 1335 362 1365 communicatus
384 1337 430 1364 est
446 1335 514 1374 ipso
525 1336 617 1375 jure;
635 1345 700 1367 non
716 1339 837 1374 autem,
856 1338 881 1368 si

110 1387 203 1417 aliam
223 1387 354 1417 domum
370 1387 545 1425 frangeret,
563 1390 621 1418 etc.

150 1439 235 1477 ltem,
253 1439 278 1468 si
291 1439 363 1478 quis
375 1440 509 1478 percutit
524 1440 685 1478 clericum,
699 1444 744 1471 est
759 1451 883 1473 excom-

110 1492 288 1522 municatus
310 1492 377 1531 ipso
396 1493 485 1531 Jure,
511 1494 540 1522 et
559 1493 667 1523 incidit
682 1494 715 1524 in
730 1503 882 1526 canonem

109 1545 180 1575 latae
196 1545 376 1582 senientiae3
398 1545 452 1575 sed
471 1554 535 1575 non
556 1546 682 1584 incidit,
703 1547 729 1577 si
749 1550 884 1586 percutit

108 1598 224 1628 laicum
239 1598 444 1629 saecularem:
467 1608 544 1637 ergo
560 1600 583 1629 si
600 1600 657 1639 jus
674 1602 755 1631 recte
775 1601 880 1640 dictat,

109 1651 234 1682 videtur
256 1652 341 1691 quod
367 1661 424 1691 pro
449 1652 568 1692 injuria
590 1653 684 1683 etiam
711 1655 770 1684 sibi
798 1655 884 1687 illata

110 1705 208 1743 possit
221 1705 357 1735 Ecclesia
374 1706 663 1737 excommunicare.

150 1756 228 1787 Item
243 1758 364 1788 ratione
379 1758 515 1796 videtur,
533 1759 608 1798 quia
624 1759 750 1798 gladius
763 1762 883 1791 unicui-

110 1818 171 1849 que
186 1809 281 1840 datur
289 1810 327 1840 ad
340 1810 554 1841 defensionem
571 1820 578 1841 ε
592 1812 664 1842 sed²
679 1815 815 1851 potestas
826 1823 881 1844 ex-

110 1863 365 1894 communicandi
380 1866 426 1893 est
442 1864 569 1902 gladius
589 1865 761 1903 spiritualis
778 1877 784 1895 z
804 1876 883 1905 ergo

111 1917 264 1954 potestate
291 1916 589 1947 excommunicandi
617 1918 717 1956 potest
748 1917 884 1950 Ecclesia

112 1976 145 1997 se
164 1967 328 1999 defendere
348 1970 378 1999 et
401 1971 509 2000 contra
529 1970 698 2008 damnum,
722 1973 752 2001 et
775 1974 884 2004 contra

115 2021 277 2060 injuriam.

152 2073 229 2104 Item
241 2075 364 2113 justum
379 2077 425 2106 est
440 2085 703 2116 unumquemque
725 2079 831 2118 puniri
851 2079 883 2110 in

112 2136 159 2165 eo,
179 2127 212 2158 in
225 2137 289 2167 quo
304 2131 428 2168 peccat:
447 2138 526 2168 ergo
542 2130 568 2159 si
583 2133 688 2169 peccat
702 2131 735 2161 in
748 2134 882 2163 matrem

113 2179 280 2211 Ecclesiam
302 2181 464 2212 inferendo
486 2182 638 2213 damnum
663 2186 694 2214 et
718 2185 882 2223 injuriam,

108 2233 233 2271 ,iustum
248 2236 294 2264 est
308 2237 343 2264 ut
355 2235 465 2274 perdat
477 2236 503 2274 ej
510 2244 546 2265 us
561 2236 712 2267 beneficia
727 2239 757 2267 et
770 2239 884 2268 suffra-

114 2285 166 2324 gia
181 2296 188 2316 ι
205 2286 258 2317 sed
273 2286 333 2317 hoc
350 2289 397 2317 est
411 2289 699 2320 excommunicari:
716 2299 806 2328 ergo,
823 2293 882 2321 etc.

153 2338 286 2370 Contra:
306 2343 334 2370 1.
351 2340 656 2380 Excommunicatio,
674 2342 740 2373 sive
755 2343 884 2374 anathe-

116 2391 284 2430 matizatio⁷
301 2394 346 2423 est
364 2393 559 2425 maledictio:
577 2394 631 2425 sed
649 2395 763 2425 dicitur
778 2396 806 2426 ³:
826 2398 883 2427 Be-

114 2444 252 2477 nedicite
275 2446 536 2478 maledicentibus
558 2456 631 2486 vos;
652 2448 838 2487 benedicite,
855 2453 884 2481 et

116 2499 209 2530 nolite
221 2499 427 2532 maledicere:
446 2510 526 2539 crgo
541 2501 816 2540 maledicentibus,
834 2504 883 2534 vel

150 2562 153 2573 ¹
167 2560 205 2589 Cf.
223 2561 291 2585 Alex.
307 2563 401 2592 Mens„
417 2570 442 2593 p.
457 2563 497 2589 lV.
511 2570 536 2593 q.
550 2569 614 2593 xxii,
630 2563 738 2587 membr.
758 2566 779 2593 l,
793 2566 838 2587 art.
853 2566 882 2595 33

118 2597 143 2619 s.
164 2596 262 2627 Thom„
286 2598 310 2621 iu
329 2598 417 2629 Suppl.
437 2606 462 2628 p.
489 2599 534 2628 111,
556 2606 580 2629 q.
602 2605 659 2629 xxi,
679 2601 726 2623 art.
748 2602 774 2629 3;
795 2600 883 2625 (iuliol.

118 2630 242 2661 Altisiml„
258 2633 287 2655 lV
306 2633 383 2662 ΒΗΛ,
403 2636 559 2662 1ra‹:t..v1‚‹:.
579 2639 639 2661 vlu,
656 2641 681 2664 q⁴
698 2640 735 2663 1v3
755 2635 883 2665 menard„

119 2666 149 2689 Ιν
175 2668 252 2698 sent„
273 2667 330 2692 dist.
353 2674 433 2700 xvni,
454 2672 500 2693 art.
524 2672 553 2700 3,
576 2676 599 2699 q.
621 2676 644 2699 13
668 2670 755 2701 steph.
781 2671 884 2701 Brules„

1669 215 1707 243 25

937 275 1019 305 male
1033 275 1218 305 facientibus
1233 285 1298 306 non
1317 277 1407 307 debet
1422 276 1559 307 Ecclesia
1575 278 1705 310 maledi-

937 336 1006 358 cere
1019 339 1025 357 :
1044 336 1122 366 ergo
1137 336 1194 358 nec
1209 329 1495 361 excommunicare.

975 382 1004 410 ⁶2.
1024 380 1100 410 Item
1115 381 1400 412 excommunicatio
1417 385 1463 413 est
1478 384 1707 416 beneficiorum

935 432 1125 462 subtractio:
1149 432 1203 462 sed
1224 432 1306 462 Deus
1326 443 1390 463 non
1405 436 1563 467 subtrahit
1582 438 1708 469 miseri-

936 485 1075 515 cordiam
1091 487 1121 515 et
1137 485 1290 515 beneficia
1304 485 1343 515 ab
1360 486 1397 516 iis
1410 489 1464 526 qui
1480 490 1645 521 offendunt
1660 492 1708 531 ip-

935 548 1007 569 sum
1021 550 1026 569 :
1046 548 1124 577 ergo
1138 539 1163 569 si
1179 541 1371 578 praeceptum
1388 543 1433 570 est
1450 543 1642 574 necessitatis
1658 545 1706 576 vi-

935 591 993 629 ris,
1016 594 1052 622 ut
1079 592 1142 622 sint
1164 592 1385 624 misericordes
1404 596 1433 625 ec
1454 596 1599 633 perfecti,
1623 598 1709 630 sicut

935 645 1026 676 Pater
1045 645 1191 681 coelestis,
1208 645 1265 684 qui·
1288 646 1368 683 facit
1391 647 1483 678 solem
1507 650 1589 680 oriri
1616 658 1709 690 super

937 699 1029 730 bonos
1044 702 1073 730 et
1089 699 1198 736 malos,
1216 699 1296 729 sicut
1311 699 1425 730 dicitur
1440 701 1468 738 Δ;
1485 711 1564 740 ergo
1579 712 1643 733 non
1658 705 1709 734 de-

936 752 987 782 bet
998 752 1133 782 Ecclesia
1143 752 1203 782 hoc
1215 752 1403 783 subtrahere
1416 756 1544 794 propter
1555 756 1708 787 damnum

936 804 986 834 vel
1002 805 1153 843 injuriam
1169 804 1310 844 aliquam
1325 805 1383 835 sibi
1398 806 1523 837 factam.

976 859 1005 887 3.
1024 857 1101 887 Item
1116 857 1149 887 in
1163 858 1544 890 excommunicationibus
1566 861 1709 892 damnifi-

935 912 1024 940 catur
1039 910 1136 940 homo
1152 910 1185 940 in
1199 910 1415 950 spiritualibus
1432 922 1437 940 z
1456 912 1509 942 sed
1525 912 1704 952 impropor-

936 963 1129 993 tionabiliter
1144 964 1248 1003 majus
1266 966 1314 994 est
1340 964 1493 995 damnum
1509 966 1541 996 in
1561 966 1708 1006 spiritua-

936 1016 1035 1054 libus,
1058 1025 1157 1055 quam
1177 1016 1211 1046 in
1232 1017 1482 1056 temporalibus:
1507 1019 1561 1050 sed
1585 1020 1611 1049 si
1639 1022 1709 1060 quis

935 1069 1072 1099 incendit
1092 1069 1141 1099 vel
1162 1069 1256 1108 fregit
1280 1069 1466 1108 Ecclesiam,
1491 1072 1541 1101 vel
1556 1074 1710 1111 percussit

936 1122 1100 1160 clericum,
1120 1123 1170 1153 vel
1185 1123 1311 1162 aliquod
1327 1123 1399 1161 tale,
1416 1134 1480 1155 non
1494 1125 1710 1157 damnificavit

936 1176 995 1205 nisi
1012 1175 1044 1205 in
1061 1176 1286 1215 temporalibus
1303 1187 1308 1206 :
1332 1186 1410 1216 ergo
1427 1187 1499 1208 cum
1520 1188 1585 1209 non
1600 1179 1710 1210 debeat

937 1229 1041 1267 infligi
1054 1230 1155 1268 maJ'or
1167 1238 1270 1268 poena,
1286 1239 1382 1269 quam
1395 1231 1435 1261 sit
1447 1231 1613 1269 damnum,
1627 1233 1710 1263 vide-

936 1284 989 1312 tur
1003 1283 1087 1321 quod
1103 1285 1230 1322 propter
1244 1283 1305 1313 hoc
1319 1293 1383 1314 non
1399 1284 1509 1315 debeat
1524 1294 1707 1316 excommu-

936 1335 1046 1365 nicari.

977 1387 1006 1417 [ι.
1036 1387 1112 1417 Item
1142 1388 1278 1418 Ecclesia
1308 1389 1446 1419 militans
1474 1390 1566 1420 debet
1594 1391 1710 1422 imitari

935 1440 1189 1479 triumphantem
1198 1452 1204 1470 :
1217 1442 1269 1470 sed
1280 1441 1395 1471 dicitur
1403 1442 1436 1471 in
1445 1443 1594 1473 canonica
1604 1444 1710 1482 Judoe,

938 1492 1022 1531 quod
1037 1493 1046 1508 ⁶
1068 1501 1138 1523 cum
1159 1493 1294 1524 Micliael
1315 1494 1518 1527 altercaretur
1533 1496 1570 1527 de
1586 1505 1711 1536 corpore

938 1545 1061 1584 Moysi,
1076 1550 1198 1577 nonest
1214 1555 1312 1577 ausus
1318 1547 1335 1585 j
1340 1547 1484 1579 adiciam
1496 1549 1616 1587 inferre
1629 1550 1710 1581 blas-

936 1598 1085 1637 phemioe,
1107 1599 1160 1630 sed
1180 1600 1288 1631 ctiscz'i:
1310 1600 1444 1639 Imperet
1461 1602 1520 1633 tibi
1536 1602 1711 1634 Dominus:

938 1661 1017 1691 ergo
1034 1652 1159 1684 videtur
1172 1654 1240 1693 pari
1254 1654 1375 1684 ratione
1391 1655 1476 1694 quod
1491 1655 1627 1686 Ecclesia
1642 1657 1712 1686 nul-

938 1706 1006 1736 lum
1021 1706 1224 1737 altercantem
1238 1716 1312 1737 cum
1324 1707 1390 1746 ipsa
1405 1708 1516 1739 debeat
1530 1718 1713 1740 excommu-

939 1759 1055 1797 nicare,
1071 1760 1139 1791 sive
1154 1760 1429 1791 anathematizare.

1214 1874 1437 1906 CONCLUSIO.

940 1960 1175 1986 Esccommimicari
1195 1960 1391 1994 principaliter
1406 1968 1478 1987 izemo
1496 1963 1580 1995 potest
1595 1963 1647 1988 nisi
1664 1971 1714 1997 pro

974 2004 1158 2034 contumacia,
1176 2004 1239 2030 licet
1253 2012 1302 2038 pro
1318 2004 1414 2031 damno
1430 2007 1453 2031 et
1471 2013 1519 2040 pro
1536 2006 1651 2040 injuria,
1668 2007 1715 2033 sed

974 2055 1026 2074 non
1038 2048 1244 2082 principaliter.

980 2132 1071 2172 Resp.
1087 2133 1127 2163 ad
1138 2142 1212 2171 arg.
1230 2133 1277 2163 Ad
1293 2134 1518 2173 praedictorum
1536 2135 1715 2174 intelligen-

939 2187 1017 2216 tiam
1030 2187 1076 2215 est
1091 2186 1278 2224 notandum,
1296 2187 1382 2226 quod
1396 2187 1514 2226 duplex
1530 2190 1576 2218 est
1590 2197 1714 2218 excom-

940 2238 1110 2269 municatio
1121 2262 1131 2276 ,
1165 2239 1230 2270 sive
1261 2240 1557 2271 excommunicandi
1587 2241 1711 2272 modus.

940 2292 1091 2328 Quaedam
1112 2292 1198 2322 enim
1216 2293 1502 2324 excommunicatio
1523 2295 1569 2324 est
1587 2303 1606 2324 a
1622 2296 1712 2333 jure,

939 2345 1087 2385 quaedam
1115 2355 1133 2375 a
1153 2346 1271 2385 judice.
1298 2346 1404 2377 Prima
1428 2347 1713 2378 excommunicatio

940 2399 985 2428 est
999 2399 1241 2436 praeservativa3
1260 2400 1396 2430 secunda
1411 2402 1457 2429 cst
1471 2400 1625 2430 curativa.
1642 2400 1710 2431 Pri-

940 2460 993 2480 ma
1010 2452 1311 2489 excommunicatio,
1333 2453 1391 2482 etsi
1416 2453 1483 2483 fieri
1508 2453 1652 2483 videatur
1673 2453 1712 2483 ad

939 2505 1189 2535 conservandam
1203 2505 1379 2536 libertatem
1393 2506 1632 2536 ecclesiasticam
1643 2529 1651 2542 ,
1668 2505 1711 2535 si-

941 2601 997 2624 dist.
1019 2607 1095 2632 xwu,
1114 2609 1139 2632 q.
1157 2608 1201 2625 vu.
1219 2615 1248 2619 —
1268 2602 1275 2615 ²
1296 2602 1369 2625 Ceus.
1388 2608 1444 2632 ενι,
1462 2610 1487 2633 q.
1504 2608 1531 2632 11,
1550 2609 1572 2625 c.
1594 2601 1669 2630 Visis,
1687 2600 1712 2624 in

940 2637 1037 2660 fine.—
1050 2638 1060 2653 ³
1073 2638 1149 2665 Rom„
1163 2643 1210 2666 xli,
1229 2638 1301 2661 1¹1.-—
1316 2638 1323 2651 ⁴
1334 2637 1434 2668 Matth„
1452 2643 1474 2668 v,
1486 2636 1711 2667 48,45;Luc.,v1,

940 2672 1117 2703 236.-⁶Ju‹l.‚
1136 2674 1158 2696 9.
