1991 3006
689 208 784 239 DlST.
808 208 897 239 XXX.
921 208 1011 239 ART.
1034 209 1055 238 Ι.
1082 207 1230 245 QUAEST.
1254 209 1303 239 111.

203 278 302 308 risaeis
321 280 400 308 esset
418 278 545 308 relictus
558 300 565 312 ,
586 278 616 306 et
635 276 778 306 velamen
798 275 874 314 ipsis
894 284 966 304 mu-

203 331 329 361 lieribus
354 331 533 360 infamibus
561 329 665 359 Tertia
690 329 769 359 ratio
796 330 843 358 est
871 337 964 367 prop-

202 387 248 414 ter
262 384 382 414 consilii
394 383 492 414 divini
503 382 755 415 occultationem,
770 391 811 411 ne
824 381 968 411 adversa-

200 437 248 467 rio
269 439 379 466 notum
400 436 488 465 fieret
507 435 673 465 consilium
694 435 757 465 Dei.
782 434 845 464 Hoc
861 436 967 463 autem

199 489 389 519 occultatum
413 489 471 519 fuit
502 488 682 519 adversario
710 497 765 527 per
789 488 874 517 hunc
898 495 965 516 mo-

198 542 273 571 dum
287 565 294 577 ,
311 543 402 581 quia,
421 542 499 572 sicut
515 541 693 571 Bernardus
710 541 781 571 dicit
796 542 815 578 ¹,
832 549 895 570 non
911 548 966 579 po-

198 597 277 625 terat
300 595 396 625 latere
419 594 597 630 diabolum,
622 594 705 634 quod
728 594 841 623 scirent
862 592 966 623 homi-

198 657 253 677 nes
268 657 275 678 :
291 648 375 678 unde
388 657 443 687 per
454 648 597 677 homines
611 647 688 677 scire
702 656 765 677 non
782 647 895 686 potuit,
911 657 968 677 nec

198 710 254 740 per
273 710 305 731 se
317 726 324 738 ,
342 701 417 740 quia
432 710 449 730 a
462 700 596 739 Virgine
616 700 724 740 procul
743 700 966 739 repellebatur.

200 753 315 784 Decens
331 754 426 784 etiam
442 754 500 784 luit
514 756 548 784 ut
563 753 616 783 tali
631 753 752 783 homini
768 753 903 782 nuberet
918 753 970 782 tri-

199 807 271 846 plici
290 816 330 837 ex
352 816 464 844 causa,
487 807 602 836 scilicet
626 807 746 836 ratione
769 806 915 844 generis,
941 808 971 836 et

198 861 320 890 ratione
347 860 504 890 fidelitatis
515 883 524 897 ‚
557 861 586 889 et
618 859 738 889 ratione
763 859 967 897 paupertatis.

199 913 330 944 Ratione
359 914 495 952 generis,
520 914 594 952 quia
616 915 682 942 erat
704 912 742 942 de
769 912 851 942 tribu
871 911 967 949 Juda,

199 969 229 996 et
253 967 292 996 de
315 966 434 996 semine
459 966 574 1002 David,
600 968 629 995 et
653 965 851 1004 propinquus
871 966 970 995 beatae

199 1018 360 1058 Virginis;
378 1020 408 1049 et
423 1028 478 1058 per
500 1019 603 1057 ipsum
620 1018 775 1057 descripta
791 1020 836 1048 est
851 1026 968 1056 genea-

198 1071 284 1111 logia
309 1072 438 1109 Christi,
466 1080 538 1111 quae
561 1080 625 1101 non
650 1071 741 1101 debet
766 1080 819 1110 per
838 1071 971 1101 seminas

199 1126 348 1164 describi,
382 1126 462 1156 sicut
497 1125 709 1164 Hieronymus
722 1148 731 1162 ,
765 1132 859 1164 super
888 1125 970 1156 Ματ-

200 1179 332 1217 Ζήαῑῐιῃῑ,
355 1180 438 1209 dicit.
462 1179 605 1209 Secunda
628 1179 706 1209 ratio
727 1181 791 1215 est,
816 1179 891 1218 quia
913 1179 971 1208 fuit

199 1233 249 1264 v1r
259 1235 363 1263 castus
373 1234 403 1262 et
410 1232 532 1270 justus,
546 1232 626 1262 sicut
638 1232 710 1261 dicit
724 1231 933 1270 Evangelium
943 1234 968 1268 ²3

200 1288 230 1316 et
244 1288 279 1315 ut
294 1287 374 1315 esset
386 1285 510 1323 Virgini
523 1285 556 1314 in
569 1285 727 1320 solatium,
744 1287 774 1313 et
787 1284 816 1313 in
831 1284 971 1314 testimo-

200 1338 289 1368 nium
305 1338 394 1368 eunti
409 1338 442 1367 in
457 1338 633 1377 AEgyptum
644 1361 653 1374 ,
670 1338 760 1367 datus
775 1339 821 1367 est
835 1337 862 1366 ei
879 1347 897 1367 a
911 1337 971 1367 Deo

200 1391 233 1421 in
249 1391 366 1421 virum.
383 1390 489 1421 Tertia
503 1391 582 1420 ratio
598 1392 644 1420 est
664 1392 790 1429 propter
805 1392 971 1430 pauperta-

200 1447 262 1474 tem
274 1467 283 1481 ,
305 1444 381 1484 quia
396 1444 538 1474 Christus
555 1452 651 1482 super
666 1443 772 1473 omnia
792 1443 879 1473 venit
896 1452 971 1473 con-

200 1497 329 1528 fundere
349 1497 529 1537 superbiam
543 1521 549 1534 ,
566 1505 630 1526 non
645 1496 747 1527 voluit
761 1497 867 1526 vocari
884 1496 971 1526 filius

200 1551 304 1590 regis,
326 1551 379 1580 sed
399 1549 503 1589 magis
518 1549 602 1579 filius
617 1549 708 1579 fabri.
732 1548 765 1578 In
786 1558 849 1588 quo
863 1551 968 1579 osten-

200 1604 284 1634 ditur
299 1603 410 1633 Christi
430 1602 607 1639 humilitas,
625 1604 654 1631 et
670 1602 765 1632 etiam
783 1602 882 1641 ipsius
897 1602 969 1632 Vir—

201 1656 286 1695 ginis
302 1656 449 1695 gloriosae
462 1665 469 1693 3
487 1657 517 1685 et
531 1655 659 1685 confusa
672 1657 719 1685 est
731 1655 968 1686 mundanorum

198 1709 358 1749 superbia.
376 1709 420 1739 Ex
436 1709 485 1739 his
501 1711 604 1749 patent
620 1709 751 1748 objecta.

240 1766 251 1793 1
267 1765 295 1792 et
311 1765 340 1792 2.
352 1762 399 1793 Ad
414 1762 490 1793 illud
504 1763 586 1802 quod
599 1762 745 1802 objicitur
759 1762 872 1802 primo,
885 1762 968 1801 quod

198 1825 262 1845 non
277 1815 384 1846 debuit
395 1825 522 1852 vovere,
535 1816 610 1855 quia
620 1816 678 1845 hoc
690 1817 806 1854 spectat
816 1815 855 1845 ad
867 1814 967 1845 Evan-

199 1869 336 1908 gelium,
361 1869 529 1899 dicendum
548 1869 632 1908 quod
654 1869 752 1907 Virgo
773 1868 969 1898 sanctissima

198 1931 260 1952 non
282 1924 349 1952 erat
368 1922 427 1952 :ub
446 1922 518 1960 lege
535 1932 541 1951 t
559 1930 633 1951 nam
650 1921 809 1960 quomodo
823 1921 881 1951 sub
896 1921 968 1959 lege

199 1976 275 2011 erat,
293 1983 364 2013 qnae
378 1974 458 2013 legis
468 1976 630 2004 auctorem
645 1974 778 2013 genuit?
795 1973 830 2004 Et
842 1983 966 2010 rursus,

198 2027 224 2056 si
239 2027 281 2057 illi
298 2027 353 2066 qui
369 2027 480 2066 spiritu
500 2027 553 2057 Dei
570 2029 723 2065 aguntur,
740 2036 804 2056 non
820 2030 893 2057 sunt
908 2028 967 2058 sub

189 2080 283 2120 lege,
304 2090 378 2111 eum
397 2081 466 2111 haec
489 2082 569 2110 esset
590 2080 682 2119 plena
702 2079 821 2119 Spiritu
843 2083 964 2118 sancto,

198 2143 261 2164 non
280 2134 456 2174 pertinebat
477 2134 515 2165 ad
538 2133 657 2172 legem,
681 2134 734 2164 sed
756 2134 793 2164 ad
820 2134 964 2174 Evange-

196 2187 290 2225 lium,
315 2187 399 2227 quod
421 2187 459 2217 ab
478 2187 545 2227 ipsa
559 2187 690 2216 infantia
708 2187 741 2216 in
758 2187 850 2217 corde
870 2188 967 2227 ipsius

197 2240 361 2280 scripserat
382 2240 433 2270 Dei
453 2240 588 2279 digitus,
610 2240 677 2279 ipse
696 2240 811 2271 seilicet
832 2240 967 2280 Spiritus

197 2295 333 2324 sanctus.

238 2348 255 2376 3
270 2348 301 2376 et
314 2349 343 2376 4.
360 2346 407 2376 Ad
421 2345 497 2376 illud
513 2346 597 2385 quod
613 2346 761 2385 objicitur
775 2347 813 2378 de
827 2348 966 2387 periculo

198 2401 228 2429 et
241 2399 487 2439 imperfectione,
501 2399 570 2429 dico
585 2399 669 2439 quod
683 2399 783 2439 Virgo
798 2402 967 2432 certificata

199 2452 257 2482 fuit
272 2452 321 2483 vel
336 2452 540 2492 inspiratione
559 2452 681 2490 divina,
703 2453 753 2483 vel
774 2454 966 2486 revelatione

199 2504 352 2544 angelica,
362 2505 503 2544 deipsius
515 2505 612 2535 sancti
625 2504 740 2545 Joseph
753 2507 944 2537 continentia
957 2519 964 2539 :

231 2603 238 2619 ¹
254 2603 339 2632 Rern„
354 2610 427 2634 super
445 2604 535 2626 Missus
549 2605 598 2634 est,
618 2604 687 2627 hom.
705 2610 734 2628 11.
752 2618 781 2622 —
796 2606 805 2621 Ξ
827 2606 928 2634 ΜαΗΙι.,
947 2612 964 2637 1,

200 2639 237 2663 19.
252 2651 284 2656 -
301 2638 310 2652 ²
329 2638 369 2668 Cf.
391 2639 417 2663 S.
437 2638 539 2669 Thom.,
562 2639 587 2662 in
610 2639 698 2669 suppl.
715 2646 740 2670 p.
762 2640 807 2670 ΙΙΙ,
831 2647 854 2671 q.
875 2647 965 2671 vaui,

199 2676 245 2698 art.
264 2675 291 2705 25
307 2675 332 2698 et
348 2675 376 2698 lV
394 2673 472 2706 Sene„
490 2674 547 2698 dist.
563 2680 624 2705 xxx,
641 2682 665 2706 q.
682 2681 700 2706 1,
719 2677 765 2700 art..
787 2678 816 2707 3,
836 2677 965 2707 Riehard„

1733 212 1790 239 *263

1021 277 1051 304 et
1066 275 1133 314 ipsa
1148 275 1185 304 de
1200 284 1231 304 se
1247 279 1330 304 ceria
1341 279 1417 308 erat.
1435 276 1510 314 quia
1524 276 1650 306 nullum
1662 276 1792 305 omnino

1022 328 1124 358 carnis
1139 328 1303 358 stimulum
1317 329 1468 359 sentiebat
1481 341 1487 359 :
1500 331 1531 359 et
1544 329 1612 359 ideo
1623 330 1690 359 sine
1704 330 1791 359 omni

1022 381 1257 420 imperfectione
1276 383 1306 410 et
1328 382 1468 419 periculo
1489 382 1608 411 nubere
1626 384 1746 421 poterat
1764 384 1795 412 et

1023 435 1168 471 debebat,
1186 435 1337 474 quoniam
1353 434 1433 464 Deus
1449 435 1492 464 sic
1506 435 1692 474 inspirabat.

1064 490 1081 517 5
1096 490 1124 517 et
1141 490 1170 517 6.
1187 487 1234 517 Ad
1254 487 1332 517 illud
1354 487 1436 526 quod
1458 488 1615 525 objicitur,
1634 488 1718 527 quod
1738 488 1796 518 fuit

1023 540 1060 570 de
1071 549 1187 579 genere
1199 540 1392 577 sacerdotafi,
1406 540 1571 569 dicendum
1585 541 1667 579 quod
1684 550 1796 571 verum

1024 595 1070 623 est
1088 603 1127 623 ex
1149 595 1236 632 parte
1255 593 1378 629 matris,
1404 593 1457 622 sed
1477 602 1516 622 ex
1534 593 1618 622 tribu
1638 593 1733 623 David
1757 604 1797 625 ex

1024 649 1112 686 parte
1136 646 1232 686 patris
1252 648 1306 675 :et
1332 646 1399 675 ideo
1423 645 1467 674 illi
1493 645 1614 675 nubere
1638 646 1745 677 debuit
1768 650 1798 677 et

1025 699 1125 738 potuit
1154 699 1248 728 etiam
1275 698 1448 728 secundum
1477 697 1594 735 legem.
1624 698 1796 735 Praeterea,

1025 751 1137 791 puellae
1159 751 1196 781 de
1219 759 1337 789 genere
1359 751 1557 780 sacerdotum
1577 751 1634 780 sub
1655 751 1706 781 illa
1726 753 1798 791 lege

1025 814 1088 835 non
1104 804 1317 841 arctabantur,
1334 813 1391 833 nec
1407 804 1501 834 etiam
1515 804 1576 834 illae
1587 805 1624 834 ad
1641 813 1720 843 quas
1735 815 1799 836 non

1026 858 1183 897 spectabat
1200 857 1382 890 haereditas,
1404 861 1532 897 propter
1546 857 1620 895 hoc,
1646 858 1729 897 quod
1748 859 1799 888 lex

1026 911 1079 941 illa
1094 911 1239 940 instituta
1255 910 1311 939 fuit
1327 919 1366 939 ne
1381 910 1651 940 confunderentur
1663 910 1798 940 1111111111-

1026 966 1113 993 tates.
1134 963 1285 993 Ultimum
1304 965 1398 1002 patet.

1287 1086 1466 1123 QUAEsTlo
1490 1086 1542 1116 111.

1046 1185 1090 1211 An
1105 1192 1242 1211 consensus
1258 1184 1418 1210 libidinosus
1434 1185 1471 1210 sit
1486 1191 1566 1210 causa
1581 1186 1749 1211 matrimonii
1765 1186 1785 1212 ³.

1068 1282 1180 1312 Utrum
1196 1291 1365 1312 consensus
1377 1282 1562 1312 libidinosus
1574 1283 1613 1312 sit
1624 1292 1718 1312 causa
1733 1292 1799 1312 ma-

1029 1335 1184 1372 trimonii,
1211 1337 1324 1374 utputa
1349 1344 1420 1364 cum
1446 1335 1559 1374 aliquis
1587 1336 1741 1365 consentit
1768 1336 1801 1365 in

1027 1389 1164 1428 aliquam
1188 1391 1317 1429 propter
1342 1389 1480 1425 divitias,
1505 1389 1556 1419 vcl
1581 1392 1706 1429 propter
1729 1390 1800 1429 pul-

1026 1442 1258 1479 chritudinem3
1285 1444 1313 1471 et
1339 1442 1423 1481 quod
1448 1451 1527 1479 non,
1558 1442 1697 1479 videtur,
1727 1443 1801 1481 quia

1026 1497 1094 1535 conj
1102 1496 1207 1525 unctio
1224 1495 1465 1525 matrimonialis
1480 1498 1524 1526 est
1542 1506 1560 1525 a
1576 1496 1648 1533 Deo,
1669 1498 1703 1526 ut
1719 1499 1801 1535 patet

1026 1558 1082 1588 per
1105 1548 1181 1579 illud
1205 1549 1287 1587 quod
1313 1548 1445 1579 dicitur*
1472 1559 1477 1578 :
1507 1549 1594 1584 Quod
1619 1550 1700 1580 Deus
1725 1557 1801 1581 con-

1020 1602 1155 1641 juvarit,
1176 1603 1265 1633 homo
1286 1609 1350 1633 non
1371 1604 1492 1641 separet
1511 1613 1522 1633 .·
1544 1602 1597 1632 sed
1620 1603 1800 1641 conjunctio

1025 1656 1163 1686 libidinis
1174 1665 1237 1685 non
1248 1658 1293 1685 est
1302 1665 1320 1685 a
1332 1655 1392 1685 Deo
1402 1664 1409 1692 3
1423 1655 1492 1685 haec
1502 1657 1609 1685 autem
1621 1652 1812 1695 conjunctio

1025 1710 1075 1739 vel
1092 1719 1262 1740 consensus
1278 1709 1363 1739 venit
1381 1718 1420 1738 ex
1437 1708 1578 1745 libidine,
1604 1709 1681 1748 quia
1700 1711 1746 1739 est
1760 1719 1800 1740 ex

1025 1763 1204 1793 inordinato
1222 1771 1329 1792 amore
1347 1773 1353 1792 ε
1370 1770 1461 1799 ergo,
1479 1763 1537 1791 etc.

1065 1818 1093 1846 2.
1117 1816 1206 1853 Item,
1224 1817 1317 1855 cujus
1333 1824 1426 1845 causa
1441 1815 1534 1853 mala,
1553 1815 1658 1854 ipsum
1673 1824 1798 1855 quoque

1027 1869 1162 1906 malum;
1179 1869 1264 1898 unde
1279 1869 1303 1897 si
1319 1869 1407 1898 radix
1422 1868 1515 1906 mala,
1528 1870 1558 1898 et
1570 1877 1679 1898 ramus
1694 1869 1797 1907 operi>-

1025 1922 1127 1952 malus
1143 1931 1150 1951 z
1167 1922 1219 1952 sed
1239 1930 1409 1951 consensus
1428 1921 1486 1951 iste
1507 1923 1552 1951 est
1575 1921 1675 1951 malus
1694 1932 1699 1951 :
1717 1931 1796 1961 ergo

1024 1984 1089 2005 non
1110 1975 1203 2005 efficit
1226 1974 1465 2004 matrimonium
1484 1974 1544 2003 nisi
1567 1974 1687 2004 malum
1712 1986 1718 2005 z
1743 1975 1796 2005 sed

1024 2028 1265 2058 matrimonium
1286 2036 1350 2058 non
1372 2029 1419 2057 est
1440 2027 1576 2065 malum,
1597 2036 1671 2057 cum
1691 2027 1731 2058 sit
1745 2036 1797 2058 sa-

1023 2084 1221 2111 cramentum
1238 2092 1244 2110 :
1263 2090 1352 2120 ergo,
1369 2083 1426 2111 etc.

1064 2137 1092 2164 3.
1118 2134 1193 2165 Item
1214 2134 1454 2164 matrimonium
1473 2133 1634 2173 spirituale
1653 2135 1795 2164 contrac-

1023 2192 1091 2219 tum
1106 2187 1335 2218 interveniente
1351 2187 1498 2224 avaritia,
1516 2189 1545 2217 et
1560 2187 1704 2226 pecuniae
1720 2197 1792 2227 pac-

1024 2243 1122 2279 tione,
1138 2242 1268 2272 omnino
1282 2241 1453 2280 rumpitur,
1470 2242 1500 2270 et
1515 2249 1578 2270 non
1595 2240 1685 2271 debet
1698 2243 1791 2279 stare,

1023 2295 1103 2325 sicut
1118 2296 1203 2334 patet
1217 2294 1248 2324 in
1264 2294 1409 2333 episcopo
1424 2294 1595 2324 simoniaco
1608 2305 1613 2323 :
1629 2302 1709 2333 ergo
1726 2294 1793 2333 pari

1023 2348 1145 2378 ratione
1166 2347 1406 2378 matrimonium
1424 2346 1563 2384 carnale,
1586 2347 1669 2385 quod
1689 2349 1735 2377 est
1751 2347 1792 2377 si-

1024 2411 1127 2441 gnum
1141 2401 1237 2431 illius.

1063 2458 1091 2485 4.
1120 2455 1195 2485 Item
1220 2454 1460 2485 matrimonium
1485 2455 1531 2483 est
1557 2453 1686 2492 signum
1715 2463 1793 2484 cou-

1019 2508 1195 2547 Junetionis
1217 2507 1330 2538 Christi
1354 2509 1383 2536 ct
1402 2506 1547 2537 Ecclesiae
1565 2517 1571 2537 :
1589 2507 1642 2537 sed
1658 2506 1793 2536 Ecclesia

1025 2607 1054 2630 IV
1083 2606 1162 2636 Seni„
1185 2605 1242 2629 dist.
1267 2611 1331 2633 xxx,
1354 2606 1401 2628 art.
1426 2606 1455 2635 3,
1479 2612 1504 2635 q,
1532 2611 1553 2634 1;
1576 2603 1662 2633 Stepli.
1689 2603 1792 2633 Brulef„

1024 2641 1054 2665 lV
1071 2643 1150 2669 sent„
1162 2641 1219 2665 dist.
1236 2648 1296 2669 xxx,
1314 2648 1338 2671 q.
1358 2640 1523 2669 1¹¹3P811'·⁴¹*‘
1538 2640 1650 2667 Tarum..
1668 2639 1698 2663 iv
1713 2638 1792 2668 Sent.,

1022 2676 1079 2700 dist.
1096 2682 1155 2706 xxx,
1170 2684 1194 2707 q.
1213 2683 1236 2700 x.
1248 2689 1276 2693 —
1289 2677 1297 2691 ⁵
1310 2676 1407 2705 Mami„
1425 2682 1478 2705 xix,
1494 2677 1515 2698 ϋ.

1817 1292 1848 1314 Aul
1868 1299 1920 1319 opp.
