1991 3006
791 199 981 231 DISTINGT.
1003 200 1080 231 XIX.
1703 207 1741 235 39

142 272 299 311 peccatrix
316 279 380 301 non
400 270 459 300 fuit
474 270 603 299 liberata
624 278 663 298 ex
685 267 909 304 misericordia,

142 325 194 355 sed
215 325 289 364 quia
312 333 375 354 non
394 323 499 352 aderat
520 323 662 352 humana
679 320 813 360 justitia.
832 319 910 350 110111

142 380 209 408 0510
229 377 314 416 quod
337 376 484 415 praelatus
506 376 545 405 sit
568 375 688 412 malus,
711 383 821 413 quaero
843 383 861 403 a
883 376 911 404 te

143 432 251 461 utrum
263 431 408 459 teneatur
421 429 560 458 subditos
571 428 749 466 corrigere:
763 429 911 457 constans

142 485 188 513 est
203 482 286 522 quod
300 491 364 512 non
379 483 425 511 est
440 481 603 511 absolutus
617 491 635 510 a
652 481 789 510 tentione
803 491 809 508 ;
833 488 911 518 ergo

142 537 168 566 si
181 535 253 565 facit
267 535 342 572 hoc,
359 544 423 565 non
439 537 544 574 peccat
563 544 604 564 ex
618 534 690 564 1100.

181 587 271 627 Resp.
289 587 461 618 Dicendum
483 588 566 627 quod
581 586 698 626 duplex
722 588 767 615 est
788 595 908 616 correc-

140 641 203 671 tio:
223 649 285 670 una
299 649 355 679 per
370 640 499 670 modum
515 639 737 679 increpationis
753 641 782 669 et
798 639 910 677 argui-

140 694 243 730 tionis,
260 696 290 724 et
306 693 375 723 talis
388 693 495 732 arguit
510 702 565 732 per
576 692 706 722 modum
720 691 892 730 superioris
901 703 908 728 ;

140 748 171 777 et
185 747 241 786 qui
260 747 304 776 sic
325 746 431 785 arguit
448 746 564 783 alium,
587 748 708 785 peccat,
733 745 805 782 quia
826 745 909 784 quod

140 800 229 836 facit,
244 809 307 830 nou
323 802 357 830 ut
373 800 477 837 debet,
497 800 579 830 facit.
599 799 660 829 Sed
683 798 709 828 si
726 798 856 828 interior
873 799 912 828 sit

141 853 279 890 malitia,
307 854 412 891 peccat
440 852 670 891 superbiendo;
697 852 723 881 si
751 851 909 888 exterior,

141 908 247 945 peccat
263 906 518 936 scandalizando:
537 908 567 935 et
590 905 660 935 ideo
683 905 721 935 ad
742 905 802 935 hoc
827 905 911 944 quod

142 959 223 989 licite
245 959 394 997 corrigat,
412 961 537 989 tenetur
563 959 665 998 primo
687 958 725 988 de
746 959 838 988 oculo
854 968 911 989 5110

141 1011 262 1041 trabem
290 1012 424 1050 ejicere3
450 1011 590 1050 alioquin
613 1011 757 1041 ordinem
788 1020 909 1041 correc-

142 1065 236 1095 tionis
256 1066 417 1105 pervertit.
438 1065 506 1096 Alia
528 1067 574 1095 est
596 1066 749 1095 correctio
765 1075 819 1104 per
841 1074 909 1095 mo-

142 1118 218 1148 dum
233 1119 470 1158 supplicationis
490 1121 520 1148 et
537 1119 778 1148 admonitionis:
797 1120 826 1149 et
842 1118 911 1149 haec

142 1173 243 1210 potest
262 1181 330 1202 esse
348 1172 505 1202 bonorum
518 1196 526 1209 ,
552 1174 582 1201 et
605 1171 700 1201 etiam
726 1171 883 1202 malorum
902 1183 908 1202 ε

141 1225 208 1264 ipse
220 1226 326 1255 autem
341 1224 481 1264 loquitur
492 1225 530 1254 de
543 1224 661 1264 prima,
679 1226 709 1254 et
723 1233 787 1254 non
807 1225 844 1255 de
859 1235 911 1255 se-

141 1278 255 1308 cunda.
280 1277 368 1314 Quod
390 1278 538 1316 objicitur
562 1278 599 1307 de
628 1277 780 1314 muhere,
804 1280 908 1316 patet,

142 1330 217 1370 quia
233 1330 285 1360 ille
303 1331 416 1361 modus
430 1330 618 1370 corripiendi
633 1332 700 1360 erat
718 1339 773 1369 per
788 1331 908 1361 vindic-

142 1386 206 1414 tam
219 1395 225 1414 ;
239 1384 328 1420 Quod
338 1384 504 1423 objicitur:
522 1395 536 1412 «
549 1384 621 1414 ldeo
633 1384 795 1421 liberavit,
808 1395 822 1411 n
837 1386 909 1421 010.,

141 1436 308 1466 dicendum
332 1436 416 1475 quod
436 1436 511 1467 Ideo
529 1445 592 1466 non
613 1436 686 1466 dicit
701 1437 817 1474 finem,
835 1437 910 1476 quia

140 1488 191 1518 ille
207 1488 265 1519 suit
283 1498 350 1519 suae
372 1489 596 1520 misericordiae
618 1489 834 1527 abundantia;
856 1491 909 1520 sed

140 1541 244 1580 potius
259 1541 344 1572 viam
355 1544 385 1572 et
394 1542 525 1572 modum
540 1542 579 1573 ad
595 1542 696 1582 ipsam
711 1542 908 1573 liberandam

139 1594 289 1625 insinuat.
315 1594 357 1625 De
381 1596 572 1626 correctione
595 1604 671 1626 vero
694 1596 834 1625 fraterna
849 1596 909 1626 hoc

139 1647 332 1686 notandum,
350 1648 435 1688 quod
449 1651 523 1679 tunc
547 1651 671 1679 tenetur
692 1648 788 1679 homo
806 1648 907 1678 corri—

140 1710 224 1741 pere,
238 1702 365 1740 quando
378 1702 463 1733 videt
473 1702 602 1732 fratrem
613 1701 756 1741 graviter
768 1710 906 1740 peccare,

138 1757 170 1785 et
184 1754 282 1785 credit
296 1755 500 1794 probabiliter
514 1756 598 1794 quod
614 1755 723 1785 debeat
737 1755 886 1794 prodesse
898 1779 905 1793 ‚

138 1810 251 1838 010011
273 1808 402 1838 obesse:
429 1808 489 1838 hoc
514 1810 619 1838 tamen
645 1808 843 1845 cavendum,
869 1817 908 1838 ne

139 1861 210 1900 quis
234 1861 349 1891 formet
375 1861 433 1891 sibi
460 1861 684 1891 conscientiam
711 1861 840 1891 stultam
868 1870 906 1890 ex

139 1914 260 1945 modica
277 1915 467 1953 conjectura.

459 2007 526 2028 DUB.
550 2007 582 2028 V.

298 2065 408 2096 Diligens
426 2071 486 2096 ergo
504 2064 680 2096 investigator,
698 2067 746 2089 etc.

177 2127 224 2158 Ex
239 2127 298 2157 1100
312 2127 437 2158 videtur
451 2127 537 2166 quod
556 2127 595 2157 ad
618 2128 828 2158 consessorem
839 2138 906 2168 per-

136 2181 216 2211 tinet
234 2181 423 2220 perscrutari
438 2180 661 2211 conscientiam
682 2181 829 2212 alienam.
846 2182 906 2212 Sed

136 2231 331 2264 contrarium
354 2234 490 2264 habetur
513 2234 546 2263 in
570 2233 695 2264 Psalmo
710 2235 719 2251 ¹
737 2245 743 2265 :
763 2234 907 2267 Sci-utari

136 2290 229 2326 sunt,
247 2287 365 2327 inquit,
383 2288 592 2326 iniquitates:
615 2287 798 2325 deiecerunt
819 2296 905 2319 scru-

136 2344 239 2373 tames
253 2342 421 2373 scrutinio.
450 2340 526 2371 Item
546 2341 580 2370 in
603 2340 846 2372 Deuteronomio
863 2343 872 2358 ⁹
895 2353 901 2371 ι

138 2392 214 2423 Cum
227 2393 340 2431 repetis
357 2392 395 2431 (a)
412 2393 588 2431 aproximo
601 2394 653 2423 luo
664 2400 728 2423 ¹rem
738 2392 882 2431 aliquam
894 2417 902 2430 ,

134 2453 229 2484 quam
242 2445 301 2477 tibi
310 2445 406 2483 debet,
418 2452 482 2476 ηοη
492 2444 687 2484 ingrediaris
700 2445 837 2477 domum.
852 2446 904 2477 Er-

138 2507 180 2536 go
190 2507 254 2529 non
264 2499 390 2529 videtur
399 2498 484 2538 quod
495 2498 590 2528 homo
600 2498 733 2528 interius
745 2499 854 2529 debeat
864 2499 901 2530 ad

135 2554 250 2581 secreta
263 2551 366 2582 cordis
379 2551 515 2590 ingredi.
541 2550 618 2581 Item
633 2560 672 2582 ex
695 2552 813 2582 horum
830 2561 900 2591 pec-

168 2621 342 2652 =Psal.rx111‚
356 2624 377 2646 7.
390 2635 419 2640 —
435 2623 444 2638 ¹
461 2623 630 2653 Deut.,x11V,
649 2624 724 2646 10.—
737 2623 815 2653 Uol),
830 2630 902 2655 xxm,

167 2666 198 2695 (α)
213 2665 288 2696 Vulg.
303 2668 434 2698 ›·epetes.—
449 2666 484 2697 (b)
499 2667 569 2691 Edit.
586 2667 642 2691 Ven.
657 2667 755 2693 dieitur,

969 270 1111 298 catorum
1131 269 1345 299 ruminatione
1366 270 1548 308 frequenter
1569 270 1661 300 foetor
1674 271 1741 301 ori—

967 322 1020 351 tur
1045 321 1308 359 concupiscentiae
1331 322 1363 352 in
1384 325 1563 362 quaerente‚
1590 326 1620 353 01
1641 332 1741 362 gene-

968 376 1055 404 ratur
1079 374 1219 413 cognitio
1247 374 1321 404 mali
1351 375 1382 404 in
1411 375 1582 405 audiente:
1615 378 1741 415 propter

968 427 1051 466 quod
1067 427 1160 456 etiam
1186 427 1366 466 frequenter
1390 428 1546 467 contingit
1569 438 1643 458 eum
1666 429 1739 459 titil-

968 479 1024 509 lari
1048 479 1086 509 ad
1105 479 1269 509 sciendum
1291 479 1418 510 scientia
1437 482 1661 520 experientiae:
1687 491 1737 512 er-

968 541 1026 570 go,
1043 534 1101 562 etc.

1009 585 1101 624 Resp.
1114 585 1289 615 Dicendum
1306 586 1389 624 quod
1404 586 1523 625 absque
1538 587 1634 618 dubio
1649 597 1739 627 opor-

968 641 1010 668 tet
1032 639 1136 677 ipsum
1160 639 1371 669 confessorem
1399 639 1583 677 diligentem
1615 650 1681 671 esse
1704 641 1738 671 10

968 692 1200 731 investigando.
1218 692 1256 722 Et
1275 692 1355 722 ratio
1377 692 1473 730 hujus
1495 695 1562 729 est,
1588 694 1738 732 quoniam

968 745 1034 784 ipse
1047 745 1144 784 judex
1161 747 1223 775 est:
1237 747 1267 774 et
1281 745 1379 783 Judex
1394 745 1563 783 diligenter
1578 746 1738 785 inquirere

968 798 1057 828 debet
1074 808 1176 829 causae
1193 798 1368 836 veritatem,
1385 798 1525 828 maxime
1541 799 1667 838 quando
1682 799 1738 829 du-

967 850 1019 880 bia
1048 852 1190 889 apparet,
1222 850 1396 880 secundum
1421 850 1505 890 quod
1529 850 1604 881 dicit
1632 850 1688 881 Job
1703 851 1735 880 ³:

970 904 1122 941 Causam,
1152 912 1248 943 quam
1272 903 1465 941 nesciebam,
1490 903 1738 942 diliglentissz'me

968 957 1209 996 invesciqabam.
1237 957 1272 987 In
1293 958 1409 987 talibus
1431 960 1537 988 autem
1562 958 1738 997 inquisitio-

968 1011 1061 1040 nibus
1086 1010 1225 1040 cavenda
1246 1012 1292 1040 est
1317 1011 1478 1050 superflua
1501 1011 1685 1049 curiositas,
1709 1014 1739 1042 et

968 1063 1176 1101 negligentia.
1201 1063 1353 1100 Quaedam
1371 1064 1456 1093 enim
1477 1066 1569 1102 sunt,
1586 1073 1659 1103 quae
1676 1074 1740 1095 non

967 1117 1058 1147 debet
1077 1117 1237 1155 inquirere
1261 1117 1295 1146 10
1319 1117 1445 1156 speciali
1463 1117 1634 1154 confessor,
1661 1117 1740 1148 sicut

967 1172 1041 1199 sunt
1055 1171 1179 1208 peccata
1194 1170 1388 1207 inconsueta,
1402 1172 1432 1200 et
1446 1170 1599 1207 enormia,
1618 1173 1649 1200 et
1664 1180 1739 1200 cou-

967 1225 1016 1252 tra
1033 1227 1193 1260 naturam,
1208 1225 1238 1253 et
1251 1223 1288 1253 de
1300 1223 1416 1253 talibus
1430 1223 1619 1261 intelligitur
1630 1224 1738 1255 issud‘:

967 1276 1181 1314 Investiqaior
1195 1276 1350 1307 malorum
1365 1277 1564 1315 opprimetur
1578 1276 1616 1307 ab
1628 1278 1685 1308 eis.
1702 1277 1740 1307 Et

967 1328 1047 1358 ratio
1075 1328 1173 1367 hujus
1205 1331 1268 1366 est,
1297 1329 1372 1368 quia
1401 1329 1583 1368 frequenter
1611 1329 1741 1359 addiscit

967 1381 1122 1420 poenitens
1143 1381 1227 1420 quod
1253 1390 1317 1411 non
1340 1384 1472 1412 noverat
1497 1390 1503 1410 z
1527 1383 1558 1412 et
1584 1383 1740 1421 contingit

965 1434 1070 1472 ipsum
1100 1435 1310 1464 confessorem
1339 1434 1372 1464 in
1396 1434 1511 1464 talibus
1535 1434 1683 1465 concuti:
1709 1438 1740 1465 et

965 1487 1034 1517 ideo
1047 1496 1110 1517 non
1134 1487 1224 1517 debet
1239 1487 1314 1517 talia
1332 1496 1476 1526 quaerere
1487 1510 1496 1524 ,
1514 1487 1573 1516 0151
1590 1487 1621 1516 in
1638 1497 1735 1526 gene-

965 1540 1041 1577 rali,
1072 1542 1101 1570 01
1124 1540 1214 1579 quasi
1242 1540 1280 1570 de
1304 1540 1480 1579 longinquo
1505 1549 1560 1579 per
1583 1541 1737 1579 quasdam

964 1593 1270 1630 circumlocutiones,
1287 1595 1333 1629 ut,
1353 1593 1378 1622 si
1394 1593 1465 1623 fecit
1481 1594 1535 1633 qui
1552 1594 1734 1631 confitetur,

964 1647 1140 1685 intelligat,
1164 1647 1270 1676 sinon
1293 1646 1378 1683 fecit,
1400 1656 1465 1677 non
1485 1647 1634 1677 addiscat.
1659 1646 1736 1678 item

964 1699 1061 1739 hujus
1083 1699 1127 1729 rei
1160 1699 1350 1737 significatio
1374 1702 1421 1730 est
1449 1699 1575 1738 ι10111111,
1605 1701 1659 1730 0111
1688 1701 1736 1731 (11-

964 1752 1005 1782 011
1018 1752 1052 1791 (b)
1069 1752 1079 1768 ⁶
1094 1752 1169 1783 :Vos
1181 1755 1286 1783 autem
1300 1753 1381 1788 nolo,
1393 1754 1621 1785 ucscruiemini
1631 1757 1736 1786 actum

965 1813 1078 1836 meum.
1104 1805 1212 1836 Judith
1241 1805 1405 1844 Confessio
1432 1806 1677 1845 interpretatum
1705 1810 1736 1838 01

962 1858 1022 1888 hoc
1037 1859 1110 1888 dicit
1128 1859 1359 1897 sacerdotibus,
1378 1860 1555 1899 reprimens
1574 1860 1733 1891 curiosam

963 1912 1217 1951 inquisitionem3
1235 1915 1266 1942 et
1280 1912 1349 1942 ideo
1362 1913 1439 1951 quia
1452 1922 1471 1942 a
1485 1913 1662 1953 longinquo
1677 1914 1731 1944 de-

962 1964 1014 1994 bet
1023 1974 1101 2003 esse,
1117 1965 1231 1996 dicitur
1243 1966 1275 1995 in
1286 1965 1302 1995 J
1304 1965 1344 1996 oh
1355 1969 1364 1985 θ
1376 1974 1383 1996 :
1398 1965 1621 1998 Obstetrtcance
1635 1975 1734 1998 manu

962 2017 1091 2050 eductus
1107 2021 1152 2049 est
1165 2018 1289 2049 coluber
1304 2021 1475 2050 tortuosus.
1489 2019 1559 2049 Alia
1572 2028 1647 2050 vero
1659 2022 1733 2050 sunt

961 2071 1160 2110 inquirenda,
1179 2071 1294 2101 scilicet
1306 2072 1517 2110 transgressio
1534 2072 1641 2102 decem
1655 2081 1733 2111 prae-

960 2127 1142 2163 ceptorum,
1168 2124 1349 2155 commissio
1381 2127 1500 2164 septem
1528 2125 1730 2164 capitalium,

961 2177 1072 2208 abusio
1096 2177 1237 2217 quinque
1258 2187 1427 2215 sensuum3
1452 2181 1483 2208 et
1503 2178 1541 2209 de
1556 2178 1608 2209 his
1632 2180 1733 2218 potest

960 2239 1122 2270 quaerere,
1147 2231 1275 2270 quando
1300 2231 1384 2261 videt
1413 2231 1649 2270 negligentem,
1682 2231 1731 2262 vel

960 2285 1160 2323 ignorantem
1190 2293 1257 2315 0550
1286 2284 1390 2323 ipsum
1422 2285 1638 2324 poenitentem.
1666 2284 1731 2315 Hoc

960 2340 1063 2368 autem
1076 2346 1201 2377 semper
1215 2340 1262 2368 051
1274 2338 1510 2374 attendendum,
1523 2340 1559 2368 ut
1570 2337 1730 2377 inquisitio

959 2391 1098 2421 conferat
1124 2391 1218 2421 statui
1243 2391 1434 2430 poenitentis.
1464 2390 1536 2421 Ideo
1564 2390 1726 2420 dicitur⁷z

958 2445 1066 2475 iustus
1081 2445 1116 2475 in
1129 2444 1292 2483 principio
1307 2446 1472 2475 accusator
1489 2447 1534 2476 esc
1547 2444 1601 2474 sui
1615 2454 1626 2474 .·
1642 2443 1729 2474 venit

959 2498 1081 2529 amicus
1105 2497 1188 2536 ejus,
1207 2500 1236 2528 et
1258 2497 1464 2535 invesiiyavic
1489 2505 1569 2528 eum.
1595 2496 1632 2526 Et
1655 2504 1728 2526 00111

959 2560 1077 2590 magua
1091 2550 1257 2590 prudentia
1271 2552 1393 2589 oportet
1408 2550 1468 2580 hoc
1480 2550 1580 2580 facere
1594 2559 1600 2579 ε
1615 2550 1645 2578 01
1659 2548 1727 2578 ideo

960 2633 994 2655 16.
1010 2645 1040 2649 —
1054 2631 1063 2647 ⁸
1081 2631 1161 2660 PJ-ov„
1178 2636 1213 2660 XI,
1232 2631 1269 2653 27.
1286 2643 1315 2647 —
1331 2631 1340 2646 ⁵
1356 2629 1462 2656 Judilh„
1487 2635 1541 2659 vm,
1555 2631 1592 2652 33.
1607 2641 1636 2645 —
1649 2629 1657 2640 κ
1672 2628 1726 2656 Job,

957 2673 1028 2697 xxw,
1046 2667 1082 2690 13.
1094 2679 1123 2683 —
1137 2666 1147 2683 ⁷
1162 2666 1246 2695 Ριόυ.,
1259 2671 1334 2696 xvnt,
1354 2666 1388 2689 Π.
