1991 3006
249 229 306 257 352·-

241 292 380 331 jusmodi
392 291 520 330 legibus
534 292 694 331 subjectae,
712 300 775 322 non
790 293 918 321 servant
933 291 1015 321 hanc

245 344 521 382 consuetudinem,
542 344 607 374 imo
622 347 730 384 partus
747 344 889 383 sequitur
904 344 1012 375 condi-

244 398 361 428 tionem
377 398 560 428 deterioris:
578 398 662 429 undu
682 398 708 428 si
727 398 805 428 alter
822 400 868 428 est
889 407 1012 435 servus,

243 451 298 481 tilii
314 455 387 481 sunt
402 451 502 488 servi,
519 455 549 482 et
568 451 711 481 similiter
727 451 750 480 si
767 453 866 481 mater
881 450 1011 488 ancilla3

242 507 272 534 et
287 505 311 534 si
327 505 421 534 ambo
436 505 498 535 sint
512 505 710 535 diversorum
726 504 939 541 dominemini,
959 504 1013 534 tilii

241 558 426 588 dividuntur
441 569 446 588 :
467 559 553 589 hunc
568 558 697 589 modum
721 559 824 587 servat
837 557 967 587 Erant-ia
980 557 1012 586 in

240 612 399 652 aliquibus
422 614 576 653 partitum,
605 613 675 643 licet
701 622 762 642 non
791 613 908 651 ubique
923 623 928 642 :
959 612 1012 642 sed

232 668 346 696 'tamen
364 667 545 697 constitutio
567 666 677 704 legalis
698 666 797 695 multo
815 664 950 695 nobilior
965 667 1012 694 cst

239 721 269 749 ct
284 719 511 757 rationabilior,
528 729 625 759 quam
640 719 709 749 haec
723 718 928 748 consuetudo.

279 776 306 803 l.
333 773 380 803 Ad
403 773 480 804 illud
505 774 587 812 quod
613 773 714 812 prinio
738 771 898 810 objicitur,
925 771 1009 810 quod

237 828 326 865 pater
353 829 400 856 est
432 826 561 865 dignius
597 825 785 864 principium
798 848 806 862 ,
839 823 1008 854 dicendum

236 879 321 919 quod
336 889 448 910 verum
465 882 527 916 est,
549 881 734 909 nontamen
750 877 1005 908 substantialius:

236 933 266 961 et
285 931 353 962 ideo
369 931 400 961 in
417 931 627 970 dignitatibus
643 932 765 970 patrem
788 929 879 959 debet
898 928 1005 967 sequi3

234 986 266 1016 in
283 987 475 1023 substantia,
494 987 561 1017 sive
577 987 611 1016 in
630 987 772 1016 libertato
790 984 930 1024 corporis
945 984 1005 1021 sui,

235 1042 380 1070 matrem.
403 1039 441 1070 Et
463 1042 510 1069 est
534 1040 734 1079 exemplum,
758 1039 833 1078 quia
848 1039 855 1054 ¹
872 1037 1008 1068 nobilius

222 1093 425 1132 principium
437 1094 598 1123 fructuum
614 1092 819 1132 agricultura}
830 1094 876 1122 est
892 1091 1003 1127 cultor,

232 1154 329 1184 quam
345 1155 438 1184 ager:
458 1146 578 1177 fructus
592 1149 699 1176 tamen
712 1149 757 1176 est
772 1145 853 1183 agri,
872 1145 939 1174 sive
954 1145 1007 1175 do·

232 1198 310 1228 mini
327 1199 411 1237 agri.

272 1254 290 1282 ⁶2
306 1254 335 1281 ct
351 1255 379 1282 3.
393 1252 438 1282 Ad
454 1252 528 1281 illud
546 1252 629 1291 qnod
644 1251 803 1290 objicitur,
816 1250 899 1289 quod
917 1259 1005 1279 sacra

232 1304 395 1344 Scriptura
414 1305 618 1344 genealogias
633 1304 776 1334 attribuit
789 1303 880 1340 viris,
898 1303 1004 1333 dicen-

232 1358 308 1388 dum
325 1358 410 1397 quod
428 1367 538 1388 verum
554 1360 644 1388 estet
658 1357 869 1387 convenicus:
885 1366 959 1386 nam
975 1358 1005 1386 et

233 1411 317 1441 hunc
339 1412 468 1441 modum
486 1411 658 1448 habemus,
681 1410 766 1450 quod
785 1410 888 1439 filium
907 1409 1001 1439 deno-

232 1464 392 1494 minamus
405 1474 423 1494 a
439 1466 526 1503 patre
540 1475 546 1494 :
565 1464 647 1494 unde¹
663 1464 778 1494 dicitur
796 1463 906 1493 Petrus
920 1461 1001 1492 Mar-

232 1517 303 1553 tini,
332 1527 395 1547 non
417 1516 534 1553 Bertae,
560 1519 594 1546 ut
619 1517 650 1546 in
674 1517 827 1556 pluribus.
853 1514 1004 1544 Similiter

232 1570 436 1609 repromissio
454 1570 489 1599 sit
505 1570 579 1599 viris
594 1581 599 1599 ;
620 1572 727 1599 tamen
743 1578 783 1598 ex
801 1569 859 1598 hoc
875 1577 939 1597 non
954 1577 1002 1597 se-

231 1623 349 1662 quitur,
367 1623 450 1662 quod
471 1623 572 1662 proles
590 1622 700 1652 debeat
715 1622 803 1660 sequi
828 1621 936 1651 virum
952 1630 1000 1650 se-

231 1677 371 1706 cundum
386 1676 597 1706 conditionem
617 1675 770 1705 libertatis
793 1674 842 1703 vel
862 1674 1001 1703 servitu-

231 1729 288 1766 tis,
305 1729 357 1759 sed
373 1729 546 1759 set-undum
562 1728 774 1758 conditionem
794 1727 956 1765 diguitatis
971 1728 1000 1755 et

229 1782 375 1819 honoris,
392 1791 464 1821 quae
480 1791 544 1812 non
566 1781 774 1811 substantiam
790 1780 931 1819 respicit,
948 1779 1000 1810 sed

228 1835 332 1874 potius
352 1835 545 1874 qualitatem.

268 1890 297 1917 4.
313 1888 358 1917 Ad
375 1888 450 1917 illud
467 1888 550 1927 quod
566 1888 724 1926 objicitur,
742 1886 825 1926 quod
846 1886 932 1916 silius
947 1895 1000 1916 as-

229 1940 386 1970 similatur
401 1941 493 1980 patri,
509 1940 677 1970 dicendum
691 1940 777 1979 quod
788 1940 798 1955 ²
815 1939 1000 1969 assimilatio

228 2003 292 2023 non
309 1994 394 2024 venit
409 2004 427 2023 a
442 1993 630 2031 substantia,
647 1993 699 2023 sed
714 2002 732 2022 a
748 1992 916 2022 formativa
932 1992 1000 2021 vir-

228 2049 309 2083 tute,
328 2056 399 2086 quae
416 2046 628 2086 principaliter
644 2046 731 2084 viget
746 2045 777 2074 in
790 2045 909 2075 semine
927 2045 996 2081 viri,

229 2099 356 2138 quando
382 2099 542 2129 masculus
567 2102 739 2137 generatur
753 2109 759 2128 2
787 2100 817 2127 et
843 2097 913 2128 ideo
936 2097 996 2127 fre-

228 2153 374 2192 quentius
398 2152 456 2181 fitii
479 2152 694 2182 assimilantur
720 2151 886 2190 patribus:
917 2153 998 2180 atta-

227 2215 316 2241 men,
337 2207 631 2244 quantumcumque
649 2204 688 2233 sit
709 2204 789 2243 patri
811 2203 944 2234 similior
965 2205 996 2233 in

225 2258 330 2296 figura
345 2260 374 2287 et
392 2257 648 2296 proprietatibus,
665 2257 734 2296 plus
752 2259 855 2286 tamen
872 2257 966 2286 traxit
979 2266 997 2287 a

223 2315 324 2340 matre
339 2311 376 2340 de
391 2311 568 2340 substantia
583 2318 590 2339 2
608 2313 638 2340 et
653 2310 722 2340 ideo
736 2319 775 2340 ex
791 2310 850 2340 hoc
867 2320 930 2340 non
947 2320 994 2340 se·

223 2364 342 2403 quitur,
360 2363 445 2402 quod
460 2363 492 2393 in
508 2363 650 2393 libertate
665 2366 786 2402 patrem
802 2367 964 2402 sequatur.

461 2482 702 2515 ARTICULUS
726 2482 766 2514 ΙΙ.

261 2577 505 2617 Consequenter,
522 2578 678 2614 quantum
694 2576 730 2604 ad
752 2575 926 2605 secundum
943 2585 991 2605 ar-

218 2630 362 2667 ticulum,
380 2629 534 2670 quaeritur
549 2628 586 2658 de
600 2628 824 2667 impedimento
840 2629 925 2668 quod
938 2638 990 2659 ve-

248 2694 251 2705 ¹
270 2693 355 2723 Arist,
373 2691 475 2722 Meluph
491 2709 497 2721 ‚
519 2691 561 2714 lib.
586 2691 608 2720 l,
628 2692 728 2713 contex.
757 2693 791 2713 λυ.
812 2704 841 2706 -
864 2692 871 2703 '·'
895 2691 939 2718 Ιώ,
959 2691 988 2713 tle

800 224 1106 255 SENTENTJARUM
1131 224 1204 255 ΜΒ.
1231 225 1280 255 lv.
1306 243 1310 247 -

1073 291 1119 322 nit
1132 301 1171 322 ex
1188 291 1309 322 defectu
1325 292 1440 329 aetatis;
1458 293 1489 322 et
1503 292 1586 322 eirca
1606 292 1665 323 hoc
1679 293 1740 324 tria
1754 303 1843 334 quae—

1073 347 1202 377 runtur:
1230 345 1332 384 primo
1348 345 1515 384 quaeritur,
1530 347 1640 376 utrum
1655 345 1793 378 desectus
1804 348 1843 387 (a)

1072 397 1174 427 aetatis
1209 398 1358 437 impediat
1398 398 1639 429 matrimonium
1663 409 1670 429 z
1708 400 1845 431 secundo

1071 453 1180 481 utrum
1201 450 1338 481 defectus
1359 451 1460 480 aetatis
1487 451 1636 490 impediat
1657 453 1842 484 contractio-

1071 513 1143 534 nem
1175 504 1387 542 sponsalium3
1418 504 1526 542 tertio,
1556 507 1664 535 utrum
1688 506 1845 546 sponsalia

1070 559 1228 586 contracta
1253 560 1318 596 post
1348 556 1547 596 septennium
1574 558 1693 597 possint
1716 558 1843 589 dissolvi

1069 619 1125 649 per
1140 612 1289 640 mutuum
1305 619 1508 640 consensum.

1341 715 1522 753 QUAESTlo
1548 716 1568 746 l.

1091 798 1130 822 An
1146 796 1265 829 defectus
1280 796 1316 830 (a)
1334 798 1424 823 (elatis
1437 797 1568 831 impediat
1583 798 1781 824 matrimonium
1795 796 1815 823 ³.

1107 876 1195 913 Quod
1211 877 1349 907 defectas
1366 878 1405 915 (a)
1428 877 1532 907 aetatis
1556 877 1705 916 impediat
1728 877 1839 908 matri·
1855 891 1959 913 Fundam,

1066 930 1229 967 monium,
1251 929 1429 960 ostenditur
1451 930 1495 960 sic
1513 939 1520 960 :
1538 929 1613 969 quia
1628 929 1782 960 desectum
1801 930 1836 970 (te)

1065 983 1166 1013 aetatis
1186 983 1328 1022 sequitur
1346 982 1531 1023 impotentia
1545 983 1698 1014 coeundi:
1716 983 1769 1014 sed
1783 984 1840 1014 im-

1066 1037 1204 1075 potentia
1213 1037 1345 1067 coeundi
1355 1037 1485 1076 impedit
1494 1037 1732 1068 matrimonium
1742 1048 1748 1068 :
1759 1046 1838 1077 ergo

1064 1092 1094 1119 et
1112 1090 1249 1120 defectus
1266 1090 1304 1128 (a)
1325 1091 1435 1120 aetatis.

1105 1143 1180 1173 item
1202 1143 1358 1173 def‹·ctu111
1376 1143 1412 1182 (b)
1435 1143 1536 1174 aetatis
1560 1144 1765 1184 consequitur
1787 1144 1838 1174 in-

1063 1196 1226 1226 discretio:
1253 1196 1305 1226 sed
1331 1195 1475 1226 discretio
1502 1196 1674 1235 requiritur
1698 1197 1737 1228 ad
1761 1206 1837 1228 con-

1062 1257 1192 1278 sensum
1212 1248 1390 1286 legitimum
1402 1272 1409 1286 ,
1432 1250 1462 1278 et
1478 1257 1650 1279 consensus
1667 1249 1706 1279 ad
1722 1251 1836 1280 matri-

1064 1302 1224 1331 monium:
1251 1310 1330 1339 ergo
1354 1301 1424 1331 talis
1440 1303 1539 1341 potest
1560 1311 1627 1332 esse
1642 1301 1780 1333 detectus
1797 1303 1834 1342 (b)

1062 1355 1182 1392 aetatis,
1199 1354 1282 1394 quod
1297 1354 1447 1394 impediat
1463 1354 1715 1385 matrimonium.

1103 1407 1179 1437 Item
1191 1408 1266 1446 jura
1283 1407 1434 1437 canonica
1452 1410 1481 1437 et
1497 1407 1600 1437 civilia
1622 1407 1731 1438 dicunt
1752 1408 1836 1448 quod

1061 1461 1244 1499 impuberes
1270 1470 1332 1490 non
1356 1463 1487 1500 possunt
1512 1460 1698 1491 contrahere
1725 1463 1834 1491 matri-

1061 1514 1203 1543 monium
1220 1525 1225 1544 :
1241 1514 1295 1543 sed
1311 1514 1491 1552 impuberes
1503 1513 1692 1553 judicantur
1710 1514 1834 1544 ratione

1059 1567 1178 1605 aetatis,
1194 1570 1229 1597 ut
1246 1566 1406 1596 masculus
1427 1570 1498 1597 ante
1520 1566 1832 1606 quartumdecimum

1059 1629 1197 1657 annum,
1213 1623 1242 1650 et
1259 1619 1377 1649 femina
1394 1622 1466 1649 ante
1483 1619 1724 1657 duodecimum,
1742 1623 1802 1650 etc.

1099 1673 1228 1703 Contra:
1253 1675 1281 1702 1.
1300 1672 1407 1702 Status
1422 1672 1598 1711 pubertatis
1618 1681 1681 1702 non
1701 1672 1832 1712 impedit

1058 1727 1288 1766 susceptionem
1311 1725 1446 1764 alicujus
1471 1724 1600 1755 alterius
1627 1725 1828 1763 sacramenti,

1057 1789 1129 1819 quae
1144 1781 1238 1810 etiam
1263 1779 1393 1819 maioris
1418 1778 1617 1818 perfectionis
1639 1781 1732 1809 sunt:
1752 1787 1832 1818 ergo

1058 1842 1114 1863 nec
1130 1832 1381 1862 matrimonium.

1097 1889 1125 1917 2.
1153 1886 1250 1923 Item,
1277 1895 1375 1925 quare
1402 1895 1464 1915 non
1491 1887 1622 1925 possunt
1644 1885 1832 1916 contrahere

1057 1942 1129 1970 ante
1150 1941 1276 1978 tempus
1296 1938 1490 1978 pubertatis?
1506 1938 1570 1968 Aut
1587 1940 1714 1978 propter
1728 1938 1830 1978 impo-

1056 1993 1185 2022 tentiam
1201 1992 1355 2029 coeundi,
1378 1994 1431 2022 ant
1454 1993 1582 2031 propter
1595 1991 1751 2022 desectum
1766 1991 1829 2022 dis-

1054 2046 1218 2075 cretionis:
1235 2046 1260 2075 si
1277 2047 1405 2084 propter
1421 2045 1652 2084 impotentiam,
1669 2045 1722 2076 sed
1738 2046 1830 2076 multi

1054 2098 1172 2128 infirmi
1190 2100 1264 2128 sunt
1280 2098 1468 2136 impotentes
1487 2098 1617 2128 reddere
1632 2098 1784 2137 debitum,
1799 2101 1830 2129 et

1052 2155 1159 2182 tamen
1176 2154 1307 2192 possunt
1326 2151 1523 2182 contrahere.
1545 2151 1716 2188 l'raeterea,
1737 2152 1830 2182 multi

1053 2205 1192 2236 seniores
1214 2205 1343 2235 confecti
1363 2207 1437 2234 sunt
1456 2205 1660 2244 impotentes,
1677 2207 1708 2235 et
1724 2206 1828 2235 tamen

1053 2260 1186 2297 possunt
1213 2258 1408 2288 contrahere.
1436 2257 1593 2288 Praeterea
1616 2257 1709 2287 multi
1730 2257 1828 2288 etiam

1052 2314 1125 2342 ante
1151 2321 1271 2341 anuum
1297 2310 1608 2350 quartumdecimum
1638 2313 1761 2340 coeunt.
1795 2310 1826 2341 Si

1053 2366 1181 2403 propter
1205 2363 1361 2393 deiectum
1386 2363 1600 2400 discretionis,
1633 2365 1743 2392 contra
1766 2363 1826 2393 hoc

1050 2419 1114 2455 est,
1134 2416 1217 2456 quod
1235 2416 1327 2446 multi
1351 2419 1423 2446 sunt
1446 2415 1642 2446 discretiores
1662 2415 1693 2445 in
1709 2415 1821 2446 decen-

1049 2474 1164 2497 Generat.
1180 2474 1301 2504 Animal„
1319 2474 1360 2498 lib.
1379 2474 1420 2503 lv,
1438 2482 1459 2497 c.
1475 2476 1498 2497 3.
1512 2487 1541 2491 —
1555 2474 1565 2490 ³
1582 2474 1623 2503 Cf.
1641 2474 1666 2498 S.
1682 2473 1783 2504 Thom.,
1798 2474 1822 2498 in

1048 2509 1137 2539 Suppl.
1151 2516 1175 2539 p.
1195 2510 1274 2539 111,q.
1290 2515 1364 2538 Lvni,
1377 2512 1424 2532 art.
1441 2511 1470 2537 5;
1484 2511 1509 2532 et
1522 2509 1552 2532 lV
1568 2509 1647 2537 Sem„
1659 2508 1716 2532 dist.
1731 2514 1821 2538 xxxvi,

1047 2552 1071 2575 q.
1089 2551 1110 2574 i,
1126 2547 1172 2568 art.
1195 2547 1225 2575 53
1248 2545 1377 2574 Richard,
1396 2545 1426 2568 tv
1443 2546 1521 2575 sent„
1541 2545 1598 2568 dist.
1619 2550 1709 2573 xxxvi,
1728 2547 1775 2568 art.
1797 2546 1820 2576 6,

1047 2587 1071 2611 q.
1096 2587 1118 2610 1;
1141 2581 1230 2604 Thom.
1256 2583 1369 2611 Argent„
1395 2581 1424 2603 tv
1447 2582 1526 2611 Senk,
1549 2581 1606 2604 dist.
1629 2586 1726 2610 xxxvi,
1752 2587 1777 2610 q.
1801 2586 1818 2610 i,

1045 2618 1092 2639 art.
1112 2617 1138 2645 43
1156 2616 1244 2647 steph.
1261 2616 1366 2645 mutet,
1387 2616 1416 2639 tv
1439 2616 1518 2645 Sene„
1539 2616 1595 2639 dist.
1615 2621 1708 2644 xxxvt,
1727 2622 1752 2646 q.
1773 2621 1816 2645 1v;

1046 2652 1133 2675 Petrus
1148 2651 1178 2674 dc
1194 2652 1304 2677 'l'umnt.‚
1323 2651 1353 2674 tv
1370 2651 1449 2679 Seni„
1466 2651 1522 2674 dist.
1543 2657 1631 2681 xxxvi,
1647 2658 1672 2681 q.
1685 2657 1707 2674 v.

1077 2693 1109 2722 (u)
1125 2692 1184 2715 Caet.
1199 2692 1259 2714 edil.
1275 2693 1362 2714 status.
1374 2703 1402 2707 —
1415 2690 1448 2721 (b)
1467 2690 1525 2713 leem
1542 2693 1642 2714 statum.

1849 1693 1882 1713 Ad
1900 1699 1952 1720 opp.
