1991 3006
72 276 168 304 Improb.

73 486 151 513 Opinio
159 489 177 511 1⁴,

79 525 125 544 quae
144 520 175 538 est

75 549 178 570 nonoris,

660 207 752 239 DIST.
774 207 918 238 XXXVII.
944 206 1034 238 ART.
1056 207 1078 237 l.
1103 205 1250 244 QUAEST.
1277 206 1328 236 111.

193 273 281 304 dines
296 273 335 304 ad
349 283 515 314 nunquam
529 274 790 305 contrahendum.
807 274 867 305 Sed
882 283 961 313 quo-

192 327 279 357 niam
286 327 486 358 auctoritates
492 336 649 358 canonum
658 328 877 365 inveniuntur,
889 336 961 366 quae

193 383 367 420 utrumque
382 390 492 411 sonare
507 381 665 417 videntur⁷
687 383 722 411 ut
736 381 820 420 quod
839 381 872 410 in
891 389 963 409 sns-

194 435 334 474 ceptione
355 435 474 465 ordinis
494 437 539 465 est
561 435 772 465 solemnizatio
793 435 874 471 voti;
893 434 962 464 ideo

193 487 360 518 dicendum
375 490 421 517 est
435 487 558 526 melius,
577 489 660 528 quod
673 488 729 518 etsi
743 487 825 527 apud
841 487 964 517 Graeeos

194 549 258 570 non
272 540 436 579 impediat,
457 540 517 570 hoc
531 544 577 570 est
592 541 715 571 ratione
729 541 835 571 statuti
848 551 855 577 ;
875 542 905 570 et
920 540 964 569 sie

194 602 257 623 non
273 592 447 632 impedivit,
461 595 496 623 ut
510 593 619 623 dicunt
631 594 771 633 quidam,
789 602 807 623 a
822 595 963 632 tempore

194 646 407 686 apostolorum
418 657 424 677 ε
437 648 543 677 tamen
553 647 637 686 apud
648 646 775 677 Latinos
786 646 962 686 impedivit,

195 702 225 730 et
239 699 360 730 ratione
374 700 492 737 statuti⁷
510 703 540 730 et
554 700 674 730 ratione
687 700 762 730 voti.
778 700 863 730 Sicut
878 700 963 730 enim

194 753 270 784 ordo
289 753 517 783 monachorum
541 756 571 783 et
591 753 715 783 habitus
736 753 962 783 continentiam

195 808 290 838 habet
304 817 462 838 annexam
476 818 532 848 per
546 809 636 839 illum
651 809 706 847 qui
719 808 864 838 habitum
880 809 965 838 insti-

194 862 271 899 tuit,
296 864 326 892 et
348 861 494 900 regulam
519 861 614 891 edidit
637 861 853 891 monachalem
872 873 878 892 :
896 862 964 892 ideo

196 915 250 954 qni
273 915 449 954 profitetur,
469 917 499 945 et
517 915 647 954 suscipit
665 915 824 953 habitum,
850 915 965 946 dicitur

195 969 338 999 emittere
350 971 460 999 votum
475 970 702 1007 consequenter
714 979 720 998 1
734 969 777 998 sic
789 969 866 999 ordo
881 969 965 1008 apud

195 1022 321 1052 Latinos
341 1030 380 1051 ex
398 1021 602 1051 ecclesiastica
627 1021 848 1052 constitutione
870 1022 965 1052 habet

195 1074 442 1114 inseparabiliter
464 1074 689 1103 continentiam
718 1083 876 1104 annexam
903 1086 909 1105 2
935 1077 965 1105 ct

195 1128 264 1158 ideo
277 1127 330 1167 qui
344 1128 432 1157 illum
445 1127 584 1166 suscipit,
599 1129 769 1166 spontanee
783 1137 815 1158 se
825 1128 962 1166 obligat;

194 1181 237 1211 ita
262 1181 346 1220 quod
370 1181 422 1210 illa
445 1180 596 1219 obligatio
621 1181 759 1219 procedit
784 1190 823 1210 ex
847 1182 964 1211 statuto

194 1235 322 1274 pariter,
339 1236 369 1264 et
384 1243 423 1264 ex
440 1236 511 1263 voto
529 1244 535 1263 :
553 1236 581 1263 et
598 1233 642 1263 sio
657 1236 741 1273 patet
760 1233 844 1273 quod
863 1234 965 1273 impe—

193 1288 252 1326 dit,
268 1290 299 1318 et
313 1287 448 1326 qualiter
462 1286 604 1325 impedit.

234 1344 262 1371 ¹1.
280 1341 328 1371 Ad
343 1340 419 1370 illud
433 1349 512 1378 ergo
527 1339 609 1379 quod
624 1340 786 1379 objicitur,
802 1342 885 1379 quod
900 1342 965 1371 vir-

194 1397 247 1424 tus
269 1403 343 1424 cnm
368 1394 485 1424 virtute
509 1402 573 1423 non
595 1393 690 1423 habet
714 1394 962 1433 oppositionem,

193 1448 360 1479 dicendum
378 1447 461 1486 quod
480 1455 591 1476 verum
615 1449 662 1477 est
680 1449 836 1486 quantum
852 1448 890 1477 ad
906 1448 964 1478 ha-

193 1501 296 1531 bitum
314 1511 320 1531 :
338 1500 391 1530 sed
406 1502 512 1529 tamen
530 1501 628 1529 status
643 1499 812 1538 aliquando
827 1503 901 1530 sunt
916 1501 964 1530 in-

193 1553 448 1593 compossibiles,
466 1555 501 1582 nt
516 1552 707 1591 conjugalis,
729 1554 759 1582 et
774 1552 939 1591 virginalis
956 1562 964 1582 ε

193 1610 224 1638 et
238 1607 388 1646 quoniam
403 1608 600 1635 sacramenta
615 1605 740 1635 diversa
750 1608 849 1636 status
859 1606 964 1636 diver-

193 1670 243 1691 sos
259 1659 445 1700 respiciunt,
470 1661 504 1688 ut
525 1658 602 1688 ordo
625 1660 741 1688 statum
764 1659 965 1691 continentiae

195 1712 376 1751 virginalis,
391 1711 442 1742 vel
457 1711 609 1748 vidualis;
631 1711 885 1749 matrimonium,
902 1714 966 1743 sta-

195 1768 262 1796 tum
279 1765 480 1796 continentiae
495 1765 676 1804 conjugalis
692 1775 698 1795 2
715 1765 790 1795 hinc
803 1768 864 1803 est,
882 1767 963 1805 quod

194 1818 338 1858 impedit,
362 1818 442 1848 sicut
462 1820 562 1848 status
590 1818 767 1855 saecularis,
792 1820 823 1848 et
839 1819 965 1858 religio-

194 1882 263 1910 sus,
281 1881 337 1902 suo
353 1871 447 1902 modo
462 1874 676 1911 opponuntur.

234 1928 263 1955 2.
281 1925 328 1955 Ad
341 1924 416 1954 illud
432 1924 516 1963 quod
531 1924 686 1963 objicitur,
707 1926 790 1964 quod
808 1926 966 1956 matrimo-

195 1978 285 2008 nium
301 1986 366 2007 non
380 1976 509 2016 impedit
524 1977 682 2014 ordinem,
699 1978 866 2008 dicendum
882 1979 966 2018 quod

195 2040 308 2062 verum
322 2033 383 2066 est,
399 2030 425 2060 si
440 2038 521 2060 uxor
536 2030 595 2060 fuit
610 2030 719 2069 virgo,
737 2033 767 2061 et
782 2032 850 2061 vult
865 2032 966 2062 conti-

195 2094 286 2121 nere3
303 2084 355 2114 sed
372 2087 477 2114 tamen
490 2093 553 2114 non
568 2086 614 2114 est
629 2084 741 2121 simile,
756 2085 831 2124 quia
846 2095 967 2124 proces-

195 2147 248 2168 sus
262 2137 295 2167 in
310 2137 481 2167 virtutibus
500 2139 547 2167 est
561 2146 579 2167 a
594 2139 675 2167 statu
692 2138 913 2177 imperfectiori
928 2140 967 2170 ad

196 2191 425 2231 perfectiorem,
445 2190 498 2220 sed
513 2200 577 2220 non
592 2190 682 2221 dehet
696 2200 762 2221 esse
778 2191 896 2222 reditus
913 2203 919 2222 z
937 2195 967 2222 et

195 2244 346 2284 quoniam
362 2243 603 2274 matrimonium
620 2244 750 2274 collocat
765 2244 797 2274 in
812 2247 893 2275 statu
911 2245 968 2275 im-

198 2297 407 2337 perfectionis,
429 2296 505 2327 ordo
522 2306 597 2327 vero
613 2297 645 2326 in
659 2299 740 2327 statu
756 2298 965 2336 perfectioniS,

196 2351 280 2387 ideo,
306 2352 363 2380 etc.
386 2360 392 2380 :
417 2349 496 2380 sicut
518 2349 556 2379 de
579 2349 696 2380 saeeulo
716 2350 754 2380 ad
779 2351 967 2390 religionem

196 2404 267 2434 licet
289 2403 472 2440 ascendere,
498 2412 561 2433 non
583 2403 781 2434 descendere.

236 2459 265 2487 3.
289 2456 337 2487 Ad
358 2456 435 2487 illud
460 2465 539 2495 ergo
563 2456 647 2495 quod
670 2457 818 2496 objicitur
838 2458 966 2495 ultimo⁷

193 2511 262 2548 ,jam
277 2511 361 2549 patet
374 2509 548 2549 responsio,
564 2509 639 2548 quia
654 2511 809 2540 statutum
824 2510 967 2541 Ecclesiae

197 2561 410 2592 abundantius
433 2564 529 2592 arctat
552 2562 694 2599 Latinos,
713 2572 809 2602 quarn
825 2563 967 2601 Graecos,

197 2615 269 2645 lieet
290 2614 358 2645 illos
379 2615 484 2654 aliquo
503 2615 596 2646 modo
612 2617 710 2646 arctet
726 2627 732 2646 :
749 2619 780 2646 et
801 2617 878 2653 hoc,
895 2617 969 2657 quia

232 2676 240 2693 ¹
259 2677 298 2708 Cf.
323 2677 348 2701 S.
368 2677 468 2707 Thom.,
489 2677 514 2701 iu
535 2677 621 2708 Suppl.
643 2685 667 2708 p.
689 2678 738 2709 111,
754 2686 778 2709 q.
799 2685 858 2709 1111,
873 2681 920 2703 art.
937 2681 969 2708 45

1730 204 1786 233 363

1016 273 1118 304 Latini
1149 273 1315 302 voluerunt
1342 282 1375 303 se
1407 272 1560 311 subjicere
1590 273 1620 301 et
1648 270 1783 310 plicare,

1017 325 1113 355 Graeci
1130 324 1251 354 veroin
1261 333 1317 353 sua
1332 324 1466 353 ruditate
1478 331 1658 358 remanere,
1674 324 1704 351 et
1716 321 1785 351 ideo

1017 387 1118 417 usque
1140 377 1232 407 hodie
1257 377 1288 406 in
1313 377 1379 406 suis
1402 377 1528 406 t'aecibus
1552 375 1784 406 remanserunt.

1019 430 1105 461 Patet
1128 430 1222 460 ctiam
1245 429 1329 469 quod
1354 438 1418 459 non
1445 429 1548 460 solum
1575 428 1696 458 ratione
1721 426 1787 456 voti

1018 484 1167 523 impedit,
1197 483 1252 513 sed
1276 482 1371 513 etiam
1398 483 1518 513 ratione
1545 481 1651 512 statuti
1689 480 1788 511 eccle-

1018 537 1142 568 siastici.

1286 636 1463 675 QUAEsrio
1487 637 1539 667 111.

1066 727 1110 753 An
1124 726 1245 752 Ecclesia
1260 725 1377 752 debuerit
1392 726 1545 757 instituere,
1560 726 1587 751 1ιί
1597 732 1670 751 sacer
1684 724 1748 750 ordo

1210 770 1349 805 impediret
1364 770 1570 796 matrimonium
1587 769 1602 794 ¹.

1060 858 1171 889 Utrum
1187 858 1323 888 Ecclesia
1337 857 1482 887 debuerit
1497 857 1555 886 1100
1570 856 1744 892 instituere,
1761 857 1791 884 et
1808 870 1840 890 Ad
1859 875 1910 896 opp,

1021 921 1075 951 per
1097 912 1164 942 tale*
1178 913 1332 941 statutum
1356 911 1485 941 clericos
1504 910 1542 939 ad
1565 908 1791 939 continentiam

1020 965 1178 1003 obligare;
1194 967 1224 994 et
1237 964 1320 1004 quod
1334 973 1408 999 non,
1426 963 1550 993 videtur
1565 973 1571 992 :
1587 962 1701 1001 primo,
1718 962 1792 1001 quia

1020 1018 1259 1048 matrimonium
1272 1017 1360 1047 estin
1376 1015 1553 1046 remedium
1568 1015 1792 1054 concupiscen-

1021 1072 1071 1102 tiae
1090 1083 1096 1102 :
1113 1072 1166 1102 sed
1188 1072 1238 1102 hic
1259 1072 1388 1101 morbus
1409 1071 1547 1101 maxime
1570 1070 1658 1109 viget
1682 1070 1715 1099 in
1731 1069 1792 1099 cle-

1021 1125 1109 1162 ricis,
1133 1127 1167 1155 nt
1188 1127 1269 1164 patet
1293 1134 1299 1154 :
1320 1133 1401 1163 ergo
1425 1133 1489 1154 non
1511 1123 1620 1153 debuit
1641 1122 1792 1161 denegari

1020 1178 1208 1208 remedium.

1060 1234 1089 1261 2.
1107 1231 1184 1261 Item
1203 1230 1426 1261 difficillimum
1442 1232 1488 1260 est
1506 1230 1682 1269 ι111νο011105
1697 1229 1793 1259 absti-

1020 1294 1095 1315 nere
1110 1294 1128 1314 a
1144 1284 1345 1321 mulieribus,
1361 1286 1391 1313 et
1408 1283 1475 1313 ideo
1490 1282 1682 1313 continentia
1698 1282 1731 1311 in
1750 1282 1794 1312 eis

1021 1346 1078 1377 pro
1093 1337 1246 1376 martyrio
1263 1339 1464 1376 computatur
1479 1346 1497 1366 a
1512 1336 1706 1374 Hieronymo
1720 1344 1727 1365 ε
1742 1334 1796 1365 sed

1021 1392 1072 1421 lex
1084 1400 1167 1421 nova
1178 1391 1269 1421 debet
1280 1399 1346 1420 esse
1357 1390 1410 1420 lex
1421 1389 1558 1420 levitatis
1570 1391 1600 1419 et
1610 1388 1792 1419 suavitatis:

1022 1454 1112 1483 ergo,
1131 1446 1188 1474 etc.

1063 1499 1091 1527 3.
1110 1498 1187 1527 Item
1202 1497 1241 1527 ad
1258 1506 1310 1532 ea,
1333 1506 1405 1536 quae
1426 1495 1624 1536 perfectionis
1639 1498 1728 1534 sunt,
1746 1496 1796 1526 de-

1021 1551 1133 1581 hemus
1154 1560 1208 1589 per
1229 1550 1395 1581 consilium
1418 1550 1541 1587 induci,
1566 1560 1628 1580 non
1650 1550 1796 1580 mandato

1021 1604 1155 1643 obligari
1170 1615 1176 1634 :
1189 1604 1215 1633 si
1229 1613 1309 1642 ergo
1322 1604 1478 1634 abstinere
1496 1604 1535 1633 ab
1548 1603 1634 1633 omni
1649 1603 1793 1639 muliere,

1022 1657 1220 1696 perfectionis
1235 1659 1291 1694 est,
1307 1666 1370 1687 non
1385 1656 1508 1687 videtur
1522 1656 1604 1696 quod
1622 1655 1659 1685 ad
1673 1655 1732 1686 1100
1743 1655 1795 1685 de-

1023 1711 1149 1741 buerint
1164 1710 1269 1740 clerici
1286 1719 1341 1750 per
1356 1712 1549 1749 praeceptum
1564 1709 1710 1748 obligari.

1063 1766 1092 1794 4.
1115 1764 1194 1794 Item
1216 1773 1278 1794 non
1300 1766 1347 1793 est
1368 1763 1496 1803 majoris
1511 1761 1708 1802 perfectionis
1729 1770 1796 1791 mo-

1023 1818 1120 1847 derna
1142 1817 1294 1854 Ecclesia,
1321 1825 1418 1856 quam
1442 1815 1627 1855 primitiva:
1648 1814 1702 1845 sed
1725 1816 1797 1844 tunc

1024 1879 1087 1900 non
1110 1870 1167 1900 fuit
1189 1870 1305 1900 indicta
1328 1870 1447 1900 clericis
1471 1868 1661 1900 continentia
1689 1879 1694 1898 :
1720 1876 1798 1906 ergo

1024 1932 1080 1953 nec
1095 1923 1188 1953 modo
1206 1923 1314 1953 debuit
1329 1923 1437 1953 indici.

1064 1980 1093 2007 ὃ.
1114 1977 1190 2007 Item
1212 1976 1316 2006 cultus
1338 1976 1390 2006 Dei
1407 1974 1606 2014 ampliandus
1624 1976 1670 2004 est
1687 1985 1693 2004 :
1711 1974 1764 2004 sed
1781 1983 1799 2003 a

1024 2030 1119 2060 nullis
1133 2029 1362 2069 competentius
1373 2028 1554 2067 ampliatur,
1568 2036 1665 2067 quam
1676 2027 1715 2057 ab
1727 2026 1800 2066 ipsis

1024 2083 1145 2113 clericis
1167 2082 1339 2113 cultoribus
1357 2083 1410 2113 Dei
1427 2093 1432 2112 :
1452 2082 1477 2111 si
1493 2090 1570 2120 ergo
1583 2081 1686 2111 clerici
1703 2081 1735 2110 in
1749 2089 1799 2110 sa-

1024 2138 1084 2168 cris
1107 2137 1271 2167 ordinibus
1295 2136 1456 2167 constituti
1477 2138 1551 2166 sunt
1575 2135 1710 2165 cultores
1731 2134 1798 2172 Dei,

1025 2200 1096 2220 cum
1114 2190 1277 2230 ampliatio
1294 2190 1399 2220 cultus
1419 2189 1518 2219 divini
1534 2197 1597 2218 non
1618 2190 1740 2218 tantum
1760 2188 1801 2217 sit

1026 2253 1081 2283 per
1090 2243 1330 2282 generationem
1340 2242 1437 2282 prolis
1445 2242 1628 2282 spiritualis,
1639 2241 1691 2271 sed
1703 2241 1798 2271 etiam

1025 2296 1174 2333 carnalis,
1199 2296 1273 2335 quia
1292 2296 1358 2326 nati
1376 2296 1413 2325 de
1433 2295 1616 2326 Christianis
1634 2294 1799 2325 Christiani

1026 2353 1114 2387 sunt,
1138 2359 1215 2389 ergo
1239 2350 1364 2380 videtur
1386 2350 1468 2389 quod
1486 2350 1530 2380 eis
1549 2351 1704 2388 competat
1720 2348 1800 2378 tilios

1027 2413 1181 2443 generare
1200 2414 1205 2434 :
1222 2412 1301 2442 ergo
1318 2412 1382 2433 non
1396 2403 1512 2433 debent
1530 2402 1644 2433 arctari
1666 2402 1703 2432 ad
1720 2411 1798 2432 eon-

1027 2457 1201 2487 tinentiam.

1066 2514 1096 2540 (3.
1109 2510 1186 2540 Item
1199 2509 1403 2549 praelatorum
1413 2511 1512 2540 status
1526 2509 1641 2540 dicitur
1653 2517 1720 2539 esse
1733 2517 1800 2547 per-

1027 2563 1229 2601 fectissimus,
1253 2563 1328 2602 quia
1353 2563 1447 2593 simul
1464 2564 1574 2601 'juncta
1595 2564 1640 2592 cst
1659 2563 1798 2591 contem-

1028 2643 1115 2674 steph.
1138 2643 1239 2672 Brulet.,
1264 2643 1293 2666 lV
1315 2643 1393 2672 sent„
1414 2642 1470 2666 dist.
1487 2648 1589 2671 xxxvn,
1605 2648 1628 2671 q.
1646 2646 1695 2670 1113
1713 2641 1799 2664 Petrus

1028 2679 1057 2703 de
1074 2680 1186 2709 anant.‚
1203 2680 1232 2703 lv
1250 2678 1330 2707 Seni„
1344 2678 1402 2702 dist.
1418 2684 1517 2707 xxxvu,
1533 2684 1557 2707 q.
1576 2682 1617 2700 111.
