1991 3006
108 1973 142 1994 Ad
161 1980 211 1999 opp.

233 188 272 219 90
789 194 1098 228 SENTENTIARUM
1121 198 1195 229 LIB.
1222 199 1270 230 IV.

231 255 284 284 tur
305 264 360 294 per
381 265 506 287 aurum.
536 257 695 294 Quantum
719 270 793 291 vero
816 262 855 291 ad
879 268 998 301 partem

230 307 424 345 inferiorem,
443 310 609 341 ordinatur
632 312 818 352 dupliciter:
837 317 891 345 aut
910 318 1002 354 prout

230 359 342 400 dirigit
363 362 560 394 voluntatem
584 365 614 395 in
638 375 670 396 se
682 390 690 403 ,
707 369 736 397 et
756 367 799 397 sie
817 370 861 398 est
878 368 1002 400 dilectio

231 414 458 452 proxim1311ut
486 420 579 456 prout
611 419 804 450 voluntatem
836 421 944 459 dirigit
969 422 1001 452 in

230 476 341 506 opere,
362 471 392 498 et
412 469 457 499 sie
476 472 523 500 est
544 471 627 502 bona
648 474 796 511 operatio.
819 473 856 504 Et
879 474 1002 505 dileetio

230 521 367 558 proximi
381 526 583 562 comparatur
597 525 636 555 ab
653 526 768 556 bonam
786 528 1001 566 opi-rationem

229 573 310 603 sicut
326 578 497 613 argentum
511 577 550 607 ad
565 578 684 617 Iapides
701 581 869 618 pretiosos,
887 590 943 620 pro
965 591 1002 612 eo

229 627 311 666 quod
327 628 407 659 sient
421 633 593 669 argentum
612 632 823 663 subst‹·1·nitur
844 634 1002 673 lapidibus

229 680 383 719 pretiosis,
395 684 426 712 et
441 693 497 723 per
512 684 582 713 illos
595 687 738 723 ornatur,
753 686 796 715 sie
809 687 931 718 dilectio
947 698 1003 727 per

229 733 330 764 bonos
343 736 483 766 effectus.
504 736 539 767 Et
556 740 631 767 nota
651 739 733 778 quod
758 739 790 769 in
808 742 1001 780 contempla--

229 786 314 818 tione
329 788 382 818 Dei
398 789 554 820 clauditur
569 790 692 822 dileetio
705 803 711 821 :
733 795 761 823 et
777 793 820 823 sic
837 796 921 833 patet
936 804 1000 825 res-

229 840 340 879 ponsio
354 842 393 872 ad
408 842 540 882 objecta.

438 963 732 998 ARTICULUS
768 967 791 998 I.

269 1055 315 1085 Ad
333 1056 576 1096 intelligentiam
596 1059 695 1098 liujtis
711 1061 810 1099 passiis
828 1061 936 1092 incidit
952 1062 1003 1092 hie

229 1109 364 1148 quaestio
375 1110 412 1140 de
422 1112 613 1150 purgatione
628 1116 830 1151 peecatorum
843 1117 909 1155 pos?
921 1115 1004 1146 hane

229 1161 345 1201 vitam3
363 1164 402 1194 ad
417 1165 501 1204 quod
514 1166 758 1205 intelligendum
773 1167 835 1197 tria
849 1177 1003 1208 quaerun-

228 1217 280 1245 tur
298 1226 304 1245 :
324 1216 426 1255 primo
441 1218 598 1257 quaeritur
608 1219 646 1249 de
659 1221 851 1259 purgatione
862 1224 1003 1261 peecato-

227 1277 301 1299 rum
318 1272 390 1301 ante
402 1272 628 1311 purgatorium
638 1283 645 1310 3
665 1274 804 1303 secundo
819 1274 858 1304 de
880 1284 1003 1314 purga-

228 1322 314 1353 tione
326 1326 634 1363 perpurgatoriun13
648 1327 751 1363 tertio,
766 1327 804 1357 de
820 1327 1004 1358 liberatione

227 1385 245 1405 a
260 1377 464 1415 purgatorio.
484 1378 645 1415 Quantum
659 1379 696 1409 ad
713 1380 865 1419 primum,
883 1376 955 1411 eum
972 1382 1003 1411 in

227 1429 481 1468 praecedentibus
491 1432 530 1462 sit
541 1433 711 1471 quaesitum
728 1434 764 1463 de
776 1435 1004 1473 justificatione

227 1491 246 1512 a
262 1483 460 1522 mortaIIbus,
478 1485 632 1524 quaeritur
645 1485 696 1516 hic
718 1486 756 1516 de
778 1487 932 1518 deletione
946 1497 1000 1519 ve-

229 1536 378 1573 nialium;
395 1537 477 1567 eirea
489 1539 574 1578 quod
588 1539 650 1569 duo
667 1543 859 1578 quaeruutur
876 1552 882 1571 2
899 1542 1004 1581 prImo

228 1589 386 1628 quaeritur
398 1593 506 1620 utrum
530 1592 665 1622 venialia
680 1593 799 1632 possint
819 1593 914 1624 deleri
935 1595 1003 1625 sine

227 1641 347 1680 gratia;
365 1643 514 1681 secundo,
531 1647 639 1675 utrum
654 1647 772 1685 possint
788 1647 884 1677 deleri
900 1657 918 1677 a
930 1656 1003 1686 gra-

228 1694 272 1725 tia
282 1696 350 1725 sine
365 1697 559 1736 poenitentia.

488 1803 692 1840 QUAESTIO
726 1805 749 1835 I.

256 1885 295 1910 .tn
307 1886 419 1919 peccata
434 1885 555 1911 venialia
567 1886 673 1920 possint
687 1884 772 1912 deleri
785 1887 842 1912 sine
858 1887 950 1919 qratia
968 1888 983 1912 ¹.

268 1964 354 2001 Quod
377 1965 512 1996 venialia
533 1966 652 2006 possint
676 1966 771 1996 deleri
792 1967 860 1997 sine
885 1968 999 2007 gratia,

231 2017 368 2054 videtur3
387 2019 461 2057 quia
474 2019 576 2048 omnis
596 2019 689 2058 eulpa
712 2020 843 2049 remissa
862 2022 908 2049 est
932 2029 1000 2050 om-

227 2070 314 2108 mno,
331 2080 405 2101 eum
421 2073 467 2101 est
483 2072 594 2111 punita
610 2074 766 2111 quantum
788 2072 854 2112 ipsu.
870 2072 973 2112 exigit
992 2085 997 2103 ;

227 2124 279 2154 sed
298 2124 430 2154 venialis
444 2125 537 2164 culpa
554 2126 601 2155 est
617 2125 714 2163 dIgna
730 2125 795 2155 sola
812 2135 903 2164 poena
921 2128 1000 2156 tem-

228 2177 328 2217 porali
356 2189 361 2208 t
387 2187 466 2217 ergo
489 2188 563 2209 oum
585 2187 679 2209 omne
708 2179 881 2218 temporale
906 2180 1002 2209 finem

231 2231 357 2269 habeat,
372 2232 519 2272 possibile
534 2234 580 2262 est
594 2232 732 2272 aliquem
748 2232 935 2263 existentem
952 2242 1005 2263 ex-

228 2286 277 2314 tra
300 2285 436 2322 gratiam
461 2285 653 2315 sufficienter
674 2294 730 2324 pro
751 2285 805 2315 illa
826 2285 920 2324 culpa
943 2295 1001 2325 pu-

228 2337 289 2366 niri
308 2346 314 2367 :
332 2346 410 2376 ergo
427 2339 574 2378 possibile
597 2341 643 2369 est
664 2339 730 2369 sine
747 2339 851 2377 gratia
874 2340 1000 2370 remitti.

229 2389 335 2420 Prima
350 2392 520 2430 propositio
536 2392 702 2422 manifesta
717 2394 780 2430 est,
795 2393 871 2432 quia
892 2392 1001 2423 nullus

228 2442 273 2473 ita
287 2452 417 2474 severus
433 2447 479 2474 est
496 2445 528 2474 in
546 2445 681 2484 justitia,
697 2445 781 2484 quod
797 2446 907 2485 puniat
923 2446 1005 2476 ultra

229 2505 325 2536 quam
350 2497 466 2527 meruit
489 2497 540 2527 ille
563 2498 617 2537 qui
639 2498 779 2537 peccavit
802 2509 808 2528 z
834 2507 913 2537 ergo
927 2507 1005 2529 cum

262 2558 321 2588 'Cf-
338 2558 408 2582 Alex.
429 2558 524 2588 Alens„
541 2566 565 2589 p.
583 2559 624 2588 IV,
641 2567 666 2590 q.
690 2565 734 2588 xv,
749 2560 857 2583 membr.
875 2562 902 2590 3,
920 2563 967 2584 art.
983 2562 1006 2590 t,

229 2593 285 2624 §13
302 2595 328 2617 S.
344 2593 445 2622 Thom.,
462 2601 486 2624 p.
505 2595 546 2624 ΙΙΙ,
562 2602 586 2625 ᾳ,
606 2600 722 2624 mxxvii,
738 2596 786 2618 art.
800 2596 828 2625 25
845 2597 869 2618 et
883 2595 913 2619 iv
927 2596 1006 2624 Sem,

229 2629 286 2652 dist.
306 2635 361 2658 xxi,
381 2636 405 2660 q.
427 2635 457 2660 11,
476 2631 524 2653 art.
548 2632 576 2659 ¹3
596 2629 661 2653 etde
684 2630 760 2659 Malo,
781 2637 805 2661 q.
827 2637 872 2660 vii,
893 2632 939 2654 art.
963 2634 1004 2660 113

229 2664 359 2695 Richard,
380 2666 411 2689 IV
431 2666 509 2696 Seni„
532 2666 589 2689 dist.
611 2672 674 2696 xx1,
702 2667 747 2690 ait.
771 2669 799 2696 3,
822 2674 845 2696 q.
869 2672 894 2697 ις
918 2667 1005 2698 Stuph.

1057 264 1250 297 sufficienter
1259 268 1348 306 punii
1359 270 1412 307 (α),
1422 269 1558 309 amplius
1570 279 1632 301 non
1650 273 1757 310 punit:
1771 274 1825 305 sed

1057 326 1121 348 non
1137 321 1237 357 potest
1251 328 1316 350 esse
1331 320 1423 360 eulpa
1440 322 1507 352 sine
1527 332 1620 362 poena
1641 335 1646 354 :
1663 334 1739 363 ergo
1756 335 1825 357 ces-

1057 373 1145 401 sante
1162 380 1253 410 poena
1264 375 1362 402 cessat
1376 374 1479 413 culpa.

1097 425 1126 453 ⁶2.
1155 423 1232 454 Item
1250 425 1380 456 venialis
1395 427 1486 467 culpa
1502 437 1567 459 non
1584 429 1657 459 (licit
1676 429 1827 460 deformi-

1058 478 1154 506 tatem
1180 477 1345 516 imaginis,
1369 479 1421 509 sed
1446 480 1551 511 solum
1574 481 1763 520 pronitatem
1789 482 1828 513 ad

1058 529 1178 560 bonum
1209 532 1434 563 commutabile
1454 543 1461 563 :
1483 534 1537 565 sed
1562 535 1702 574 pronitas
1730 537 1830 574 potest

1059 585 1126 615 sine
1140 586 1244 623 gratia
1257 586 1393 624 aboleri·‚
1408 587 1565 626 quoniam
1580 589 1636 628 qui
1648 591 1695 619 est
1709 598 1830 629 pronus

1057 638 1094 668 ad
1110 639 1274 669 avaritiam
1289 664 1297 678 ,
1314 640 1382 670 sine
1397 641 1499 679 gratia
1517 644 1617 680 potest
1639 642 1707 672 fieri
1724 642 1828 682 prodi-

1059 700 1131 730 gus,
1149 694 1179 721 et
1195 702 1313 732 pronus
1325 694 1364 724 ad
1381 694 1638 733 prodigalitatem
1650 706 1656 726 :
1669 704 1759 734 ergo,
1769 697 1827 726 etc.

1099 747 1127 775 3.
1147 745 1224 775 Item
1238 746 1270 776 in
1283 747 1401 777 morbis
1418 748 1524 787 parvis
1538 750 1653 778 natura
1667 757 1733 779 non
1747 748 1831 778 indi-

1060 802 1115 836 get
1141 799 1313 836 medleina,
1335 799 1387 830 sed
1417 800 1519 830 solum
1545 801 1673 840 quando
1701 801 1832 831 morbus

1059 851 1283 889 magnificatus
1298 854 1345 881 est
1362 862 1368 882 :
1386 852 1438 882 sed
1457 853 1593 883 venialia
1612 862 1678 883 non
1692 856 1831 893 proster-

1059 902 1139 929 nunt
1153 902 1312 937 naturam,
1325 901 1564 941 imossdimittunt
1579 911 1650 932 eam
1665 903 1699 932 in
1716 911 1773 933 suo
1783 903 1834 933 vi—

1060 961 1139 991 gore
1154 964 1160 982 :
1178 962 1269 991 ergo,
1290 956 1406 993 praeter
1429 955 1619 986 medicinam
1639 956 1764 994 gratiae,
1777 964 1834 996 po-

1060 1008 1118 1035 test
1134 1015 1190 1045 per
1204 1009 1352 1037 naturam
1368 1008 1493 1039 veniale
1506 1009 1621 1039 curari.

1099 1061 1128 1089 4.
1151 1059 1229 1090 Item
1250 1063 1370 1099 quanto
1399 1062 1503 1091 morbi
1535 1062 1690 1092 minorem
1718 1062 1836 1093 habeut

1060 1113 1291 1143 connexionem
1309 1116 1339 1143 et
1363 1114 1606 1145 similitudinem
1618 1139 1628 1152 ,
1658 1116 1746 1145 tanto
1763 1124 1834 1154 spe-

1059 1165 1169 1196 eiaIIus
1183 1169 1282 1206 potest
1297 1176 1382 1197 unus
1402 1168 1469 1198 sine
1486 1168 1547 1198 alio
1567 1168 1689 1198 curari:
1707 1168 1761 1199 sed
1786 1177 1838 1199 ve-

1060 1219 1141 1249 niale
1169 1221 1323 1259 maiorem
1351 1221 1608 1251 convenientiam
1640 1221 1733 1252 habet
1762 1230 1836 1252 cum

1061 1272 1167 1311 aliquo
1182 1273 1308 1311 veniali,
1320 1283 1415 1313 quam
1427 1283 1500 1304 eum
1513 1274 1638 1304 mortali
1649 1285 1656 1312 3
1669 1274 1723 1305 sed
1735 1283 1837 1305 unum

1060 1325 1182 1355 vemale
1194 1327 1293 1365 potest
1316 1325 1426 1362 deleri,
1441 1325 1502 1356 alio
1518 1329 1702 1357 remanente
1725 1338 1732 1357 ι
1759 1335 1839 1366 ergo

1060 1378 1161 1408 multo
1182 1378 1294 1408 fortius
1315 1380 1414 1417 potest
1441 1378 1539 1409 deleri
1569 1379 1710 1417 veniale,
1732 1388 1837 1410 rema-

1060 1433 1155 1462 nente
1170 1431 1297 1461 mortali
1308 1455 1317 1469 ,
1334 1440 1426 1470 ergo,
1443 1434 1502 1461 etc.

1101 1486 1130 1515 5.
1151 1484 1244 1522 Item,
1258 1485 1283 1514 si
1297 1484 1421 1515 veniale
1440 1494 1505 1515 non
1527 1487 1627 1524 potest
1650 1485 1748 1516 deleri
1768 1487 1837 1517 sine

1060 1538 1174 1576 gratia,
1190 1540 1256 1567 esto
1270 1538 1355 1576 quod
1371 1537 1488 1577 aliquis
1507 1538 1539 1568 in
1555 1538 1622 1568 solo
1638 1539 1753 1569 veniali
1768 1548 1836 1570 mo-

1060 1590 1174 1628 riatur,
1192 1590 1268 1620 illud
1284 1599 1451 1630 uunquam
1470 1590 1638 1628 delebitur,
1652 1591 1718 1629 sed,
1734 1601 1836 1631 quan-

1059 1643 1115 1674 diu
1136 1644 1278 1681 durabit,
1303 1644 1452 1683 punietur
1470 1654 1476 1674 :
1495 1653 1573 1683 ergo
1591 1644 1783 1675 aeternaliter
1797 1654 1838 1675 ex

1059 1697 1161 1737 selpso
1176 1697 1326 1736 punietur
1342 1708 1348 1727 :
1367 1707 1446 1736 ergo
1462 1707 1527 1727 non
1542 1697 1647 1728 differt
1660 1707 1679 1728 a
1694 1698 1831 1729 mortali.

1099 1754 1212 1783 Contra
1229 1764 1236 1784 ι
1253 1753 1455 1792 Augustinus
1466 1755 1476 1771 ²
1497 1764 1503 1784 ε
1523 1764 1537 1782 (ι
1553 1752 1615 1784 Nec
1627 1762 1759 1792 magna,
1774 1762 1833 1784 nee
1850 1769 1955 1792 pundm,

1059 1817 1159 1848 parva
1176 1810 1307 1848 possunt
1327 1808 1418 1838 nobis
1435 1808 1580 1846 dimittit,
1597 1809 1656 1839 nisi
1674 1817 1732 1838 nos
1747 1808 1837 1838 dimi-

1061 1862 1199 1892 serimus
1219 1862 1413 1893 debitoribus
1433 1862 1568 1892 nostris:
1586 1872 1600 1889 n
1623 1862 1684 1892 hoo
1703 1871 1768 1892 non
1789 1865 1837 1892 est

1061 1915 1102 1945 ob
1115 1915 1199 1945 aliud
1210 1939 1218 1953 ,
1233 1915 1293 1946 nisi
1309 1915 1385 1955 quia
1402 1915 1479 1945 dum
1494 1915 1592 1945 homo
1607 1924 1672 1945 non
1694 1915 1835 1952 dimittit,

1059 1970 1105 1997 est
1118 1977 1243 2007 semper
1258 1968 1291 1997 in
1309 1970 1434 2007 peccato
1452 1979 1458 1997 ε
1482 1977 1562 2007 ergo
1577 1967 1701 1998 nullum
1724 1977 1836 2007 pecca-

1059 2022 1128 2050 tum
1144 2022 1243 2058 potest
1265 2020 1386 2049 homini
1407 2019 1543 2057 dimitti,
1569 2020 1715 2058 quandiu
1736 2022 1782 2050 est
1804 2019 1836 2049 in

1060 2075 1184 2112 peceato
1200 2072 1344 2102 mortali:
1364 2081 1442 2110 ergo
1461 2073 1486 2101 si
1512 2072 1578 2103 sola
1599 2072 1705 2111 gratia
1725 2081 1743 2102 a
1763 2081 1837 2111 pec-

1059 2129 1127 2156 cato
1138 2126 1261 2162 liberat,
1277 2126 1398 2156 veniale
1413 2130 1477 2156 non
1491 2125 1660 2155 dimittitur
1674 2125 1741 2156 sine
1757 2134 1834 2164 gra-

1060 2179 1116 2209 tia.

1102 2232 1190 2269 Item,
1209 2232 1233 2261 si
1248 2231 1368 2271 aliquid
1384 2231 1464 2262 delet·
1481 2230 1578 2268 aliud,
1595 2231 1690 2261 habet
1708 2231 1835 2271 opposi-

1061 2286 1179 2316 tionem
1191 2285 1228 2315 ad
1244 2285 1320 2315 illud
1337 2285 1444 2324 aliquo
1458 2285 1552 2315 modo
1566 2295 1572 2314 :
1589 2284 1641 2314 sed
1658 2293 1715 2314 nec
1730 2293 1834 2323 poena,

1061 2347 1118 2369 nec
1134 2340 1249 2368 natura
1262 2338 1356 2368 habet
1372 2337 1603 2377 oppositionem
1627 2336 1666 2367 ad
1682 2337 1808 2376 eulpam
1826 2349 1832 2367 :

1061 2400 1138 2430 ergo
1154 2400 1210 2420 nec
1227 2393 1354 2430 propter
1371 2400 1508 2430 poenam,
1527 2399 1584 2420 nec
1598 2391 1728 2429 propter
1740 2392 1833 2421 natu-

1061 2453 1130 2475 ram
1146 2443 1290 2474 delentur
1306 2443 1452 2481 venialia,
1469 2442 1529 2473 nisi
1543 2442 1625 2473 adsit
1641 2442 1758 2480 gratia.

1103 2497 1180 2527 Item
1196 2505 1271 2527 omn
1306 2498 1469 2536 peecatum
1492 2497 1594 2531 nocet,
1611 2497 1642 2526 et
1659 2494 1781 2534 adimit,
1799 2495 1837 2525 si-

1063 2594 1167 2622 Brules„
1184 2594 1215 2617 lv
1232 2594 1310 2622 Seni„
1326 2593 1384 2617 dist.
1401 2598 1462 2623 xm,
1480 2599 1505 2623 q.
1522 2597 1545 2621 ¹3
1567 2592 1655 2615 Petrus
1671 2591 1702 2616 de
1725 2592 1836 2622 Tarant..

1064 2630 1095 2654 IV
1112 2631 1191 2658 Sem„
1212 2629 1268 2652 dist.
1287 2634 1341 2658 x&3:1,
1360 2635 1384 2659 q.
1404 2634 1439 2652 rx.
1457 2640 1487 2645 —-
1506 2627 1514 2640 ²
1532 2627 1606 2658 Aug„
1626 2626 1658 2650 de
1679 2627 1757 2651 civit.
1775 2628 1836 2657 Dei,

1063 2666 1106 2690 tib.
1123 2666 1188 2697 XXI,
1203 2672 1225 2689 c.
1240 2670 1321 2694 xxxii,
1337 2664 1419 2696 quoad
1434 2669 1546 2687 sensum.
1562 2662 1636 2698 -(α)
1651 2662 1691 2687 ΔΙ.
1709 2662 1790 2694 punit.
