1991 3006
249 182 287 212 78
803 182 1112 214 SENTENTIARUM
1135 184 1209 215 LIB.
1234 185 1283 216 IV.

247 248 472 287 ecclesiasticae,
489 251 519 279 et
533 258 590 288 per
602 249 681 280 illud
693 249 796 280 adhuc
811 250 846 280 fit
860 250 1012 281 remissio.

247 300 284 331 Et
299 302 357 340 sic,
382 303 557 333 secundum
577 303 690 342 triplex
711 304 876 341 meritum,
903 305 1015 343 triplex

247 354 283 384 fit
293 364 395 394 poenae
406 355 603 393 condonatio,
616 358 650 386 ut
660 356 704 386 sic
714 356 752 395 (a)
765 359 871 386 currat
887 357 1011 386 miseri-

248 409 353 439 cordia
368 418 440 439 cum
452 410 591 448 ,justitIa3
612 412 643 440 et
661 410 694 440 in
708 410 846 450 qualibet
862 412 907 440 est
927 420 1012 441 com-

247 462 380 491 mutatio
390 462 521 501 maj0ris
534 462 685 493 inminus.
698 463 784 493 Unde
793 473 885 503 psena
896 466 1015 494 {eterna

247 514 349 553 primo
363 517 506 546 mutatur
520 515 552 545 in
565 516 772 555 temporalem
786 516 818 546 iu
830 517 1015 547 remissione

246 566 361 606 culpae;
378 568 526 606 secundo,
541 569 723 609 temporalis
734 578 862 607 magua,
877 572 907 599 ct
920 579 1016 608 supra

246 619 340 657 vires,
356 620 390 651 in
405 630 531 660 poenam
548 624 778 661 competentem
794 623 914 652 viribus
928 632 1013 653 com-

247 676 389 705 mutatur
419 675 450 705 in
483 676 652 707 sacerdotis
679 677 889 713 absoluti01103
924 677 1015 707 tertio

245 735 322 758 vero
343 731 558 759 commutatur
579 738 688 768 paena,
712 730 751 759 ad
773 738 869 769 qnam
890 732 1015 760 tenetur

242 780 362 819 Judicio
381 780 543 820 Ecclesiae,
565 783 667 813 adhuc.
688 783 720 813 in
740 783 895 813 minorem
911 784 944 813 in
962 793 1014 814 re—

244 832 403 864 laxatione
419 845 425 864 z
444 837 473 864 et
492 844 548 873 pro
563 835 623 865 alio
638 836 763 867 residuo
779 837 889 866 merita
907 836 1013 867 Eccle-

245 886 300 916 siae
314 887 521 925 satisfaciunt,
542 889 584 918 ita
598 888 682 928 quod
699 889 730 919 in
752 889 839 920 nullo
862 891 1012 929 praejudi*

244 941 332 970 catur
343 941 486 979 justitiae.

285 996 299 1023 1
318 996 348 1024 et
362 996 391 1024 2.
415 994 460 1024 Ad
481 994 557 1025 illud
577 995 659 1034 quod
675 996 835 1035 objicitur,
854 997 936 1036 quod
953 998 1012 1028 du-

244 1046 376 1086 plicatur
390 1057 483 1087 poena
493 1072 502 1086 ,
520 1051 550 1079 ct
565 1049 649 1088 quod
661 1049 755 1086 juxta
769 1058 950 1080 mensuram
965 1050 1014 1080 dc-

243 1100 308 1130 licti
323 1100 413 1130 debet
434 1111 501 1131 esse
516 1104 546 1131 et
562 1101 729 1140 plagarum
751 1102 864 1132 modus
877 1127 884 1140 ‚
905 1103 1011 1133 dicen-

243 1153 330 1191 dum,
349 1154 431 1184 sicut
444 1156 563 1184 tactum
579 1155 638 1185 suit
653 1164 750 1194 snpra
761 1156 781 1192 ¹,
798 1156 924 1195 quando
939 1165 1014 1194 age-

243 1206 337 1236 batur
348 1206 386 1236 (le
399 1206 553 1245 baptismo
564 1231 573 1244 ,
589 1208 674 1245 quod
690 1211 851 1247 peccatum
866 1212 1011 1239 nostrum

243 1259 318 1288 satis
332 1260 480 1298 punitum
495 1260 568 1297 suit,
586 1261 712 1299 quando
728 1260 868 1291 Christus
885 1271 1011 1301 pcenam

242 1321 300 1350 pro
315 1312 406 1342 nobis
420 1313 535 1350 subiit,
559 1316 588 1342 et
603 1322 695 1343 suam
711 1323 766 1353 pro
783 1315 871 1344 uobis
887 1324 1012 1354 poenam

242 1365 404 1404 exposuit,
427 1368 457 1395 et
473 1368 611 1396 nostram
632 1367 703 1396 fecit
719 1377 725 1396 :
750 1377 806 1397 nos
821 1369 1013 1399 sufficienter

237 1418 422 1456 judicamur
442 1419 566 1457 puniri,
587 1420 653 1449 sive
672 1423 828 1459 quantuni
847 1421 884 1450 ad
906 1421 1011 1461 dupli-

241 1479 309 1500 cent
325 1471 357 1500 in
374 1471 480 1500 anima
495 1474 525 1501 et
539 1472 572 1501 in
588 1482 698 1510 carne,
717 1473 784 1503 sive
801 1476 958 1512 quantum
973 1475 1012 1505 ad

242 1532 424 1553 mensuram
437 1524 615 1554 acerbitatis
629 1534 743 1564 pcenae.
759 1526 912 1556 Similiter
925 1527 1013 1557 intel—

241 1576 405 1615 ligendum
435 1577 467 1606 in
497 1578 656 1617 proposito
669 1602 676 1614 ,
706 1579 788 1618 quod
818 1580 1013 1619 poenalitates

243 1638 314 1668 quae
338 1633 412 1660 sunt
434 1631 466 1661 in
483 1631 635 1669 Ecclesia,
655 1634 686 1662 et
710 1642 781 1671 quae
805 1636 879 1663 sunt
898 1642 1011 1672 super-

241 1684 454 1722 erogationis,
476 1693 532 1722 pro
556 1694 593 1715 eo
605 1709 614 1722 ,
630 1685 680 1715 cui
696 1686 732 1715 fit
752 1686 904 1715 relaxatio
915 1711 924 1724 ,
941 1687 1013 1717 sub-

241 1737 393 1774 veniunt,
409 1739 444 1767 ut
458 1737 540 1767 Deus
555 1740 677 1777 reputet
694 1738 751 1768 sibi
768 1739 970 1769 satisfactum.

282 1792 310 1820 3.
337 1790 384 1819 Ad
404 1789 482 1820 illud
502 1790 586 1829 quod
601 1791 759 1830 objicitur,
784 1792 869 1830 quod
888 1794 1013 1823 tenetur

241 1842 281 1873 ad
304 1843 481 1873 faciendum
509 1843 623 1882 dignos
652 1844 772 1874 fructus
799 1845 1009 1884 poenitentiae,

241 1896 409 1926 dicendum
425 1896 507 1935 quod
524 1896 624 1927 tacere
639 1897 755 1935 dignos
774 1898 894 1928 fructus
909 1899 1012 1938 pceni-

242 1949 347 1979 tentiae
369 1950 414 1978 est
428 1948 605 1987 dupliciter,
626 1949 740 1979 scilicet
756 1959 830 1980 vere
841 1974 848 1988 ‚
871 1953 901 1980 et.
915 1951 1010 1981 inter-

242 2002 415 2041 pretative;
437 2004 468 2032 et
483 2002 535 2032 ille
549 2002 664 2032 dicitur
677 2003 791 2041 dignos
808 2004 930 2033 fructus
945 2013 1011 2043 poe-

241 2054 382 2085 nitentiae
405 2055 525 2092 facere⁷
557 2055 612 2094 qui
637 2063 702 2084 non
725 2054 827 2085 solum
850 2064 906 2094 per
929 2056 1010 2095 seip-

243 2116 314 2137 sum
327 2130 334 2143 ,
367 2107 421 2137 sed
447 2107 542 2137 etiam
574 2116 631 2146 per
656 2107 848 2146 suffragium
874 2108 1013 2139 alienum

244 2159 338 2190 habet
356 2160 514 2190 sufficiens
533 2160 670 2198 pretium
691 2160 730 2190 ad
750 2160 938 2192 solvendum
957 2162 1011 2192 de-

244 2212 356 2243 bitum.

284 2269 313 2296 4.
331 2265 379 2296 Ad
402 2266 480 2296 illud
496 2266 581 2305 quod
604 2266 763 2305 objicitur,
785 2267 869 2306 quod
884 2268 1013 2298 inferior

244 2328 307 2349 non
329 2319 461 2350 absolvit
481 2319 520 2349 ab
539 2328 576 2349 eo
594 2320 678 2358 quod
697 2320 777 2358 ligat
794 2321 949 2359 superior,
966 2321 1012 2351 di-

244 2371 379 2402 cendum
400 2371 483 2411 quod
504 2380 568 2402 non
588 2372 722 2403 absolvit
744 2373 875 2404 omnino
893 2374 1013 2404 condo-

245 2424 349 2455 nando
361 2448 369 2462 ,
393 2424 446 2454 sed
468 2433 524 2463 pro
539 2434 575 2454 eo
590 2425 740 2456 solvendo
754 2426 792 2456 de
806 2426 1012 2457 eeclesiastico

245 2478 404 2508 thesauro.
418 2477 475 2508 Vel
491 2480 592 2517 potest
611 2478 688 2515 dici,
709 2479 790 2518 quod
813 2479 942 2509 inferior
956 2488 1012 2519 po-

278 2580 283 2593 ¹
302 2579 365 2603 Dist.
388 2584 422 2607 iv,
443 2585 468 2608 p.
491 2577 510 2607 1,
529 2578 577 2601 art.
594 2578 617 2607 1,
640 2584 664 2608 q.
688 2583 694 2600 1
715 2579 740 2600 et
760 2582 788 2600 n.
806 2590 836 2594 -
858 2578 868 2592 ²
886 2577 925 2606 Cf.
942 2577 1011 2601 Alex.

247 2614 341 2644 Mens„
359 2621 385 2644 p.
410 2614 453 2644 lv,
477 2620 500 2643 q.
525 2618 606 2641 xxm,
628 2612 737 2636 membr.
760 2614 790 2642 33
812 2614 838 2636 S.
861 2612 962 2642 Thom.,
986 2613 1011 2636 in

247 2650 333 2681 Suppl.
353 2657 379 2680 p.
394 2648 436 2677 m,
456 2655 481 2679 q.
496 2654 568 2678 xxvr,
582 2649 628 2672 ast.
648 2650 675 2677 ις
691 2649 716 2671 et
735 2647 766 2672 lv
789 2647 873 2675 δοιώ,
890 2647 946 2671 dist.
961 2652 1012 2678 xx,

1072 252 1130 281 test
1145 251 1308 283 absolvere
1323 253 1362 283 ab
1377 261 1414 284 eo
1427 253 1466 284 ad
1482 253 1564 293 quod
1586 253 1666 293 ligat
1683 256 1838 296 super-ior,

1072 303 1098 333 si
1114 305 1152 334 ad
1167 305 1227 335 hoc
1241 306 1312 336 data
1325 308 1370 336 est
1385 306 1442 336 sibi
1459 306 1628 337 auctoritas
1642 316 1662 337 a
1673 309 1840 348 superiori,

1071 357 1152 387 sicut
1173 361 1275 397 patet:
1292 361 1322 389 et
1335 358 1407 389 talis
1419 359 1588 389 auctoritas
1602 369 1620 390 a
1635 360 1758 391 Christo
1769 361 1842 392 data

1071 414 1117 442 est
1132 412 1307 443 rectoribus
1323 412 1480 444 Ecclesiae.

1340 517 1519 555 QUAESTIO
1542 519 1594 550 ΙΙΙ.

1073 598 1117 624 Απ
1129 598 1332 631 satisfactionis
1342 599 1477 625 relaxatio
1487 601 1573 634 possit
1582 601 1642 634 steri
1653 608 1670 627 α
1679 602 1813 629 sacerdote
1821 602 1841 629 ².

1112 678 1139 708 A
1163 688 1226 718 quo
1250 678 1349 717 possit
1373 678 1524 710 relaxatio
1547 679 1638 717 fieri;
1663 682 1693 711 et
1716 680 1843 712 videtur
1857 696 1889 716 Aa
1911 703 1962 724 01³⁹-

1071 731 1154 769 quod
1171 740 1189 761 a
1204 731 1343 770 quolibet
1359 731 1529 769 sacerdote,
1547 732 1623 771 quia
1634 732 1845 764 relaxationes

1071 784 1153 814 finnt
1165 793 1205 814 ex
1219 784 1250 814 vi
1267 783 1405 814 clavium
1423 796 1428 813 :
1452 786 1482 814 et
1501 785 1604 815 omnis
1619 786 1764 816 sacerdos
1778 786 1842 816 cla-

1073 845 1126 867 ves
1141 837 1237 867 habet
1253 848 1259 866 ι
1282 846 1354 875 sergo
1373 837 1498 867 videtur
1521 837 1604 877 quod
1620 839 1726 869 omnis
1739 848 1841 870 sacer-

1070 889 1126 919 dos
1149 889 1247 928 possit
1270 889 1480 920 relaxationes
1503 890 1615 920 facere.
1642 890 1674 921 Si
1701 893 1735 922 tu
1758 892 1844 923 dicas

1071 942 1154 981 quod
1170 952 1233 973 aon
1245 945 1291 973 est
1304 952 1343 973 ex
1356 943 1387 973 vi
1401 943 1538 973 clavium
1550 967 1557 980 ‚
1573 944 1625 975 sed
1637 953 1679 974 ex
1693 944 1844 976 thesauro

1070 995 1235 1033 Ecclesiae3
1262 998 1391 1026 contra:
1419 996 1557 1032 Quilibet
1580 997 1725 1028 sacerdos
1746 998 1842 1029 habet

1070 1049 1256 1079 thesaurum
1281 1058 1348 1079 suae
1371 1049 1550 1088 parochiae,
1576 1050 1656 1081 sicut
1678 1051 1843 1090 episcopus

1069 1110 1137 1132 suae
1151 1102 1322 1141 provinciae
1335 1111 1342 1132 :
1361 1110 1441 1140 ergo
1453 1125 1461 1139 ‚
1477 1104 1537 1132 etc.

1108 1157 1137 1185 2.
1165 1154 1262 1191 Item,
1290 1155 1345 1194 qui
1369 1157 1512 1194 praesunt
1536 1155 1697 1194 collegiis,
1723 1155 1843 1187 habent

1069 1207 1172 1237 claves
1183 1207 1221 1237 ad
1234 1207 1421 1238 solvendum
1435 1210 1465 1238 et
1480 1208 1649 1246 ligandum
1659 1209 1692 1238 in
1706 1211 1842 1249 utroque

1069 1260 1156 1297 t'‹›ro;
1182 1264 1212 1290 et
1235 1260 1354 1290 habent
1379 1261 1565 1291 thesaurum
1588 1263 1843 1301 supererogatio-

1070 1322 1148 1343 num
1159 1336 1168 1350 ,
1185 1314 1266 1343 sicut
1280 1313 1401 1352 pra-lati
1416 1313 1611 1352 religionum
1626 1325 1633 1343 :
1658 1323 1738 1353 ergo
1753 1315 1842 1346 vide-

1069 1368 1122 1395 tur
1136 1366 1221 1404 quod
1236 1365 1295 1405 ipsi
1310 1366 1440 1405 possint.

1109 1422 1136 1448 3.
1155 1418 1232 1448 Item
1248 1418 1373 1449 videtur
1387 1419 1470 1457 quod
1485 1419 1618 1458 quilibet
1630 1420 1748 1451 homo:
1765 1421 1842 1460 quia

1068 1471 1200 1510 quilibet
1222 1471 1329 1502 libera¹
1350 1471 1537 1502 conditionis
1555 1475 1602 1503 est
1622 1473 1770 1504 dominus
1784 1474 1839 1504 bo-

1068 1533 1182 1554 norum
1205 1527 1235 1554 ct
1253 1525 1440 1555 meritorum
1463 1534 1617 1556 suorum:
1640 1535 1720 1566 ergo
1739 1529 1841 1566 potest

1068 1577 1181 1607 merIta
1206 1587 1265 1607 sua
1293 1577 1382 1607 alteri
1411 1578 1604 1609 concedere:
1635 1582 1667 1610 et
1694 1579 1771 1610 dum
1794 1579 1840 1610 illi

1068 1631 1227 1669 concedit,
1252 1633 1321 1670 ejus
1345 1631 1531 1670 poenitentia
1555 1632 1711 1663 minuitur
1734 1635 1766 1663 et
1788 1642 1840 1663 re-

1069 1683 1212 1714 laxatur:
1232 1692 1309 1723 ergo
1321 1684 1447 1714 videtur
1459 1684 1545 1723 quod
1556 1685 1688 1724 quilibet
1701 1685 1762 1716 hoc
1773 1694 1841 1724 pos-

1068 1737 1117 1766 sit.

1108 1792 1137 1820 4.
1156 1789 1231 1820 ltem
1244 1790 1327 1821 bona
1342 1791 1523 1830 spiritualia
1533 1793 1607 1821 sunt
1619 1791 1748 1830 maioris
1757 1799 1842 1822 com-

1068 1843 1310 1880 municationis,
1334 1853 1431 1883 quam
1448 1844 1634 1884 temporalia
1648 1854 1654 1874 :
1671 1844 1726 1874 sed
1741 1844 1767 1874 si
1781 1844 1841 1875 ali—

1068 1895 1143 1935 quid
1167 1896 1259 1926 datur
1281 1896 1393 1935 alicui,
1416 1907 1455 1928 ex
1477 1906 1537 1937 quo
1557 1897 1648 1937 plene
1667 1897 1759 1928 datur
1774 1897 1839 1935 illi,

1068 1951 1169 1988 potest
1196 1949 1274 1979 illud
1304 1951 1474 1981 concedere
1499 1951 1574 1981 alii:
1606 1959 1684 1989 ergo
1714 1949 1842 1981 videtur

1068 2001 1136 2040 pari
1154 2001 1276 2032 ratione
1289 2025 1296 2039 ‚
1319 2003 1384 2033 imo
1404 2003 1506 2033 multo
1526 2003 1668 2041 fortiori,
1688 2002 1773 2042 quod
1789 2002 1842 2032 cui

1068 2054 1149 2085 datae
1163 2056 1239 2085 sunt
1258 2054 1468 2086 relaxationes
1481 2080 1489 2093 ‚
1513 2055 1565 2085 ille
1584 2057 1686 2095 potest
1700 2063 1752 2086 eas
1766 2055 1842 2086 dare

1068 2107 1167 2137 alteri.

1108 2160 1243 2191 Contra:
1282 2160 1356 2190 Plus
1388 2162 1433 2190 est
1468 2160 1568 2191 facere
1603 2160 1838 2200 indulgentias,
1855 2169 1960 2192 rand-m.

1069 2222 1166 2253 quam
1185 2213 1348 2253 imponere
1364 2213 1565 2252 poenitentias
1580 2226 1586 2244 :
1611 2214 1666 2245 sed
1683 2215 1839 2254 poeniten-

1068 2267 1126 2297 tias
1140 2267 1302 2306 imponere
1317 2275 1380 2297 non
1391 2269 1492 2306 potest
1503 2266 1564 2296 nisi
1577 2266 1663 2297 solus
1674 2267 1818 2298 sacerdos
1831 2279 1838 2297 :

1068 2328 1147 2358 ergo
1168 2319 1384 2358 indulgentias
1405 2319 1480 2350 dare
1500 2328 1564 2350 non
1585 2322 1686 2359 potest
1705 2320 1767 2350 nisi
1787 2329 1839 2351 sa-

1068 2372 1188 2403 cerdos.

1108 2425 1187 2456 Item
1202 2434 1296 2456 nemo
1311 2426 1367 2456 scit
1379 2449 1387 2462 ‚
1411 2427 1520 2456 utrum
1536 2425 1629 2465 plura
1642 2425 1757 2457 habeat
1772 2435 1839 2458 me-

1068 2479 1127 2509 rita
1137 2502 1145 2515 ‚
1162 2487 1259 2518 quam
1273 2478 1333 2509 sibi
1348 2478 1506 2509 sufficiant
1518 2502 1526 2515 ‚
1541 2479 1606 2509 imo
1619 2479 1718 2510 nescit
1730 2488 1763 2511 se
1778 2479 1836 2511 ha·

1069 2583 1092 2607 q.
1109 2582 1126 2607 1,
1145 2578 1192 2600 art.
1207 2578 1230 2606 4,
1245 2583 1270 2607 q.
1287 2582 1312 2606 ις
1329 2576 1454 2605 Riclmrd„
1473 2577 1502 2600 tv
1523 2576 1602 2605 Sem„
1618 2576 1676 2600 dist.
1690 2582 1735 2608 xx,
1748 2578 1795 2602 art..
1813 2578 1836 2608 5,

1068 2618 1093 2642 q.
1109 2618 1127 2635 11
1142 2614 1166 2635 et
1183 2617 1226 2642 ¹¹13
1243 2612 1331 2642 Steph.
1349 2611 1451 2640 mules..
1475 2611 1505 2635 lv
1521 2610 1599 2640 Sem,
1617 2611 1674 2636 dist.
1690 2617 1739 2643 xx,
1755 2619 1780 2643 q.
1795 2618 1837 2643 vn

1069 2647 1133 2671 Petri
1149 2648 1180 2670 de
1191 2647 1303 2676 'rai-ant„
1318 2648 1349 2671 lv
1361 2647 1440 2677 Seni„
1455 2647 1512 2671 dist.
1529 2652 1572 2676 xx,
1585 2653 1609 2677 q.
1623 2652 1699 2671 xx.—
1710 2647 1795 2678 (α)Δ1.
1805 2647 1836 2672 si.
