1991 3006
758 197 872 228 LIBER
896 196 1105 227 SECUNuUs'.

322 316 535 349 DISTINCTIO
558 317 715 348 XXXVIII.

136 395 173 420 De
188 394 338 427 voluntate,
356 396 381 420 et
396 393 451 427 ejus
469 395 536 427 fine,
560 402 591 420 ecc
606 401 655 427 quo
677 394 737 427 ipsa
753 392 902 426 judicatu-r.

193 474 253 497 Post
267 472 386 503 praedicta
401 472 431 496 de
448 472 586 502 voluntate,
601 472 704 503 ejusque
719 471 782 500 fine,
798 473 845 495 etc.

175 531 210 561 ln
224 531 344 561 cunctis
360 530 449 560 factis
462 530 534 560 finis
550 530 633 560 Deus
648 530 842 559 instituatur.

135 583 221 614 Velle
235 583 421 619 voluntatis,
437 583 496 613 hoc
512 592 586 613 vere
600 583 801 612 rectificatur.

136 637 289 677 Praecepti
304 637 376 667 finis
392 646 482 667 amor
498 639 545 666 est
562 648 568 665 z
587 637 613 666 si
628 636 842 672 continuatur,

134 690 218 721 Velle
244 691 438 722 voluntatem
465 690 561 720 finem
592 690 790 729 velitumque
814 691 902 719 nota-

214 744 269 774 hit.

135 797 225 828 Nunc
248 797 323 829 hoc.
351 806 434 827 nunc
460 796 538 826 illud
553 820 559 832 ‚
584 796 716 826 intentio
743 796 902 834 significa-

213 851 269 880 bit.

135 903 265 942 Propter
279 903 354 942 quid
371 903 444 933 volo
459 904 550 942 quid7
568 903 699 933 intentio
715 903 900 940 notificabit,

134 956 237 996 Atque
252 956 432 987 voluntates
446 957 479 986 in
495 956 593 986 finem
609 956 803 986 rectificabit.

137 1009 200 1039 Has
211 1033 218 1046 ‚
237 1012 271 1040 ut
286 1010 349 1040 sint
364 1019 441 1046 una.
461 1010 535 1039 finis
552 1009 673 1040 ratione
688 1009 810 1048 ligabit.

336 1122 555 1154 DISTINCTIO
578 1121 707 1152 XXXIX.
734 1146 737 1147 γ

135 1203 200 1230 Cum
223 1203 348 1230 voluntas
379 1205 413 1230 sit
438 1203 468 1230 de
492 1204 532 1230 his
559 1210 616 1237 quoe
644 1203 806 1229 naturaliter
830 1202 905 1229 homo

168 1250 260 1281 potest,
276 1255 358 1282 quare
368 1250 508 1282 peccatum
522 1249 581 1280 fore
597 1248 715 1277 dicatur,
733 1255 788 1273 cnm
804 1247 905 1273 nullum

169 1292 247 1318 aliud
260 1292 385 1318 naturale
396 1296 535 1326 peccalum
546 1294 592 1318 sit.

238 1376 282 1400 Hic
295 1377 374 1401 oritur
386 1377 491 1407 quaestio
504 1377 563 1401 satis
578 1377 733 1408 necessaria,
750 1379 798 1401 etc.

175 1438 227 1469 Vis
242 1429 406 1477 naturalis,
424 1442 529 1470 motus
545 1439 646 1470 malus
661 1449 727 1470 esse
744 1440 868 1470 videtur

136 1494 300 1525 Peccatum
318 1505 324 1525 :
342 1494 394 1524 sed
410 1495 457 1524 vis
480 1495 512 1525 in
538 1505 569 1525 se
594 1496 676 1526 bona
699 1504 824 1535 semper
848 1495 905 1525 ha-

213 1548 315 1578 betur.

142 1601 275 1638 Quidam
295 1601 331 1632 de
357 1604 444 1631 motu
467 1602 630 1637 dixerunt.
653 1602 735 1641 quod
762 1602 905 1641 gemina-

214 1656 286 1684 tur:

140 1708 226 1739 Unus
240 1707 403 1745 laudatur;
422 1708 500 1738 alter
516 1718 591 1739 vero
606 1709 802 1748 reprobatur.

136 1761 243 1792 Gratia
258 1761 459 1800 praeveniens
472 1762 564 1799 juvat
579 1761 663 1791 bunc
674 1785 681 1797 ‚
699 1761 846 1800 aliusque
862 1762 906 1792 fu-

215 1816 320 1853 gatur.

139 1864 251 1896 Utrum
266 1865 328 1895 sint
343 1874 427 1895 unus
444 1867 549 1895 motus
571 1866 713 1903 tantum,
730 1866 903 1896 dubitatur.

138 1917 322 1957 Synderesis
344 1918 452 1957 nequit
472 1918 638 1957 extingui,
660 1918 731 1949 licet
754 1919 907 1958 impedia-

218 1974 278 2001 tur.

373 2032 588 2064 DISTINCTIO
613 2033 673 2064 XL.

165 2111 209 2136 An
232 2117 264 2137 ecc
288 2110 339 2143 fine
367 2117 454 2136 omues
477 2112 548 2136 actus
570 2111 682 2144 pensari
705 2110 826 2141 debeant,
852 2112 880 2135 ut

252 2155 414 2189 simpliciter
429 2154 504 2185 boni,
521 2154 562 2180 vel
576 2154 642 2181 mali
657 2155 790 2181 «linantur.

201 2234 260 2257 Post
269 2233 324 2257 haec
340 2233 370 2257 de
384 2233 481 2257 actibus
493 2233 662 2263 adjiciendum
675 2234 783 2264 videtur,
798 2236 845 2257 etc.

179 2291 313 2328 Quidam
329 2291 498 2321 laudantur
513 2294 611 2326 actus,
630 2291 682 2322 alii
698 2291 908 2331 reprobantur

141 2344 347 2384 Simpliciter,
375 2344 504 2383 quidam
533 2344 649 2384 duplici
680 2345 757 2375 facie
785 2345 908 2375 varian-

220 2400 282 2428 tur.

142 2450 281 2481 Affectus
296 2451 358 2481 fine
375 2451 511 2482 directus
525 2461 605 2491 opus
620 2453 792 2492 pretiosum

143 2504 252 2534 Reddit
272 2515 278 2534 :
296 2504 321 2534 si
336 2504 414 2534 desit
428 2514 529 2536 unum
541 2530 550 2543 ,
568 2506 621 2536 fiet
635 2507 795 2538 vitiosum.

145 2557 271 2596 Absque
286 2557 376 2587 bonis
390 2558 458 2588 fieri
475 2558 558 2589 mala
573 2559 680 2598 plures
695 2560 886 2590 inficiantur.

146 2610 242 2641 Porro
258 2619 459 2649 nequaquam
470 2612 553 2641 bona
567 2614 651 2649 sunt,
667 2621 850 2651 quanquam
864 2613 911 2642 vi-

224 2664 367 2693 «leantur.

281 2725 342 2747 TOM
349 2739 356 2747 .
384 2726 426 2747 Vl.

1671 202 1725 230 <341

1188 317 1405 351 DISTINCTIO
1427 319 1502 350 XLI.

1009 396 1055 422 An
1071 397 1152 422 omnis
1166 397 1278 423 intentio
1294 400 1316 423 et
1331 400 1415 429 actio,
1432 406 1491 432 quoe
1504 398 1556 431 fide
1570 400 1675 429 carent,

1269 445 1324 470 sint
1338 445 1419 470 mala.

992 525 1104 555 Cumque
1120 525 1235 555 intentio,
1250 528 1275 549 ut
1287 533 1362 557 supra
1373 527 1467 550 dictum
1482 529 1528 557 est,
1539 527 1643 558 bonum,
1655 529 1701 551 etc.

1001 587 1129 626 Absque
1145 587 1206 618 fide
1222 589 1304 618 bona
1325 597 1388 619 non
1408 590 1477 620 fieri
1490 613 1497 627 ,
1524 590 1653 629 quidam
1673 599 1732 629 po-

1043 642 1193 677 suerunt3

963 693 1017 722 Ast
1031 692 1081 722 alii
1097 693 1166 722 fieri
1181 693 1279 731 bona,
1298 703 1362 725 non
1378 695 1458 725 bene
1473 695 1702 727 disseruerunt.

963 745 1168 784 Distinguunt
1182 746 1234 776 alii
1249 747 1332 778 bona
1347 749 1551 788 quamplures
1567 750 1702 789 operarI‚

962 798 1087 838 Absque
1104 799 1163 830 tide
1186 804 1349 840 nequeunt
1368 811 1441 832 cum
1462 803 1535 842 ipsis
1555 812 1656 841 regna
1678 803 1732 834 lu—

1042 852 1132 882 erari.

962 905 1087 944 Absque
1114 906 1275 937 voluntate
1303 916 1499 948 quemquam
1528 918 1656 948 peccare
1676 919 1732 940 ne-

1042 961 1125 997 gato.

963 1011 973 1041 1
977 1021 1031 1051 psa
1046 1012 1193 1043 voluntas
1206 1015 1272 1051 est,
1290 1023 1354 1053 qua
1368 1015 1468 1045 vitam
1482 1017 1694 1047 rectificamus
1705 1041 1712 1054 ‚

964 1064 1000 1095 Et
1014 1074 1077 1104 qua
1094 1074 1278 1105 peccamus,
1296 1067 1321 1096 si
1337 1067 1444 1106 legem
1459 1069 1677 1100 discutiamus

1179 1157 1400 1190 DISTINCTIO
1420 1159 1512 1191 XLII.

962 1231 1007 1257 An
1026 1231 1150 1258 voluntas
1170 1234 1194 1258 et
1213 1234 1283 1259 actio
1304 1234 1393 1265 mala,
1418 1235 1447 1260 z'n
1467 1235 1553 1262 eodem
1571 1236 1691 1269 homine,
1708 1240 1733 1264 et

998 1277 1068 1301 circa
1093 1276 1207 1303 eamdem
1236 1285 1303 1308 rem,
1335 1279 1389 1304 sinc
1416 1286 1496 1305 unum
1518 1283 1668 1314 peccatum,
1692 1282 1734 1307 vel

996 1319 1088 1352 plura.

1039 1386 1101 1410 Cum
1117 1390 1200 1411 autem
1218 1388 1333 1412 voluntas
1348 1388 1413 1413 mala
1427 1391 1451 1413 et
1466 1391 1587 1421 operatio,
1605 1394 1653 1415 etc.

1002 1439 1104 1471 Prava
1120 1440 1267 1472 voluntas
1291 1451 1362 1472 cum
1384 1443 1462 1473 facto
1474 1467 1482 1481 ⁷
1500 1444 1616 1483 duplex
1635 1454 1732 1485 repu-

1039 1495 1123 1524 tatur

961 1546 1097 1583 Crimen,
1110 1549 1140 1577 et
1152 1547 1191 1577 ab
1203 1548 1270 1578 aliis
1282 1558 1382 1579 unuin
1395 1559 1479 1580 nunc
1489 1559 1556 1581 esse
1566 1551 1728 1591 probatur.

962 1599 994 1630 Si
1010 1600 1112 1630 scelus
1128 1602 1175 1630 est
1189 1603 1275 1638 actu,
1293 1604 1415 1632 constat
1429 1603 1530 1633 scelus
1545 1613 1611 1634 esse
1626 1606 1728 1636 reatu.

961 1652 993 1683 Si
1009 1653 1129 1690 doleas,
1146 1656 1218 1684 actu
1232 1655 1363 1693 transit,
1381 1659 1585 1697 remanetque
1598 1661 1698 1689 reatu.

962 1705 1051 1736 Nune
1065 1706 1222 1746 duplicem
1239 1717 1382 1747 pomam,
1400 1719 1483 1739 nunc
1500 1711 1625 1750 culpam
1641 1721 1731 1743 sume

1042 1761 1143 1789 reatu.

964 1810 1151 1851 Multiplices
1165 1812 1283 1851 species
1298 1817 1497 1852 peccatorum
1509 1820 1729 1855 numerentur,

964 1865 1046 1895 Inter
1059 1874 1130 1904 quae
1141 1868 1260 1904 septem
1274 1867 1418 1906 capitalia
1429 1873 1729 1901 commemorentur.

963 1918 1093 1948 Mortem
1112 1918 1243 1948 mortale
1258 1920 1339 1958 parit
1352 1943 1359 1957 ,
1377 1923 1407 1951 et
1422 1922 1547 1952 veniam
1564 1923 1697 1954 veniale.

963 1970 1015 2001 Est
1029 1971 1243 2002 accusandum
1256 1972 1473 2004 damnandum
1484 1975 1591 2015 orique
1602 1976 1728 2007 minale.

965 2024 1089 2062 Pelliee,
1100 2025 1178 2055 dum
1188 2035 1291 2064 pecco,
1302 2026 1462 2067 delinque,
1475 2032 1560 2060 recta
1572 2030 1728 2070 relinquo,

964 2077 1047 2108 Fons
1061 2081 1106 2108 est
1118 2081 1303 2110 cunctorum
1317 2082 1422 2111 tumor
1435 2084 1528 2121 atque
1541 2083 1654 2122 cupido
1667 2092 1732 2114 ma-

1042 2131 1156 2161 lorum.

1176 2212 1395 2247 DISTINCTIO
1417 2215 1522 2247 XLIII.

965 2282 1001 2308 De
1026 2285 1134 2315 peccato
1163 2285 1192 2309 z'n
1219 2284 1352 2318 Spiritum
1378 2288 1512 2318 sanctum,
1539 2288 1608 2322 quod
1635 2288 1735 2317 dicitur

1142 2329 1224 2354 etiam
1237 2331 1375 2362 peccatum
1391 2330 1426 2357 ad
1440 2333 1555 2358 mortem.

1051 2399 1092 2424 Est
1105 2403 1228 2431 praeterea
1238 2402 1366 2432 quoddam
1380 2405 1476 2435 peccati
1488 2413 1581 2437 genus,
1601 2410 1648 2431 etc.

1005 2452 1137 2483 Sanctus
1152 2453 1288 2494 Spiritus
1303 2459 1348 2486 est
1363 2467 1463 2495 amor,
1486 2459 1517 2489 in
1532 2469 1626 2499 quem
1643 2461 1736 2500 quis-

1043 2517 1114 2546 quis
1129 2517 1270 2539 amorem

968 2559 1094 2598 peccat,
1119 2562 1288 2592 committit
1311 2564 1457 2603 culpam,
1483 2566 1581 2607 culpis
1606 2569 1734 2606 gravio-

1048 2623 1114 2644 rem
1134 2625 1139 2643 ;

974 2666 1007 2696 Ill
1023 2667 1076 2706 qui
1093 2667 1257 2707 desperat,
1275 2674 1328 2700 aut
1346 2671 1508 2702 induratus
1525 2674 1658 2706 oberrat.

1580 2731 1612 2759 41
