1991 3006
134 158 193 188 254

137 222 320 263 Dionysium
333 222 391 253 iret
409 230 416 252 ε
435 222 460 252 si
476 230 553 260 ergo
567 223 710 261 parentes
721 222 831 261 jurant
844 230 902 260 pro

134 276 217 314 filiis,
236 285 315 314 ergo
338 275 459 306 videtur
482 274 567 314 quod
584 274 649 305 suis
670 277 801 314 possunt
823 282 902 313 prae-

135 329 248 369 cipere,
276 331 311 358 ut
327 329 509 367 juramenta
525 337 583 358 sua
604 328 737 357 debeant
759 326 902 366 implere.

177 384 206 412 5.
220 381 308 418 Item,
320 381 345 411 si
355 381 468 420 aliquis
483 381 647 411 contrahat
660 381 816 421 sponsalia
831 388 904 409 cum

137 435 257 474 aliqua,
282 435 423 465 nondum
438 436 484 464 est
499 434 738 464 matrimonium
762 435 902 463 contrac-

138 490 207 517 tum
225 496 232 516 :
250 488 280 516 et
299 489 404 517 tamen
425 496 480 526 per
499 486 743 517 ecclesiasticum
766 494 905 525 praecep-

137 542 204 570 tum
221 539 420 579 compellitur
433 539 472 569 ad
488 539 739 569 contrahendum
760 548 767 568 :
786 538 811 567 si
826 547 905 576 ergo

140 594 238 631 potest
260 592 405 632 compelli
432 592 471 622 ab
499 592 666 631 episcopo,
693 591 760 630 pari
785 591 905 620 ratione

139 645 262 675 videtur
274 644 359 684 quod
371 645 466 684 possit
481 644 625 684 compelli
639 653 657 674 a
672 645 760 683 patre
775 652 844 673 suo.

178 697 292 728 Contra
313 709 319 728 z
338 697 372 727 ln
388 707 425 728 eo
445 698 476 727 in
492 707 556 737 quo
575 706 666 736 pares
681 705 806 733 sumus,
824 705 907 725 unus

137 759 202 780 non
222 752 347 780 tenetur
367 750 494 780 obedire
514 749 661 779 mandato
680 749 810 779 alterius
829 748 906 779 :sed

136 805 294 842 quantum
325 803 364 833 ad
383 804 437 842 jus
465 802 659 832 matrimonii
694 811 804 832 omnes
833 803 907 832 sunt

136 864 246 894 pares:
274 865 351 895 ergo
376 865 438 886 non
460 855 585 886 videtur
604 855 688 894 quod
708 857 795 894 pater
810 854 907 894 possit

138 908 203 939 filio
218 909 385 948 imperare.

178 961 267 998 Item,
275 963 363 1000 patre
374 961 549 1001 imperante
560 960 813 997 matrimonium,
823 960 908 991 tilius

137 1014 205 1044 sine
220 1016 344 1053 peccato
361 1015 460 1052 potest
479 1013 651 1043 castitatem
668 1022 785 1044 vovere
803 1022 810 1043 :
827 1022 907 1052 ergo

138 1076 202 1097 non
215 1069 339 1097 tenetur
354 1067 433 1106 patri
449 1066 588 1096 obedire.

178 1120 255 1150 Item
270 1119 365 1157 filius,
383 1120 408 1148 si
418 1119 487 1149 vult
497 1118 686 1157 religionem
697 1119 826 1156 intrare,
843 1128 907 1149 nou

137 1175 262 1203 tenetur
285 1172 377 1212 patri,
403 1171 627 1201 determinanti
650 1171 700 1201 vel
724 1171 907 1210 prohibenti

138 1225 197 1255 sibi
212 1224 411 1264 religionem,
433 1224 577 1260 obedire,
596 1223 660 1254 imo
684 1224 715 1254 in
735 1227 907 1263 quantum-

137 1287 274 1317 cumque
285 1280 385 1317 potest
395 1277 462 1306 sine
473 1279 598 1316 peccato
614 1277 744 1314 intrare,
756 1277 832 1316 quia
847 1277 907 1307 tale

138 1333 248 1361 votum
268 1333 313 1360 est
335 1332 543 1369 spontaneum
564 1340 570 1359 z
595 1330 619 1359 si
642 1339 721 1368 ergo
741 1330 908 1360 matrimo-

138 1384 227 1413 nium
243 1383 333 1414 debet
348 1391 416 1413 esse
431 1382 579 1420 liberum,
596 1383 692 1421 patet,
708 1384 767 1412 etc.

180 1436 256 1466 Item
272 1445 366 1466 nemo
381 1437 481 1475 potest
504 1444 553 1465 me
568 1435 755 1474 compellere
775 1435 813 1465 ad
838 1444 908 1475 per-

139 1491 267 1528 petuam
282 1488 467 1519 servitutem
486 1498 492 1518 :
506 1488 559 1518 sed
570 1488 631 1525 vir,
649 1497 685 1518 eo
695 1487 779 1527 quod
791 1490 910 1518 contra-

140 1543 187 1572 hit
198 1551 270 1572 cum
282 1550 393 1577 uxore,
408 1541 460 1571 dat
473 1541 499 1570 ei
515 1541 566 1571 sui
575 1541 714 1580 corporis
723 1543 908 1579 perpetuam

140 1596 327 1634 potestatem
345 1605 350 1623 z
369 1602 448 1631 ergo
468 1602 532 1623 non
550 1593 675 1624 videtur
697 1593 781 1632 quod
798 1593 829 1622 in
850 1593 909 1623 hoc

140 1650 284 1678 teneatur
300 1648 372 1686 quis
387 1646 479 1676 alicui
494 1646 631 1676 obedire.

182 1699 271 1737 Item,
288 1699 312 1729 si
328 1700 487 1729 teneretur
504 1698 647 1735 obedire,
664 1700 739 1727 tunc
754 1698 911 1737 sponsalia

141 1762 199 1792 per
208 1754 351 1792 parentes
361 1753 520 1782 contracta
531 1752 652 1790 absque
664 1760 819 1781 consensu
828 1752 909 1782 filio-

140 1815 213 1836 rum
229 1805 421 1835 nubentium
441 1806 544 1835 essent
558 1804 682 1834 stabilia
697 1815 704 1834 :
718 1805 772 1835 sed
791 1804 851 1834 hoc
865 1807 912 1834 est

141 1861 248 1888 contra
260 1859 334 1897 Jura
348 1857 498 1888 canonica
512 1859 541 1886 et
556 1856 661 1887 civilia
675 1868 681 1885 ι
698 1866 789 1895 ergo,
806 1859 864 1887 etc.

414 1970 640 2003 CONCLLSIO.

145 2057 227 2084 Pater
246 2065 297 2083 non
321 2058 404 2090 potest
428 2063 530 2088 coqere,
555 2062 600 2080 nec
622 2055 767 2088 proecipere
793 2054 858 2088 filiis
886 2056 913 2079 ut

180 2101 338 2127 contrahant
352 2100 560 2131 matrimonium,
572 2099 626 2124 nisi
641 2097 760 2124 charitas
770 2099 816 2123 aut
831 2099 914 2123 ratio-

181 2145 280 2170 nabilis
297 2143 418 2177 quaedam
432 2149 514 2168 causa
529 2148 570 2167 eos
584 2141 656 2174 quet.

187 2227 276 2266 Resp.
298 2226 336 2256 ad
359 2234 430 2263 arg.
453 2224 621 2254 Dicendum
647 2224 742 2263 quod,
764 2224 844 2254 sieut
863 2232 913 2254 os-

146 2280 281 2311 tendunt
302 2278 439 2308 rationes
463 2277 603 2313 ultimae‚
626 2277 820 2307 matrimonii
842 2285 914 2307 con-

147 2335 264 2364 tractus
276 2332 367 2362 debet
382 2340 448 2360 esse
459 2330 539 2360 liber
550 2330 693 2367 omnino,
708 2332 777 2359 tum
793 2330 914 2360 ratione

147 2384 344 2425 signationis,
362 2386 429 2413 tuut
445 2383 539 2412 etiam
552 2383 672 2413 ratione
688 2382 759 2412 talis
774 2385 805 2412 et
818 2385 913 2413 tantae

147 2436 359 2476 obligationis,
372 2443 444 2474 quae
459 2435 491 2464 in
507 2434 560 2464 illo
576 2437 739 2465 contractu
753 2436 912 2466 consistit:

148 2494 179 2521 et
195 2491 263 2521 ideo
278 2498 342 2520 non
362 2491 408 2518 est
427 2488 675 2527 praecipiendum
696 2497 715 2517 a
731 2489 914 2527 parentibus

150 2544 224 2581 filio,
241 2544 396 2582 praecepto
411 2540 612 2579 obligatorio‚
628 2541 710 2579 quod
725 2541 889 2572 contrahat
907 2554 913 2572 τ

149 2597 223 2636 quia
236 2598 336 2635 potest
357 2594 527 2630 confluere,
552 2594 578 2622 si
600 2594 678 2629 vult,
697 2596 727 2623 et
747 2594 873 2631 iterum,
891 2596 915 2625 si

693 152 1000 186 SENTENTIARUM
1018 155 1090 187 LIB.
1109 156 1158 187 IV.

959 221 1036 259 vult,
1054 222 1250 253 contrahere.
1274 222 1311 253 Et
1330 222 1434 253 adhuc
1455 231 1511 262 per
1531 224 1724 262 praeceptum

959 284 1021 304 non
1037 278 1135 314 potest
1151 279 1239 315 pater
1248 276 1286 306 ad
1299 276 1551 306 contrahendum
1565 285 1638 306 cum
1653 275 1722 312 hac,

959 327 1007 358 vel
1023 338 1094 358 cuin
1112 328 1174 360 illa.
1193 338 1266 359 eum
1283 329 1435 367 obligare,
1452 329 1510 358 nisi
1527 329 1662 358 charitas
1675 323 1727 358 vel

958 381 1155 411 rationabilis
1173 391 1268 411 causa
1282 391 1355 412 eum
1376 382 1475 420 liget,
1494 382 1542 412 vel
1560 380 1727 420 promissio

960 433 1058 472 ipsius
1078 434 1265 464 voluntaria.
1284 434 1424 464 Charitas
1444 434 1572 473 quidem
1593 442 1667 464 eum
1685 433 1724 472 (a)

958 484 1050 523 ligat,
1066 486 1192 525 quando
1208 489 1295 526 pater
1308 486 1401 516 habet
1411 486 1605 524 inimicitias,
1618 488 1649 516 et
1663 494 1728 516 non

960 541 1060 577 potest
1074 539 1218 577 evadere,
1231 539 1290 569 nisi
1308 539 1392 570 tilius
1406 548 1478 570 cum
1492 538 1729 578 consanguinea

960 591 1077 622 inimici
1093 592 1274 630 coutrahat;
1293 592 1486 622 rationabilis
1496 601 1571 622 vero
1582 600 1677 622 causa
1689 590 1726 630 (b)

962 653 1036 674 vero
1060 645 1154 683 ligat,
1175 645 1302 684 quando
1326 647 1414 685 pater
1435 645 1581 684 prohibet
1604 644 1669 674 filio
1688 652 1728 674 ne

960 697 1124 727 contrahat
1140 697 1213 727 cu'm
1228 697 1360 727 muliere
1375 697 1473 734 1nala3
1491 697 1532 727 ob
1547 696 1729 736 promissio-

960 758 1033 779 nem
1065 752 1171 780 autem
1200 750 1234 788 tc)
1272 749 1484 780 voluntariam
1517 750 1647 788 ligatur,
1676 751 1727 786 ut,

960 802 1087 841 quando
1100 802 1232 842 ipsemet
1242 812 1274 831 se
1285 802 1405 840 obligat
1415 801 1630 832 contrahendo
1639 810 1732 841 spon-

961 854 1042 893 talia,
1061 855 1282 894 praeiudicium
1298 855 1356 884 sibi
1372 856 1505 892 generat
1515 854 1548 883 in
1559 854 1630 892 hoc,
1644 853 1729 893 quod

962 909 1089 939 inchoat
1099 909 1337 938 matrimonium
1351 919 1357 938 z
1373 908 1457 938 unde
1466 908 1592 937 tenetur
1603 906 1642 937 ad
1656 915 1728 937 con-

961 962 1200 999 summandum,
1219 964 1247 992 et
1263 962 1301 991 ad
1319 961 1379 991 hoc
1394 959 1539 1000 compelli
1553 961 1656 998 potest
1675 967 1731 999 per

962 1015 1148 1045 mandatum
1163 1014 1421 1045 ecclesiasticum.

1006 1071 1031 1097 1.
1049 1067 1085 1097 Et
1100 1077 1155 1107 per
1172 1068 1231 1097 hoc
1250 1070 1334 1106 patet
1351 1067 1513 1106 responsio
1532 1066 1571 1096 ad
1590 1065 1730 1105 primum

963 1121 995 1150 in
1018 1121 1225 1158 contrarium,
1249 1122 1279 1150 et
1298 1120 1337 1150 ad
1362 1120 1521 1150 ultimum.
1542 1118 1621 1149 Nam
1646 1117 1731 1148 Isaac

963 1172 1191 1203 rationabiliter
1201 1173 1347 1212 praecepit
1357 1172 1446 1209 illud,
1456 1171 1540 1211 quod
1548 1170 1643 1202 Jacob
1655 1170 1732 1201 alias

964 1226 1131 1255 tenebatur
1142 1226 1241 1255 facere
1259 1236 1265 1255 z
1278 1227 1345 1255 tum
1356 1227 1484 1263 propter
1494 1224 1648 1254 malitiam
1664 1232 1732 1253 mu-

963 1278 1088 1315 lierum,
1106 1280 1173 1308 tum
1188 1278 1284 1308 etiam
1306 1278 1381 1317 quIa
1395 1286 1503 1307 semen
1522 1276 1681 1307 Chanaam
1696 1276 1734 1307 de

964 1334 1048 1361 terra
1070 1330 1122 1360 illa
1141 1333 1209 1360 erat
1227 1329 1471 1369 disperdendum
1490 1340 1496 1359 :
1514 1331 1545 1359 et
1560 1328 1638 1359 illud
1652 1328 1734 1359 clare

965 1383 1144 1413 insinuatur
1159 1383 1191 1412 in
1204 1384 1305 1420 textu,
1320 1385 1351 1412 et
1365 1382 1479 1412 clarius
1494 1383 1528 1412 in
1544 1381 1681 1422 quodam
1695 1381 1733 1411 li-

966 1435 1057 1472 bello,
1075 1436 1129 1475 qui
1149 1435 1264 1466 dicitur
1285 1435 1513 1467 Testimonium
1533 1433 1735 1474 patriarcha-

965 1496 1045 1518 rum.

1006 1544 1034 1571 2.
1057 1542 1105 1571 Ad
1122 1541 1197 1571 illud
1223 1541 1305 1580 quod
1327 1540 1474 1579 objicitur
1496 1540 1533 1570 de
1559 1539 1736 1570 obedientia

966 1597 1109 1634 respectu
1129 1595 1244 1634 patriS,
1265 1594 1431 1624 dicendum
1451 1593 1536 1632 quod
1559 1593 1611 1623 illa
1630 1593 1734 1623 distri-

966 1647 1054 1677 butio
1070 1647 1260 1686 intelligitur
1271 1647 1374 1676 solum
1390 1648 1546 1685 quantum
1561 1646 1598 1676 ad
1614 1654 1650 1675 ea
1664 1654 1736 1685 quae

967 1701 1042 1729 sunt
1057 1699 1094 1729 de
1109 1702 1238 1738 paterna
1251 1698 1522 1734 honorificatione,
1538 1701 1568 1728 et
1583 1700 1737 1737 quantum

967 1752 1005 1782 ad
1021 1761 1057 1782 ea
1072 1761 1145 1791 quae
1167 1754 1307 1792 spectant
1326 1751 1365 1782 ad
1386 1751 1531 1790 regimen
1546 1750 1686 1781 familiae.
1704 1749 1737 1780 Si

968 1808 1074 1835 autem
1094 1808 1251 1844 quantum
1271 1805 1309 1835 ad
1327 1804 1387 1835 alia
1406 1804 1615 1842 intelligatur,
1632 1802 1738 1833 consi·

968 1858 1047 1888 lium
1071 1861 1136 1896 est,
1159 1868 1224 1888 non
1243 1861 1438 1898 praeceptum
1462 1868 1468 1887 :
1496 1861 1526 1887 et
1553 1857 1613 1887 hoc
1633 1857 1739 1887 innuit

969 1911 1077 1941 Glossa
1092 1920 1164 1951 quae
1180 1911 1255 1941 dicit
1273 1922 1278 1940 :
1301 1923 1314 1939 α
1330 1910 1434 1941 Placet
1448 1910 1521 1948 Deo,
1537 1921 1552 1938 »
1567 1912 1625 1940 etc.

1009 1966 1038 1993 3.
1053 1964 1101 1994 Ad
1114 1963 1192 1994 illud
1207 1964 1293 2003 quod
1311 1963 1459 2002 objicitur
1480 1963 1518 1993 de
1535 1962 1740 1992 matrimonio

969 2016 1137 2055 spirituali,
1154 2016 1344 2055 respondent
1358 2016 1456 2054 aliqui
1476 2015 1561 2054 quod
1575 2014 1660 2054 Papa
1673 2023 1739 2045 non

970 2070 1070 2107 potest
1085 2068 1268 2107 praecipere,
1283 2068 1358 2106 quia
1377 2076 1552 2098 consensus
1566 2067 1658 2097 debet
1671 2075 1739 2097 esse

969 2121 1049 2150 liber
1067 2132 1073 2151 :
1089 2121 1143 2150 sed
1167 2123 1237 2160 post
1253 2120 1483 2159 susceptionem
1504 2121 1605 2159 potest
1624 2118 1739 2158 praeci-

970 2182 1043 2212 pere
1054 2173 1359 2204 administrationem
1372 2183 1378 2202 z
1393 2172 1446 2202 sed
1459 2174 1567 2202 tamen
1582 2171 1667 2202 istud
1676 2180 1740 2202 non

971 2226 1097 2256 videtur
1112 2235 1260 2256 securum
1275 2225 1387 2262 dicere,
1403 2233 1477 2255 cum
1491 2226 1557 2254 tota
1571 2224 1620 2254 die
1634 2224 1740 2255 videa-

972 2288 1044 2309 mus
1058 2280 1126 2309 fieri
1141 2279 1346 2310 contrarium.
1367 2278 1405 2308 Et
1419 2278 1489 2308 ideo
1504 2278 1613 2308 dicunt
1627 2277 1737 2316 aliqui,

971 2333 1056 2372 quod
1076 2333 1257 2372 simpliciter
1278 2334 1379 2371 potest
1404 2331 1586 2371 praecipere.
1611 2330 1674 2362 Nec
1694 2332 1741 2360 est

972 2386 1075 2416 simile
1084 2385 1121 2415 de
1132 2387 1220 2424 patre
1231 2384 1361 2422 carnali,
1376 2384 1451 2422 quia
1466 2386 1555 2423 pater
1569 2381 1741 2422 spiritualis

972 2438 1133 2478 potestatis
1147 2437 1376 2477 plenitudinem
1392 2445 1488 2476 super
1504 2435 1585 2465 filios
1599 2443 1674 2465 suos
1688 2434 1742 2464 ha-

972 2492 1024 2521 bet
1037 2490 1184 2530 amplius,
1201 2499 1297 2529 quam
1311 2491 1398 2528 pater
1413 2488 1558 2519 earnalis.
1573 2487 1610 2518 Et
1624 2489 1742 2526 praete-

1006 2572 1037 2599 (a)
1053 2570 1112 2593 caet.
1130 2568 1187 2591 edm
1206 2566 1368 2591 ltutionabilis
1387 2568 1471 2590 autem
1491 2573 1574 2590 causa.
1586 2579 1615 2583 —
1637 2567 1668 2595 (b)
1683 2567 1744 2590 Item

973 2608 999 2628 ut
1013 2604 1131 2628 charitas.
1147 2616 1177 2621 -—
1188 2604 1219 2633 tc)
1234 2604 1294 2626 Item
1309 2602 1375 2626 deest
1387 2604 1481 2626 autem.
