1991 3006
84 1026 189 1046 Fundam.

606 205 703 237 DIST.
727 205 829 237 XLIX.
855 204 969 235 PART.
996 204 1032 234 11.
1057 203 1146 234 ART.
1173 203 1194 233 l.
1219 201 1325 233 SECT.
1351 201 1386 232 11.

201 272 337 309 litatem,
359 273 447 313 quia,
465 275 501 303 ut
521 273 596 304 dicit
618 273 826 313 Philosophus
838 273 859 310 ¹,
876 281 972 310 egre-

202 326 306 356 diente
328 326 434 356 anima
455 326 579 366 expirat
598 329 629 357 et
648 326 813 357 marcescit
836 334 967 364 corpus:

202 387 279 417 ergo
295 379 378 417 quod
398 379 436 409 sit
451 380 703 419 incorruptibile,
722 381 780 410 hoc
795 388 860 410 non
874 378 972 408 habet

201 431 242 461 ab
257 432 373 462 anima.
392 432 425 462 Si
440 432 523 463 dicas
537 433 622 472 quod
637 433 780 473 loquitur
794 431 970 462 secundum

202 486 322 514 statum
344 485 459 523 istum,
486 485 545 516 hoc
568 495 632 516 non
655 486 765 523 solvit,
795 485 869 524 quia
893 484 973 514 sicut

202 537 309 567 anima
332 546 417 567 nunc
442 539 581 568 continet
606 547 734 578 corpus,
764 539 807 568 ita
830 540 861 568 et
882 539 970 567 tunc.

203 589 290 619 Unde
301 590 511 629 Augustinus,
529 592 566 622 cle
586 592 663 622 Vera
679 591 859 630 Beliqione:
877 601 890 618 «
902 590 972 620 Cor-

202 654 261 684 pus
281 655 345 676 non
366 646 495 676 habebit
519 647 719 677 stabilitatem
741 647 801 676 nisi
824 655 880 685 per
902 645 973 675 ani-

203 707 300 735 mam,
317 701 348 729 et
362 699 431 729 haec
445 708 502 738 per
517 700 629 730 Deum.
645 710 658 727 n

243 751 320 781 Item
337 752 375 782 de
389 752 607 791 spiritualitate
623 753 764 783 videtur:
787 752 863 791 quia
879 761 974 791 super

203 805 318 835 illud²z
336 805 537 836 Novissimus
554 805 658 836 Adam
674 807 710 836 in
723 806 874 844 spiritum
890 806 975 835 vivi-

203 858 367 896 ficantem,
383 858 456 888 dicit
471 858 597 889 Glossa:
620 870 633 887 «
653 858 732 895 Quia
747 858 773 887 si
789 859 827 896 (a)
846 857 975 896 spiritus

204 911 340 950 perfecte
351 911 491 941 adhaeret
506 911 579 948 Deo,
592 911 635 941 sic
647 911 797 947 vivificat,
813 913 848 941 ut
863 920 976 950 corpus

205 965 366 1004 spirituale
385 965 497 995 efficiat
518 976 524 994 z
544 976 558 992 >i
578 974 657 1003 ergo
678 965 893 1001 manifestum,
916 967 974 995 etc.

245 1017 383 1048 Contra:
410 1018 681 1057 Quandocumque
705 1018 825 1057 aliquid
851 1020 896 1047 est
918 1017 976 1047 ali-

205 1072 299 1109 cujus
323 1071 413 1109 origo
439 1079 495 1109 per
519 1070 775 1103 redundantiam,
803 1070 977 1099 similitudo

205 1126 251 1153 est
266 1124 435 1162 utrobique
449 1126 479 1153 et
493 1123 690 1154 univocatio:
708 1123 761 1153 sed
778 1123 901 1153 claritas
913 1132 978 1153 cor-

205 1177 300 1216 poris,
319 1179 349 1207 et
364 1177 502 1216 spiritus,
521 1179 594 1207 sunt
610 1177 768 1207 claritates
786 1177 974 1216 aequivocae:

205 1239 283 1269 ergo
298 1229 367 1260 haec
381 1239 446 1260 non
460 1229 615 1260 redundat
631 1230 663 1259 in
679 1230 776 1259 illam.

247 1283 322 1313 Item
337 1292 430 1313 omne
446 1283 528 1322 quod
544 1285 589 1313 est
603 1283 643 1313 ab
655 1283 715 1313 alio
728 1292 784 1322 per
798 1283 977 1313 redundan-

206 1337 297 1373 tiam,
320 1336 373 1366 illo
392 1338 535 1376 separato
554 1337 624 1375 jam
648 1345 712 1366 non
732 1337 827 1366 inest:
853 1345 932 1375 ergo
952 1336 976 1365 si

205 1390 312 1420 anima
326 1392 526 1429 separaretur
546 1399 564 1419 a
585 1399 731 1429 corpore,
756 1398 870 1429 corpus
887 1390 977 1419 tieret

205 1444 395 1474 obscurum:
417 1443 501 1482 quod
526 1442 651 1473 videtur
674 1443 900 1473 inconveniens
927 1442 975 1471 di-

204 1505 284 1527 cere.

244 1550 331 1586 Item,
349 1549 433 1588 quod
449 1549 544 1579 habet
560 1548 695 1579 totaliter
710 1557 777 1578 esse
794 1557 848 1587 per
864 1548 977 1578 redun-

203 1602 342 1632 dantiam
370 1602 409 1632 ab
433 1601 554 1640 aliquo,
577 1601 622 1630 illi
648 1601 855 1639 conjunctum
878 1601 975 1639 parti-

203 1655 285 1694 cipat
305 1654 512 1694 proprietates
532 1654 600 1683 illas
621 1654 688 1683 sine
703 1653 808 1692 aliqua
822 1653 976 1683 immuta-

204 1708 288 1737 tione
302 1716 342 1737 ex
360 1709 448 1746 parte
464 1707 533 1737 sui:
555 1715 634 1745 ergo
654 1707 680 1735 si
703 1706 809 1735 anima
836 1706 975 1744 gloriosa

203 1760 351 1790 uniretur
372 1759 465 1789 modo
487 1759 611 1798 corpori
632 1758 788 1797 passibili,
807 1759 912 1797 ipsum
928 1759 974 1788 fa-

202 1814 286 1843 ceret
300 1812 513 1852 impassibile:
536 1811 589 1841 sed
610 1811 670 1841 hoc
684 1820 747 1841 non
764 1813 864 1850 potest
880 1813 972 1847 stare,

202 1864 277 1903 quia
290 1864 373 1903 quod
390 1864 427 1893 de
448 1863 589 1902 passibili
606 1872 660 1902 per
675 1864 823 1893 naturam
842 1864 896 1892 fiat
912 1863 973 1892 im-

203 1918 357 1958 passibile,
375 1920 423 1948 est
437 1928 456 1948 a
470 1918 587 1949 virtute
600 1918 723 1947 infinita
737 1927 744 1947 z
761 1927 839 1956 ergo
855 1927 919 1948 non
934 1919 973 1948 ab

202 1971 320 2001 anima.

243 2024 321 2054 Item
335 2024 442 2054 anima
457 2024 569 2054 Christi
587 2032 711 2053 summe
734 2025 801 2053 erat
823 2023 973 2061 gloriosa,

202 2079 232 2108 et
251 2086 364 2118 corpus
383 2086 508 2108 summe
526 2076 688 2116 passibile:
706 2085 784 2115 ergo
805 2079 835 2106 et
856 2076 975 2107 habens

202 2131 281 2161 alios
299 2130 454 2161 defectus:
478 2139 558 2168 ergo
578 2132 607 2159 et
628 2129 814 2168 hujusmodi
835 2130 974 2160 defectus

204 2193 267 2214 non
288 2184 431 2223 privatur
452 2192 508 2222 per
528 2183 663 2221 gloriam
685 2183 816 2219 animae,
843 2182 894 2212 sed
920 2191 975 2222 per

203 2237 388 2277 qualitatem
403 2236 580 2267 absolutam
595 2235 750 2275 corporis:
767 2244 855 2274 ergo,
872 2237 931 2266 etc.

476 2328 700 2361 CONCLUSIO.

205 2405 329 2439 Corporis
350 2405 437 2438 gloria
456 2405 481 2430 si
502 2404 672 2437 originaliter
692 2404 885 2434 consideretur,
909 2405 944 2429 cst
960 2411 977 2429 a

240 2450 293 2476 Deo
307 2449 386 2475 dante
398 2449 478 2483 dotes,
490 2456 548 2483 quoe
557 2450 618 2475 sunt
633 2449 780 2482 qualitates
796 2449 959 2483 dispositivoe
967 2458 974 2482 3

241 2494 445 2520 consummative
463 2495 550 2520 autem
573 2494 611 2519 est
626 2493 659 2518 ab
680 2493 787 2525 anima,
804 2494 846 2519 cui
861 2494 896 2519 est
916 2500 977 2519 con-

240 2538 372 2571 junctum.

249 2609 338 2648 ltesp.
365 2609 403 2638 ad
423 2618 494 2648 arg.
518 2609 689 2639 Dicendum
711 2609 797 2649 quod
822 2613 868 2640 est
891 2610 976 2649 loqui

208 2662 247 2693 de
262 2662 386 2693 dotibus
407 2662 562 2702 corporis,
584 2662 616 2692 in
635 2663 750 2702 quibus
771 2664 839 2702 ejus
855 2663 976 2703 glorifi-

1734 202 1786 231 58¹

1027 271 1107 301 catio
1127 270 1281 307 consistit,
1306 269 1356 300 vel
1377 270 1533 308 quantum
1553 267 1590 297 ad
1613 267 1790 307 dispositio-

1028 334 1115 361 nem,
1133 324 1183 354 vel
1200 325 1356 362 quantum
1372 322 1410 352 ad
1426 321 1730 352 consummationem
1745 333 1750 352 :
1768 322 1794 352 si

1028 380 1182 417 quantum
1206 377 1245 406 ad
1267 376 1518 414 dispositionem,
1551 374 1595 404 sic
1618 374 1687 404 dico
1711 375 1795 414 quod

1028 430 1135 461 dicunt
1149 429 1377 468 dispositiones,
1391 436 1464 467 quae
1477 429 1550 457 sunt
1565 427 1730 466 qualitates
1745 428 1798 457 ab·

1028 483 1139 513 solutae
1161 483 1260 521 ipsius
1283 481 1437 520 corporis,
1461 489 1532 519 quae
1555 481 1671 510 dantur
1695 481 1752 510 sibi
1779 491 1798 511 a

1029 536 1090 566 Deo
1114 536 1145 565 in
1169 536 1238 574 ejus
1261 535 1499 571 reformatione,
1526 534 1551 563 si
1578 536 1733 572 quantum
1759 534 1798 564 ad

1030 589 1349 625 consummationem,
1366 588 1409 618 sic
1424 588 1492 617 dico
1507 587 1592 626 quod
1606 589 1679 616 sunt
1694 597 1709 616 a
1728 587 1796 625 glo-

1030 643 1077 672 ria
1098 643 1229 674 animae,
1257 641 1323 671 sive
1346 641 1384 670 ab
1406 640 1513 669 anima
1536 640 1684 678 gloriosa.
1712 639 1799 670 Unde

1031 695 1111 725 sicut
1126 695 1158 725 in
1175 695 1321 734 praesenti
1337 694 1444 724 anima
1458 694 1490 723 in
1507 703 1622 732 corpus
1637 693 1753 729 influit,
1770 696 1800 723 et

1031 758 1086 787 per
1101 748 1185 778 illam
1203 748 1401 777 influentiam
1417 756 1531 786 corpus
1551 749 1598 776 est
1614 747 1798 783 coloratius7

1031 810 1146 840 corpus
1166 803 1211 831 est
1227 800 1415 835 durabilius,
1436 808 1550 838 corpus
1569 801 1615 829 est
1629 800 1801 829 virtuosius

1031 856 1061 884 et
1079 855 1213 892 agilius,
1229 863 1325 893 quam
1346 862 1417 883 cum
1438 853 1477 883 ab
1495 853 1529 889 (b)
1547 852 1653 881 anima
1672 862 1799 891 separa-

1033 910 1097 946 tur3
1115 908 1158 937 sic
1170 907 1313 937 similiter
1324 907 1391 937 (lIco
1402 907 1435 936 in
1450 906 1609 945 proposito
1621 915 1677 935 suo
1694 906 1799 942 modo,

1033 962 1115 1001 quod
1131 962 1237 991 anima
1253 961 1391 999 gloriosa
1405 960 1543 990 influens
1556 960 1588 989 in
1604 969 1718 998 corpus
1732 969 1802 989 om-

1033 1023 1087 1044 nes
1105 1015 1192 1044 dotes
1206 1015 1296 1052 istas,
1313 1014 1349 1043 ad
1372 1023 1452 1053 quas
1467 1012 1686 1051 dispositiones
1701 1012 1802 1042 habe-

1033 1067 1099 1104 bat,
1122 1076 1178 1106 per
1200 1067 1249 1097 sui
1271 1067 1527 1096 ret'm‘mationeni
1543 1066 1670 1104 {perficit
1689 1068 1718 1095 et
1734 1075 1804 1095 con-

1033 1122 1182 1149 summat.
1200 1119 1287 1149 Unde
1302 1119 1394 1148 credo
1407 1118 1490 1157 quod
1507 1118 1531 1147 si
1549 1127 1662 1156 corpus
1678 1128 1803 1158 separe-

1033 1176 1098 1210 tur,
1116 1173 1199 1212 quod
1212 1173 1269 1203 etsi
1285 1175 1366 1202 esset
1381 1172 1514 1208 clarum,
1532 1172 1656 1208 subtile,
1673 1172 1755 1210 agile
1772 1174 1803 1202 et

1033 1227 1236 1266 impassibile,
1247 1236 1311 1256 non
1322 1228 1428 1256 tamen
1438 1227 1481 1255 ita
1491 1228 1521 1255 ut
1532 1227 1566 1264 (c)
1578 1228 1665 1263 tunc,
1676 1227 1803 1264 quando

1033 1280 1139 1309 anima
1159 1280 1250 1310 beata
1268 1279 1326 1309 erit
1344 1279 1403 1308 sibi
1420 1280 1599 1317 conjuncta.
1622 1278 1659 1308 Et
1673 1287 1728 1317 per
1743 1278 1802 1308 hoc

1034 1335 1139 1372 patent
1163 1333 1285 1372 obiecta
1308 1333 1347 1362 ad
1374 1334 1541 1371 utramque
1566 1334 1697 1370 partem.
1726 1330 1804 1361 Nam

1034 1387 1145 1425 primae
1160 1386 1297 1416 rationes
1309 1385 1489 1421 ostendunt,
1505 1385 1588 1424 quod
1602 1387 1675 1414 sunt
1690 1385 1723 1414 in
1739 1393 1804 1414 cor-

1034 1450 1108 1479 pore
1125 1449 1180 1479 per
1201 1440 1398 1469 influentiam
1415 1448 1421 1467 :
1439 1438 1524 1477 quod
1545 1438 1670 1477 quidem
1687 1447 1801 1468 verum

1032 1496 1077 1523 est
1094 1495 1249 1533 quantum
1266 1493 1304 1523 ad
1316 1492 1635 1522 consummationem.
1647 1491 1800 1521 Seeundae

1033 1547 1169 1577 rationes
1183 1546 1367 1579 ostendunt,
1385 1545 1469 1584 quod
1494 1553 1556 1574 non
1574 1546 1649 1574 sunt
1668 1543 1804 1574 totaliter

1033 1601 1063 1629 in
1089 1609 1219 1635 corpore
1242 1608 1296 1638 per
1312 1598 1554 1628 redundantiam
1575 1607 1594 1627 a
1614 1597 1718 1635 gloria
1736 1598 1804 1626 ani-

1032 1662 1111 1683 mae:
1129 1655 1157 1682 el
1174 1653 1234 1682 hoc
1243 1652 1372 1691 quidem
1384 1660 1497 1681 verum
1513 1653 1575 1686 est;
1595 1650 1802 1689 praeexigitur

1031 1707 1117 1737 enim
1132 1706 1215 1745 quod
1229 1715 1247 1735 a
1263 1705 1323 1735 Deo
1345 1705 1535 1735 reformetur
1558 1703 1677 1740 habile,
1695 1706 1725 1733 et
1747 1713 1802 1742 per

1032 1759 1230 1789 influentiam
1258 1758 1373 1788 auimae
1398 1757 1451 1786 illa
1480 1756 1624 1786 habilitas
1650 1765 1799 1786 consum-

1032 1816 1146 1843 inetur.

1071 1866 1116 1895 Ad
1139 1865 1216 1895 illud
1234 1864 1318 1904 quod
1342 1863 1489 1903 objicitur
1509 1863 1546 1893 de
1566 1862 1796 1902 spiritualitate,

1029 1918 1197 1948 dicendum
1214 1917 1299 1957 quod
1314 1926 1428 1947 verum
1445 1918 1500 1952 est,
1515 1916 1570 1946 ubi
1585 1925 1685 1954 agens
1700 1917 1731 1945 et
1746 1925 1799 1955 pa-

1029 1972 1109 2002 tiens
1127 1971 1361 2001 communicant
1381 1970 1413 1999 in
1429 1969 1560 1999 materia
1575 1979 1581 1999 1
1600 1968 1653 1998 sed
1673 1977 1738 1998 nou
1753 1971 1799 1999 est

1030 2025 1073 2054 ita
1090 2025 1122 2053 in
1137 2024 1254 2061 anima,
1271 2026 1301 2053 et
1316 2023 1348 2053 in
1362 2031 1508 2061 corpore:
1525 2021 1608 2052 unde
1621 2022 1728 2052 anima
1744 2022 1800 2051 im-

1030 2078 1154 2109 mobilis
1169 2078 1309 2108 existens
1321 2085 1376 2116 per
1391 2076 1591 2106 influentiam
1606 2078 1713 2105 causat
1729 2084 1797 2105 mo-

1030 2134 1099 2162 tum
1112 2131 1146 2161 in
1157 2140 1303 2170 corpore:
1316 2130 1360 2160 sic
1372 2131 1403 2159 et
1414 2129 1446 2158 in
1457 2129 1526 2159 aliis
1538 2128 1796 2168 proprietatibus:

1030 2185 1073 2215 sic
1087 2185 1199 2215 dicitur
1215 2184 1299 2215 calor
1321 2182 1466 2213 animalis
1482 2191 1561 2219 esse,
1586 2182 1634 2212 vel
1651 2181 1738 2211 exire
1760 2182 1799 2211 ab

1029 2238 1146 2268 anima.

1290 2311 1413 2343 SECTIO
1434 2309 1475 2345 (d)
1502 2311 1535 2342 ΙΙ.

1071 2399 1313 2437 Consequenter,
1330 2399 1485 2436 quantum
1505 2397 1544 2427 ad
1560 2397 1733 2427 secundum
1749 2405 1800 2425 ar-

1033 2451 1165 2482 ticulum
1188 2451 1239 2490 (e),
1268 2450 1424 2490 quaeritur
1451 2450 1488 2480 dc
1521 2449 1642 2480 dolium
1670 2448 1799 2479 distinc-

1032 2505 1133 2541 tione;
1156 2506 1186 2534 et
1208 2504 1289 2533 circa
1304 2504 1363 2534 hoc
1378 2504 1440 2534 duo
1461 2504 1672 2542 quaeruntur:
1696 2502 1800 2540 primo

1065 2563 1070 2578 ¹
1084 2562 1169 2592 Arist„
1180 2562 1209 2585 de
1219 2562 1307 2592 Anim,
1320 2561 1362 2584 lib.
1379 2562 1397 2591 1,
1410 2563 1476 2585 cont.
1491 2563 1528 2584 ill).
1540 2574 1569 2577 —
1581 2560 1606 2582 ‘¹1
1623 2559 1689 2586 Cor„
1707 2565 1748 2589 xv,
1764 2561 1800 2583 [ὠ.

1065 2603 1095 2632 (α)
1114 2603 1173 2627 Coet.
1194 2602 1253 2626 edit.
1271 2602 1344 2625 sicut.
1364 2615 1393 2619 -
1412 2601 1444 2631 (A)
1465 2601 1526 2624 Coet.
1545 2600 1604 2623 edil.
1625 2599 1689 2622 deest
1708 2599 1749 2622 ab.
1777 2613 1800 2616 —

1034 2640 1062 2669 (c,
1078 2638 1145 2664 Edit.
1166 2638 1221 2661 Vcn.
1236 2639 1321 2661 aut.--
1336 2637 1374 2667 (d)
1389 2637 1429 2661 Al.
1446 2641 1628 2660 uirtutibus-
1645 2635 1674 2665 (c)
1694 2635 1737 2658 Vel
1751 2642 1803 2659 sce-

1033 2673 1130 2697 tionem
1143 2672 1281 2697 secundam
1296 2672 1391 2696 articuli
1409 2670 1482 2701 primi
1497 2669 1648 2700 principalis

1817 1875 1880 1900 Hesp.
1893 1874 1919 1894 ad

1828 1906 1866 1925 ult.
1879 1905 1905 1925 ad

1823 1937 1907 1963 opposi-

1849 1970 1901 1987 lum.
