1991 3006
211 170 269 198 460

210 235 253 265 ris
267 234 306 265 ad
319 234 422 273 ipsum
431 256 438 270 ‚
451 241 546 272 quam
559 233 726 271 virgarum
741 234 780 264 ad
791 236 951 273 serpentes
969 243 976 264 :

211 288 265 318 sed
290 286 452 326 productio
473 290 657 325 serpentum
679 295 718 316 ex
741 286 841 324 virgis
867 294 981 324 mago-

212 350 298 377 rum,
324 339 469 378 quamvis
495 339 670 369 ministerio
692 340 778 369 tieret
807 339 978 376 diabolico,

212 396 317 423 tamen
331 395 397 422 erat
413 391 566 422 naturalis
583 402 588 421 :
607 401 686 430 ergo
697 417 704 429 7
723 394 781 421 ete.

252 448 281 475 6.
300 445 375 475 Item
394 445 478 484 quod
499 445 592 475 estin
608 445 749 485 appetitu
768 447 891 475 naturae
903 469 910 482 ,
937 448 982 475 est

212 498 374 535 naturale,
392 497 467 537 quia
493 500 605 527 natura
621 507 685 527 non
703 498 846 528 fundavit
862 498 980 537 appeti-

212 554 280 581 tum
304 552 419 581 frustra
437 562 442 580 z
461 551 514 581 sed
534 552 641 581 anima
658 551 843 581 naturaliter
865 552 982 590 appetit

212 604 331 634 reuniri
356 604 496 643 corpori,
528 604 587 634 hoc
608 607 727 634 constat
751 613 805 643 per
828 604 981 642 Augusti-

212 667 290 687 num
308 665 401 696 super
418 657 561 688 Genesim
577 657 620 688 ad
634 657 793 694 litteram,
812 657 865 687 ubi
881 657 954 687 dicit
972 658 979 674 ¹

212 711 296 750 quod
320 711 427 741 anima
452 713 577 750 propter
600 711 776 750 appetitum
803 710 840 740 ad
868 720 983 750 corpus

213 764 410 802 retardatur,
441 774 479 794 ne
509 766 572 794 tota
600 764 774 793 intentione
802 764 921 793 feratur
950 763 983 793 in

213 827 377 848 summum
400 818 516 848 coelum
535 828 542 847 2
562 827 657 856 ergo,
683 819 741 847 etc,
768 817 799 847 Si
821 819 856 846 tu
879 816 982 854 dicas,

214 871 298 910 quod
313 870 469 910 appetitus
484 872 529 900 est
544 872 667 900 tantum
682 879 722 900 ex
737 871 824 908 parte
845 869 962 899 animae
974 893 982 904 ,

215 923 388 954 ostenditur
403 923 498 953 etiam
513 923 597 962 quod
614 932 654 953 ex
678 924 765 962 parte
789 922 960 962 pulverum
976 933 983 959 ;

215 977 288 1016 quia
303 985 417 1015 corpus
433 976 610 1006 humanum
632 985 671 1005 ex
687 976 910 1014 conjunctione
931 975 981 1005 sui

215 1040 288 1060 cum
304 1030 410 1059 anima
433 1030 527 1060 habet
549 1030 688 1059 ordinari
706 1029 745 1059 ad
764 1029 986 1059 immortalita-

217 1084 280 1112 tem
293 1093 298 1112 :
314 1082 367 1112 sed
382 1083 563 1122 conjunctio
581 1082 650 1112 talis
665 1091 739 1112 cum
751 1082 857 1112 anima
871 1084 917 1112 est
934 1091 986 1111 na-

217 1135 325 1165 turalis
343 1146 350 1165 2
366 1144 445 1173 ergo
459 1137 489 1165 et
505 1135 556 1165 illa
574 1135 728 1165 ordinatio
746 1147 752 1165 ;
768 1136 821 1165 sed
836 1135 929 1172 illud,
947 1135 985 1164 ad

216 1187 301 1227 quod
316 1197 366 1217 res
387 1187 574 1218 naturaliter
589 1188 765 1225 ordinatur,
783 1188 877 1217 habet
893 1190 984 1217 natu—

217 1241 315 1271 ralem
331 1241 523 1280 appetitum,
542 1243 578 1270 ut
594 1240 680 1279 ignis
704 1241 742 1270 ad
758 1249 887 1270 sursum
907 1251 912 1270 :
936 1249 985 1270 er-

218 1303 260 1333 go
271 1317 280 1331 ,
297 1296 355 1324 etc.
382 1293 560 1331 Praeterea,
588 1294 734 1333 pulveres
750 1293 794 1322 illi
819 1295 873 1322 ant
889 1293 987 1322 resol—

219 1349 339 1377 vuntur
355 1346 387 1376 in
402 1346 558 1376 elementa
573 1346 695 1385 prima,
713 1348 767 1376 aut
781 1355 845 1375 non
863 1357 869 1375 2
887 1346 912 1375 si
927 1345 986 1383 sic7

219 1409 292 1430 cum
308 1400 463 1430 elementa
478 1399 540 1429 sint
563 1399 781 1437 homogenea,
804 1408 868 1429 non
887 1398 990 1437 magis

219 1453 336 1484 habent
351 1453 583 1483 ordinationem
599 1453 637 1482 ad
659 1461 774 1491 corpus
789 1452 969 1482 humanum
979 1475 988 1489 ,

219 1517 316 1547 quam
327 1507 389 1537 alia
404 1517 476 1547 pars
489 1507 650 1545 elementi⁷
665 1516 736 1547 quae
748 1516 915 1546 nunquam
931 1507 990 1537 suit

221 1570 333 1600 corpus
349 1570 356 1590 ;
373 1569 453 1599 ergo
470 1570 534 1591 non
550 1563 597 1591 est
613 1561 714 1600 major
730 1560 819 1597 ratio,
839 1569 936 1598 quare
953 1560 990 1590 de

219 1622 256 1644 eo
272 1614 387 1643 iteruin
410 1614 465 1643 fiat
488 1614 526 1651 (al
544 1622 659 1652 corpus
674 1613 854 1643 humanum
868 1637 876 1650 ,
893 1622 990 1652 quam

219 1666 257 1696 de
272 1666 333 1696 alio
347 1677 352 1696 :
371 1666 453 1705 quod
470 1666 582 1696 salsum
597 1668 652 1696 est.
667 1666 698 1696 Si
713 1675 776 1696 non
788 1666 990 1696 resolvuntur

221 1719 254 1748 in
275 1718 429 1749 elementa
446 1718 568 1757 prima,
595 1719 701 1758 aliqua
722 1719 770 1749 vis
789 1721 892 1755 tenet,
920 1727 991 1757 quae

222 1771 315 1802 estin
335 1771 411 1810 ipsis
428 1772 631 1811 pulveribus,
653 1774 683 1802 et
710 1780 765 1810 per
782 1771 883 1810 ipsam
907 1771 992 1801 ordi-

222 1826 340 1855 nantur
354 1824 393 1854 ad
413 1825 595 1855 ulteriorem
622 1825 758 1855 formam
775 1836 781 1854 2
802 1833 881 1863 ergo
898 1827 993 1854 natu-

222 1877 320 1907 ralem
337 1887 344 1908 :
362 1887 441 1917 ergo
455 1880 595 1917 exparte
611 1879 752 1918 corporis
767 1880 797 1908 et
814 1878 929 1909 animae
946 1880 993 1908 est

224 1931 411 1962 resurrectio
427 1931 591 1961 naturalis.

497 2049 719 2081 CONCLUSIO.

224 2137 387 2163 Resurrectio
416 2145 449 2163 ew
474 2138 550 2171 parte
578 2138 780 2169 reformationis
807 2139 925 2172 corporis
959 2142 994 2164 est

260 2183 352 2207 contra
376 2183 519 2212 naturam3
547 2188 579 2207 επ
598 2182 677 2215 parte
703 2181 810 2207 unionis
838 2181 934 2207 animae
960 2181 995 2208 ad

260 2232 366 2259 corpus,
383 2225 533 2257 naturalz'53
550 2227 573 2251 et
590 2225 678 2258 quoad
694 2225 900 2258 inseparabilem
915 2225 994 2251 colli-

260 2270 383 2303 qantiam
395 2271 547 2303 utriusque,
566 2271 603 2295 est
617 2276 701 2303 supra
714 2270 852 2295 naturam.

267 2355 358 2395 Resp.
373 2355 412 2385 ad
424 2364 496 2394 arg.
512 2354 685 2385 Dicendum
696 2354 781 2394 quod
794 2354 826 2384 in
838 2363 996 2385 resurrec-

226 2409 311 2440 tione
325 2408 382 2438 tria
396 2409 471 2438 sunt
485 2418 491 2437 t
506 2407 646 2447 primum
661 2409 707 2437 est
721 2408 860 2447 corporis
873 2417 912 2437 ex
928 2408 996 2447 pul-

228 2462 356 2493 veribus
371 2460 570 2497 resormati03
586 2460 777 2496 secundum,
796 2460 855 2499 ipsi
872 2462 996 2500 corpori

229 2515 398 2545 reformato
413 2513 527 2544 anima}
544 2513 636 2549 unio;
660 2513 789 2543 tertium
800 2536 809 2550 ,
832 2513 996 2544 unitorum

230 2566 446 2607 inseparabilis
468 2565 638 2604 colligatio.
661 2565 806 2595 Primum
823 2568 869 2596 est
888 2569 998 2597 contra

264 2630 355 2660 ¹Aug.,
370 2628 399 2652 (le
414 2628 499 2653 Genes.
513 2627 544 2651 ad
558 2627 614 2658 litt„
626 2626 670 2650 lib.
687 2627 741 2657 ΧΗ,
756 2634 778 2651 c.
794 2633 871 2658 xxxv,
887 2635 912 2652 n.
927 2630 966 2654 68.

766 166 1075 198 sENTENTlARUM
1097 168 1170 198 LIB.
1192 168 1242 199 lv.

1034 237 1180 265 naturam
1195 259 1202 271 ,
1220 235 1250 264 id
1265 237 1311 265 cst
1327 238 1435 266 contra
1457 235 1584 265 solitum
1600 244 1729 266 cursum
1743 246 1799 268 na-

1036 291 1132 324 turae,
1152 298 1224 328 quae
1251 291 1350 328 potest
1374 289 1509 328 perfecta
1529 288 1688 318 destruere
1704 313 1712 326 ‚
1737 298 1800 320 non

1036 342 1192 372 destructa
1203 351 1360 381 reparare.
1375 342 1554 372 Secundum
1568 344 1614 372 est
1627 342 1803 372 secundum

1036 397 1203 431 naturam,
1222 395 1306 434 quod
1326 395 1432 424 anima
1452 394 1568 433 optime
1597 395 1721 434 corpori
1744 394 1803 424 sibi

1036 447 1236 485 organistam,
1259 447 1308 477 cui
1331 446 1526 477 desiderabat
1543 447 1644 484 uniri,
1662 447 1803 478 uniatur.

1037 500 1177 530 Tertium
1191 502 1237 530 est
1252 509 1347 539 supra
1364 502 1520 537 naturam,
1538 500 1652 530 scilicet
1667 500 1751 539 quod
1765 509 1805 530 ex

1037 553 1232 592 corruptibili
1249 554 1302 582 tint
1326 553 1582 592 incorruptibile,
1600 562 1663 583 non
1682 562 1805 592 separa-

1038 606 1108 635 bile.
1130 606 1284 642 Quoniam
1312 606 1413 645 igitur
1437 606 1578 645 primum
1601 608 1631 636 et
1654 606 1804 637 ultimum

1038 661 1083 688 est
1105 668 1168 688 non
1191 668 1208 688 a
1230 662 1360 696 natura,
1387 658 1440 688 sed
1465 668 1577 697 supra,
1605 658 1653 688 vel
1675 661 1804 695 contra;

1040 712 1109 742 ideo
1125 721 1188 741 non
1203 714 1248 741 est
1262 712 1429 741 dicendum
1444 712 1706 742 resurrectionem
1718 714 1806 742 natu-

1039 765 1137 794 ralem
1154 774 1221 794 esse
1232 788 1239 800 ‚
1256 764 1309 794 sed
1324 773 1420 803 supra
1437 766 1595 794 naturam.

1081 821 1092 847 rl
1112 820 1141 847 et
1157 820 1185 847 2.
1206 817 1251 847 Ad
1264 817 1339 847 illud
1355 826 1434 855 ergo
1450 816 1534 856 quod
1551 816 1708 855 objicitur,
1724 816 1809 856 quod

1041 870 1204 909 probatur,
1222 872 1252 900 et
1277 872 1479 908 comparatur
1495 869 1732 908 operationibus
1752 878 1808 899 na-

1042 926 1121 953 turae
1136 933 1142 952 :
1161 922 1329 952 dicendum
1344 922 1429 961 quod
1445 922 1586 961 probatio
1601 924 1647 952 est
1661 922 1761 959 bona,
1777 923 1809 952 et

1041 984 1096 1014 per
1110 975 1214 1005 locum
1230 984 1247 1004 a
1268 975 1394 1005 minori.
1420 974 1453 1005 Si
1468 975 1552 1005 enirn
1571 977 1686 1005 natura
1708 977 1812 1006 creata

1041 1030 1141 1066 potest
1165 1028 1265 1057 facere
1288 1028 1399 1058 vivum
1423 1028 1460 1058 de
1476 1030 1617 1065 mortuo,
1635 1027 1672 1058 de
1693 1027 1813 1058 semine

1042 1090 1140 1119 parvo
1156 1080 1256 1110 facere
1282 1090 1439 1119 magnum
1454 1089 1587 1120 corpuS,
1607 1090 1680 1120 quae
1695 1083 1741 1111 est
1755 1090 1813 1120 po-

1043 1133 1147 1162 tentiae
1166 1133 1279 1170 finitae;
1300 1133 1399 1163 multo
1418 1134 1523 1171 magis
1540 1133 1621 1163 Deus
1641 1135 1740 1172 potest
1757 1141 1812 1173 per

1043 1194 1074 1215 se
1092 1186 1191 1215 facere
1207 1185 1244 1215 de
1259 1185 1388 1215 homine
1408 1196 1414 1215 :
1433 1188 1463 1215 et
1477 1185 1516 1215 ad
1530 1186 1590 1216 hoc
1605 1185 1738 1216 tendunt
1753 1185 1814 1216 illae

1048 1238 1185 1268 rationes
1211 1240 1242 1268 et
1264 1238 1523 1277 comparationes.
1550 1238 1587 1268 Et
1607 1240 1734 1278 propter
1756 1238 1816 1269 hoc

1044 1291 1117 1321 dicit
1134 1292 1336 1330 Augustinus
1352 1302 1358 1322 ι
1376 1292 1578 1322 «Certissima
1593 1292 1652 1322 erit
1666 1292 1756 1323 nobis
1767 1301 1815 1322 re-

1044 1344 1207 1381 surrectio,
1219 1344 1243 1373 si
1254 1353 1380 1374 cursum
1388 1345 1564 1375 naturalem
1573 1345 1785 1376 attendamus:
1796 1355 1810 1373 1)

1045 1406 1107 1427 non
1123 1397 1198 1436 quia
1213 1397 1281 1436 ipsa
1297 1398 1334 1426 sit
1351 1400 1476 1435 natura,
1494 1398 1547 1428 sed
1560 1398 1635 1437 quia
1644 1398 1683 1428 ab
1698 1406 1735 1428 eo
1747 1397 1816 1428 haec

1046 1450 1158 1480 melius
1180 1452 1281 1489 potest
1310 1450 1396 1487 fieri⁷
1425 1459 1521 1490 qnam
1544 1460 1562 1480 a
1583 1454 1697 1481 natura
1717 1450 1816 1490 possit

1046 1503 1131 1540 fieri,
1151 1503 1268 1532 scilicet
1283 1502 1345 1533 Deo
1357 1527 1366 1540 ,
1383 1512 1477 1542 opera
1493 1512 1562 1533 sua.

1087 1559 1114 1586 3.
1135 1556 1181 1586 Ad
1198 1555 1273 1586 illud
1300 1556 1383 1594 quod
1401 1556 1550 1594 objicitur
1570 1556 1608 1586 de
1628 1555 1818 1595 opportuni-

1046 1610 1110 1638 tate
1122 1632 1130 1645 ,
1147 1608 1315 1638 dicendum
1332 1608 1415 1647 quod
1440 1611 1486 1638 est
1503 1609 1722 1648 opportunitas
1746 1617 1817 1638 ma-

1047 1661 1153 1699 teriae,
1183 1663 1213 1691 et
1236 1661 1417 1698 efficientis,
1447 1661 1527 1691 sicut
1543 1663 1573 1691 et
1596 1661 1763 1691 necessitas
1786 1663 1817 1692 et

1047 1714 1264 1753 opportunitas
1279 1723 1297 1743 a
1312 1715 1399 1752 parte
1419 1713 1600 1750 efficientis,
1626 1716 1673 1744 est
1694 1714 1818 1744 ratione

1048 1767 1316 1798 immutabilitatis
1327 1790 1334 1804 ,
1351 1775 1415 1796 non
1430 1766 1612 1798 coactionis.
1628 1766 1666 1797 Et
1679 1767 1749 1797 ideo
1765 1776 1819 1806 op-

1048 1823 1224 1860 portunum
1237 1844 1247 1858 ,
1263 1820 1340 1859 quia
1357 1819 1438 1850 Deus
1454 1820 1592 1850 decrevit
1608 1822 1638 1850 et
1652 1819 1817 1860 disposuit,

1049 1883 1112 1904 non
1127 1873 1203 1913 quia
1216 1872 1436 1912 compellatur,
1453 1872 1504 1903 vel
1520 1875 1555 1903 ut
1569 1873 1702 1903 materIa
1717 1881 1821 1903 neces-

1049 1927 1131 1957 sario
1146 1936 1187 1957 ex
1202 1928 1291 1966 parte
1305 1928 1430 1956 naturae
1447 1928 1646 1965 praeparetur
1669 1936 1676 1956 z
1701 1928 1731 1956 et
1752 1925 1821 1956 ideo

1050 1980 1120 2010 talis
1135 1980 1355 2019 opportunitas
1371 1988 1435 2009 non
1458 1979 1551 2009 infert.
1566 1978 1751 2018 hujusmodi
1770 1987 1821 2009 re-

1050 2032 1277 2062 surrectionem
1288 2042 1353 2062 esse
1369 2042 1388 2062 a
1400 2041 1493 2062 causa
1502 2031 1659 2069 naturali,
1672 2040 1746 2062 cum
1763 2033 1823 2062 stet

1050 2094 1122 2114 cum
1138 2094 1233 2115 causa
1247 2085 1354 2115 divina
1368 2084 1650 2124 supernaturaliter
1661 2086 1820 2123 operante.

1091 2142 1109 2169 4
1125 2142 1155 2170 et
1175 2141 1204 2170 5.
1227 2139 1272 2169 Ad
1288 2139 1363 2169 illud
1386 2139 1470 2178 quod
1487 2138 1646 2177 objicitur,
1663 2138 1747 2178 quod
1765 2147 1821 2169 na-

1052 2195 1123 2223 tura
1138 2194 1240 2232 potest
1254 2192 1314 2222 dici
1333 2192 1371 2222 de
1386 2192 1453 2229 his,
1480 2200 1553 2230 quae
1573 2193 1724 2230 generata
1748 2194 1823 2222 sunt

1052 2255 1107 2285 per
1126 2245 1405 2285 putrefactionem,
1431 2244 1513 2275 etde
1532 2244 1748 2283 serpentibus,
1776 2244 1825 2275 di-

1052 2300 1187 2331 cendum
1209 2300 1293 2339 quod
1318 2299 1464 2338 quaedam
1485 2308 1503 2328 a
1527 2300 1641 2328 natura
1666 2298 1822 2330 modicam

1052 2353 1321 2392 organizationem
1342 2351 1480 2387 habent,
1506 2352 1614 2390 utpote
1646 2360 1772 2383 vermes
1792 2356 1825 2384 et

1053 2405 1200 2436 animalia
1215 2405 1353 2444 corporis
1364 2403 1509 2434 annulosi
1522 2414 1528 2433 :
1546 2405 1576 2433 et
1586 2403 1698 2434 talium
1711 2407 1757 2435 est
1772 2414 1825 2436 na-

1053 2463 1123 2490 tura
1149 2458 1333 2499 productiva
1356 2466 1411 2498 per
1430 2456 1701 2496 putrefactionem.
1729 2457 1823 2494 Quae-

1053 2513 1126 2543 dam
1142 2511 1349 2550 completam,
1368 2512 1401 2540 ut
1415 2509 1564 2540 animalia
1579 2509 1740 2540 sensibilia
1754 2519 1824 2550 per-

1054 2566 1148 2601 tecta,
1165 2566 1195 2594 et
1215 2563 1389 2601 gradientia
1402 2586 1409 2600 ,
1427 2564 1461 2593 ut
1475 2571 1596 2602 equus;
1622 2564 1652 2593 et
1671 2562 1746 2593 talia
1760 2571 1825 2594 non

1086 2627 1121 2658 (a)
1137 2627 1198 2651 Coet.
1216 2625 1275 2651 edit.
1291 2625 1341 2650 fiet.
