1991 3006
181 173 218 201 58
737 161 1047 196 SENTENTIARUM
1068 166 1143 197 LIB.
1170 166 1218 198 IV.

180 239 250 269 tum
264 235 431 276 praesentis
448 233 591 264 Ecclesiae
606 243 612 261 ;
630 232 682 262 sed
698 232 729 261 in
746 235 846 261 morte
865 232 949 261 lianc

180 292 296 321 statum
321 288 505 328 egreditur:
530 294 608 324 ergo
632 285 757 315 videtur
775 285 859 324 quod
879 294 949 315 am-

181 343 264 383 plius
279 342 358 372 nihil
374 342 412 371 ab
428 350 464 371 eo
479 339 639 378 exigatur.

221 399 250 426 3.
270 396 349 426 Item
364 395 395 424 in
412 395 513 424 morte
527 391 704 422 absolvitur
720 391 791 431 quis
809 391 849 421 ab
864 391 950 420 omni

182 449 330 480 mandato
345 459 352 478 ε
376 456 453 486 ergo
469 448 499 476 et
513 455 532 476 a
546 445 694 475 mandato
715 444 949 481 satisfactionis,

182 506 212 535 et
230 501 433 534 consessionis
445 524 452 537 ‚
474 501 504 529 et
523 498 704 538 lmJ'usmodi
721 507 727 527 :
753 497 805 526 sed
832 496 952 536 punitio

183 566 239 597 pro
261 554 393 595 peccatis
415 553 583 583 satisfactio
604 554 672 582 est:
698 560 776 590 ergo
800 551 952 580 liberatur

182 609 329 648 deinceps
348 607 387 637 ab
402 607 489 637 omni
509 606 612 637 debito
635 604 830 644 punitionis:
853 612 951 642 ergo,

183 664 217 691 ut
234 661 369 697 videtur,
386 659 522 699 amplius
538 668 600 688 non
618 658 758 697 punitur.

223 717 252 744 4.
273 713 351 744 Item
367 713 497 753 pronior
511 713 556 742 est
575 711 657 741 Deus
671 710 710 740 ad
727 709 952 745 miserendum,

182 776 278 807 quam
294 766 333 797 ad
354 764 654 796 condemnandum:
677 762 731 792 sed
752 762 953 792 decedentem

183 821 216 850 in
231 818 356 850 mortali
379 819 506 858 peccato
525 817 630 847 statim
651 816 859 846 condemnat:
877 822 954 853 ergo

183 870 385 901 decedentem
398 869 432 898 in
447 869 597 898 charitate
613 866 719 897 statim
733 865 902 905 glorificat.

224 926 253 954 5.
278 922 355 953 Item
379 921 534 961 potentior
555 922 602 951 est
616 919 753 950 charitas
772 918 809 948 ad
826 918 953 948 elevan-

183 977 277 1011 dum,
308 984 405 1015 quam
429 974 468 1004 sit
492 973 632 1004 mortalis
663 971 755 1011 culpa
783 971 822 1000 ad
849 969 953 1010 depri-

184 1029 355 1060 mendum:
373 1028 426 1058 sed
443 1027 535 1067 culpa
551 1025 692 1056 mortalis
707 1025 814 1055 statim
830 1024 955 1054 demer-

186 1085 234 1124 git
253 1085 287 1114 in
301 1084 453 1123 abyssum
467 1093 473 1112 ;
490 1090 568 1120 ergo
583 1080 719 1111 charitas
733 1078 838 1109 statim
855 1077 957 1107 elevat

186 1138 219 1167 in
235 1136 368 1167 coelum:
394 1144 472 1173 ergo
492 1143 555 1164 non
580 1136 627 1164 est
649 1141 765 1172 ponere
785 1132 855 1170 post
870 1138 955 1160 mor-

186 1192 249 1219 tem
266 1189 392 1228 aliquod
413 1187 614 1227 supplicium.

226 1245 255 1273 6.
273 1242 349 1272 Item
366 1244 465 1272 status
480 1243 550 1280 post
564 1242 699 1271 mortem
715 1238 882 1277 respondet
900 1238 957 1266 sta-

187 1295 232 1325 tui
255 1295 309 1334 qui
334 1296 379 1324 est
401 1294 433 1324 iu
458 1294 527 1323 via:
545 1293 598 1323 sed
620 1293 653 1322 in
676 1291 729 1322 via
751 1300 814 1321 nou
831 1292 875 1319 est
898 1289 957 1319 nisi

187 1347 304 1387 duplex
322 1349 439 1383 status,
461 1346 573 1376 scilicet
594 1345 770 1381 bonorum,
800 1346 831 1373 et
859 1342 958 1373 malo-

188 1409 285 1431 rum:
306 1409 386 1439 ergo
411 1401 481 1439 post
504 1400 639 1429 mortem
658 1407 722 1427 non
746 1399 793 1427 est
818 1396 879 1426 uisi
899 1395 959 1426 du-

188 1453 278 1493 plex:
297 1462 374 1492 ergo
396 1453 501 1482 statim
522 1452 628 1481 anima
652 1449 828 1481 decedentis
849 1448 897 1479 vel
913 1450 959 1478 est

188 1507 220 1536 in
240 1506 385 1546 paradiso
400 1514 473 1535 cum
496 1504 604 1541 honis,
628 1502 678 1534 vel
698 1503 732 1532 in
748 1502 870 1532 inferno
886 1510 959 1532 cum

189 1559 290 1590 malis.

462 1626 685 1658 CONCLUSIO.

190 1711 256 1738 Cum
275 1710 375 1736 debitor
390 1716 474 1744 poenoe
493 1708 600 1741 inyredi
620 1715 671 1733 non
686 1707 777 1733 valeat
792 1707 898 1736 caelum,
915 1713 960 1731 ne-

226 1763 290 1782 cesse
310 1756 345 1781 est
365 1762 417 1781 esse
433 1754 637 1788 purgatorium,
652 1752 698 1778 ubi
714 1752 848 1786 purgatur
864 1752 962 1784 tempo<

226 1801 294 1827 ralis
305 1807 386 1834 poena
401 1797 419 1824 ¹.

231 1879 325 1918 Resp.
342 1878 381 1908 ad
394 1885 464 1916 arg.
480 1875 653 1906 Dicendum
675 1874 770 1914 quod,
792 1874 871 1904 sicut
887 1873 961 1903 dicit

193 1932 373 1971 Scriptura,
389 1932 419 1960 et
434 1929 635 1959 auctoritates
649 1928 831 1957 sanctorum
846 1950 852 1964 ‚
868 1928 899 1956 et
914 1934 964 1956 re-

194 1984 366 2016 velationes
378 1983 494 2022 plures,
512 1984 543 2012 et
556 1981 693 2012 rationes
709 1980 915 2016 concordant,
935 1981 965 2008 et

194 2038 330 2070 Ecclesia
345 2035 533 2066 universalis
548 2035 727 2071 confirmat,
743 2041 816 2072 quae
831 2041 888 2071 pro
904 2031 966 2061 illis

195 2092 275 2128 orat,
291 2090 408 2128 absque
423 2088 519 2119 dubio
544 2089 613 2126 post
630 2086 712 2116 hanc
728 2086 827 2116 vitam
846 2087 891 2116 est
910 2093 966 2124 po-

196 2152 270 2174 nere
284 2151 410 2182 poenam
426 2141 658 2180 purgatoriam.
680 2139 769 2169 Ratio
784 2141 890 2169 autem
905 2138 966 2168 hu—

193 2199 248 2237 J‘us
271 2198 316 2227 est
341 2195 421 2231 ista,
449 2194 548 2234 quia²
567 2194 725 2225 um'versoe
749 2193 810 2224 υἱέι)
839 2191 970 2223 Domini

197 2247 420 2282 misericordia
445 2251 474 2279 et
493 2247 622 2279 veritas.
642 2246 692 2276 Sic
714 2248 821 2276 autem
845 2244 967 2274 miseri-

199 2303 305 2335 cordia
318 2302 416 2342 parcit
432 2300 597 2338 Dominus,
612 2301 647 2330 ut
658 2298 785 2330 veritati
800 2297 867 2328 sive
880 2296 970 2336 justi-

199 2357 251 2388 tiae
265 2364 331 2386 non
346 2355 400 2384 ssat
416 2352 653 2393 praejudicium:
670 2352 741 2382 ideo
756 2350 886 2381 dimittit
900 2349 971 2379 cul-

199 2418 273 2450 pam
290 2410 321 2439 et
340 2415 469 2447 poenam
494 2407 646 2436 aeternam
660 2429 667 2443 ‚
691 2405 734 2434 ita
754 2405 861 2433 tamen
886 2402 971 2442 quod

201 2462 377 2501 obligatum
405 2461 509 2490 teneat
532 2459 570 2489 ad
600 2467 727 2497 poenam
752 2456 970 2496 temporalem.

202 2516 249 2547 Ab
259 2514 318 2545 hac
329 2515 436 2544 autem
447 2521 539 2552 poena
550 2520 613 2542 non
624 2510 798 2541 absolvitur
811 2510 843 2539 in
858 2511 972 2546 morte,

235 2596 239 2609 ¹
260 2595 301 2624 Cf.
319 2594 390 2619 Cone.
411 2592 492 2622 Tral„
504 2600 566 2616 sess.
584 2598 618 2622 vx,
633 2598 688 2615 can.
704 2592 741 2620 30,
765 2593 787 2614 et
807 2597 868 2614 sess.
886 2590 930 2613 uit.
948 2589 973 2612 in

204 2630 282 2662 princ.
294 2643 322 2647 —
335 2630 342 2644 ²
354 2629 421 2653 Psal.
434 2635 505 2657 xxw,
524 2630 559 2652 10.

1007 233 1157 272 quoniam
1177 236 1200 262 ;·
1218 237 1276 263 :ius
1298 236 1366 273 post
1382 241 1517 265 mortem
1533 243 1596 265 non
1614 238 1774 275 repugnat

1007 285 1163 324 punitioni
1174 286 1301 324 animae,
1314 288 1462 326 quamvis
1472 296 1535 318 non
1547 290 1702 327 competat
1712 297 1774 319 me-

1008 337 1069 367 rito
1089 339 1243 377 ejusdem.
1273 339 1452 370 Puniuntur
1475 340 1561 371 enim
1587 339 1720 378 animae,
1745 343 1776 371 et

1008 391 1228 430 praemiantur.
1250 391 1287 422 Et
1309 392 1378 424 ideo
1401 402 1475 423 cum
1504 402 1568 424 non
1595 393 1657 423 sint
1684 393 1776 424 alicui

1008 444 1111 474 taliter
1134 445 1266 475 remissa
1286 448 1430 485 peccata,
1452 447 1529 485 quin
1552 445 1714 484 obligetur
1739 445 1778 476 ad

1008 496 1148 536 aliquam
1169 506 1310 536 poenam,
1334 498 1391 527 uisi
1413 498 1468 528 fiat
1490 508 1545 538 per
1559 498 1778 538 baptismalem

1009 550 1158 588 gratiam,
1171 552 1201 579 et
1214 550 1253 580 ab
1265 559 1301 579 ea
1311 550 1503 589 obligatione
1516 560 1580 582 nou
1592 551 1776 589 absolvitur7

1009 604 1039 632 et
1053 603 1175 633 debitor
1196 611 1298 642 poenae
1316 613 1379 633 non
1401 604 1497 643 possit
1521 613 1594 634 cum
1613 604 1716 634 debito
1731 604 1781 634 iu-

1010 656 1099 694 gredi
1117 656 1232 686 coelum
1246 679 1253 691 ,
1271 656 1484 686 necessarium
1508 658 1554 686 est
1575 665 1641 687 esse
1662 665 1781 696 purga-

1011 709 1139 739 toi-ium.

1051 763 1079 792 1.
1103 762 1151 793 Ad
1166 762 1243 792 illud
1258 771 1336 801 ergo
1351 762 1435 801 quod
1449 762 1596 801 objicitur
1609 762 1648 793 de
1659 763 1781 801 Apoca-

1011 816 1197 856 lypsi,quod
1227 817 1429 856 requiescunt
1459 825 1479 847 a
1507 816 1666 847 laboribus
1693 817 1781 854 suis,

1011 869 1178 899 dicendum
1194 870 1278 909 quod
1294 871 1340 899 est
1352 869 1440 899 labor
1455 869 1487 898 in
1502 869 1673 908 operando,
1689 871 1720 899 et
1737 871 1784 899 est

1012 922 1099 952 labor
1120 921 1152 951 in
1173 922 1338 961 patiendo:
1364 924 1395 952 et
1414 921 1549 952 verbum
1565 920 1640 951 illud
1667 920 1781 951 intelli-

1012 975 1100 1013 gitur
1115 975 1151 1004 de
1172 974 1279 1005 labore
1301 974 1333 1004 in
1349 973 1525 1013 operando,
1542 973 1617 1012 quia
1632 974 1701 1012 jam
1719 981 1784 1003 non

1012 1030 1058 1057 est
1079 1028 1159 1061 dies,
1178 1028 1211 1057 in
1231 1037 1295 1067 qua
1318 1028 1442 1067 operari
1465 1027 1590 1057 valeant
1614 1026 1780 1063 merend03

1012 1089 1075 1111 nou
1088 1083 1196 1111 autem
1208 1081 1397 1119 intelligitur
1407 1080 1444 1110 de
1456 1080 1562 1110 labore
1572 1079 1605 1109 in
1616 1079 1780 1119 patiendo:

1012 1135 1042 1163 ct
1060 1133 1118 1163 hoc
1134 1136 1212 1172 patet
1236 1143 1274 1163 ex
1299 1134 1366 1172 ipso
1391 1135 1476 1163 textu
1495 1132 1662 1172 sequenti:
1683 1131 1784 1171 Opera

1013 1186 1097 1216 enim
1112 1185 1239 1217 illorum
1252 1189 1429 1225 sequuntur
1443 1185 1524 1217 illos.

1053 1242 1081 1269 2.
1108 1239 1154 1269 Ad
1168 1240 1245 1269 illud
1261 1240 1344 1279 quod
1360 1240 1518 1279 objicitur,
1535 1238 1618 1278 quod
1634 1241 1679 1268 est
1695 1226 1799 1268 mise-⁴

1017 1292 1266 1329 ricordissimus⁷
1289 1292 1456 1322 dicendum
1481 1291 1565 1330 quod
1586 1293 1632 1321 est
1655 1299 1784 1326 verum,

1015 1345 1067 1375 scd
1083 1348 1191 1375 tamen
1209 1346 1315 1384 Justus
1330 1346 1375 1375 est
1389 1355 1395 1375 z
1414 1344 1484 1374 ideo
1498 1344 1624 1374 veniam
1642 1344 1785 1382 praestat,

1015 1406 1111 1436 quam
1136 1397 1222 1427 decet
1243 1397 1335 1427 istam
1359 1396 1607 1427 misericordiam
1623 1398 1785 1435 praestare.

1015 1450 1094 1487 Quia
1116 1450 1201 1480 enim
1221 1451 1328 1489 justus
1352 1452 1412 1487 est,
1440 1449 1562 1479 homini
1586 1449 1703 1488 injusto
1722 1457 1786 1479 non

1015 1504 1101 1534 decet
1117 1502 1334 1540 reconciliari,
1355 1505 1502 1532 manente
1520 1501 1675 1541 injustitia
1694 1503 1724 1531 et
1737 1501 1787 1531 of-

1015 1557 1101 1587 fensa
1113 1567 1118 1586 :
1133 1558 1164 1587 et
1176 1556 1245 1586 ideo
1257 1565 1342 1586 nunc
1350 1555 1508 1595 justitiam
1519 1555 1619 1592 decet,
1634 1556 1669 1584 ut
1681 1553 1788 1584 remit-

1016 1609 1108 1639 tendo
1139 1618 1236 1638 unam
1266 1608 1433 1638 mortalem
1467 1607 1594 1646 eulpam
1611 1630 1618 1643 ‚
1649 1606 1789 1637 remittat

1017 1670 1145 1691 omnem
1160 1661 1276 1691 aliam:
1300 1670 1363 1691 non
1383 1660 1426 1689 sic
1446 1659 1483 1689 de
1506 1668 1609 1698 pcena.
1633 1658 1788 1696 Quoniam

1017 1715 1101 1744 enim
1118 1714 1335 1744 misericordia
1350 1712 1481 1743 remittit
1495 1721 1634 1752 poenam,
1652 1714 1682 1742 et
1691 1711 1789 1751 justi-

1018 1768 1060 1797 tia
1078 1767 1177 1805 exigit
1194 1777 1200 1796 z
1220 1767 1289 1796 idco
1306 1767 1428 1805 oportet
1442 1765 1580 1804 quodam
1598 1764 1691 1794 modo
1707 1764 1788 1804 diJu-

1018 1820 1136 1858 dicari,
1161 1822 1196 1850 ut
1217 1819 1306 1849 alteri
1327 1827 1389 1849 nou
1413 1817 1661 1858 praejudicetur:
1691 1819 1722 1848 et
1747 1817 1791 1847 sic

1019 1875 1118 1913 patet,
1146 1873 1229 1912 quod
1255 1872 1349 1903 etiam
1375 1880 1469 1911 poena
1493 1871 1636 1910 exigitur
1663 1871 1697 1901 in
1723 1871 1791 1901 foro

1020 1927 1088 1958 Dei.

1061 1982 1089 2010 3.
1101 1979 1146 2009 Ad
1159 1978 1235 2008 illud
1250 1977 1334 2017 quod
1344 1977 1504 2016 objicitur,
1520 1977 1605 2016 quod
1616 1977 1793 2008 absolvitur

1020 2033 1059 2062 ab
1078 2031 1167 2061 omni
1188 2030 1356 2067 mandato,
1379 2029 1548 2060 dicendum
1570 2029 1654 2068 quod
1677 2038 1792 2060 verum

1021 2087 1086 2122 est3
1108 2084 1161 2114 sed
1181 2085 1287 2114 tamen
1304 2092 1367 2113 non
1382 2082 1556 2113 absolvitur
1570 2082 1609 2112 ab
1630 2082 1717 2112 omni
1737 2081 1790 2112 de-

1022 2137 1107 2174 bito3
1131 2137 1195 2167 imo
1220 2136 1328 2166 anima
1346 2135 1443 2166 trahit
1457 2144 1563 2165 secum
1583 2134 1743 2165 debitum:
1762 2137 1794 2165 et

1023 2191 1097 2230 quia
1119 2189 1290 2220 retributor
1306 2191 1353 2219 est
1368 2189 1476 2227 justus
1489 2212 1496 2225 ‚
1512 2187 1660 2218 retribuit
1675 2196 1793 2218 secun-

1024 2242 1101 2272 dum
1117 2241 1201 2281 quod
1216 2241 1338 2272 invenit
1350 2240 1531 2271 debitricem
1550 2251 1556 2270 :
1572 2241 1602 2270 et
1616 2239 1691 2279 quia
1705 2239 1795 2270 debi-

1024 2295 1089 2325 trix
1105 2297 1171 2325 erat
1186 2303 1287 2334 poenae
1305 2294 1361 2333 (a),
1379 2302 1475 2332 quam
1493 2293 1637 2323 nondum
1656 2291 1792 2329 exolvit,

1024 2349 1120 2388 patet,
1137 2349 1197 2377 etc.

1066 2403 1095 2431 4.
1119 2400 1164 2430 Ad
1185 2399 1263 2430 illud
1287 2398 1373 2438 quod
1392 2398 1558 2438 objicitur,
1579 2397 1664 2437 quod
1688 2396 1794 2427 statim

1027 2454 1156 2484 damnat
1179 2452 1381 2482 decedentem
1402 2451 1434 2481 in
1461 2450 1600 2487 mortali,
1626 2449 1795 2480 dicendum

1028 2507 1112 2548 quod
1130 2515 1193 2537 non
1214 2508 1260 2536 est
1282 2505 1402 2543 simile3
1429 2504 1581 2544 quoniam
1606 2502 1658 2533 ille
1680 2502 1735 2542 qui
1764 2502 1796 2532 in

1028 2559 1153 2590 mortali
1162 2562 1218 2596 est,
1233 2558 1310 2588 nihil
1321 2558 1416 2589 habet
1428 2558 1502 2588 inse
1514 2556 1599 2596 quod
1612 2555 1652 2586 sit
1660 2555 1796 2594 dignum

1062 2623 1094 2652 (a)
1113 2622 1173 2645 Caet.
1188 2620 1248 2644 edit.
1264 2627 1349 2652 poena.
