1991 3006
720 192 906 225 DISTINCT.
930 193 992 225 XX.
1021 193 1119 225 PARS
1143 193 1180 222 ll.
1715 198 1752 225 73

153 269 221 299 buit
239 265 441 306 multiplicari
464 272 519 304 per
540 262 768 302 septenarium,
794 262 922 301 propter

153 325 271 361 septem
283 320 455 360 pronitates
467 317 650 354 domandas,
663 318 792 356 propter
801 316 921 354 septem

153 375 236 405 dona
255 373 389 412 Spiritus
407 370 505 400 sancti
530 368 773 408 reacquirenda,
796 370 923 407 propter

154 429 272 467 septem
296 426 392 461 doteS,
418 426 482 453 tres
503 422 618 452 scilicet
641 422 769 458 animae,
792 423 822 451 et
842 430 920 460 qua-

154 481 228 510 tuor
242 477 381 517 corporis
396 475 592 506 obtinendas.
610 473 647 504 Et
671 473 714 503 sic
730 475 815 512 patet
830 473 919 509 ratio,

153 541 251 572 quare
273 538 407 561 canones
427 529 470 559 sie
489 528 706 558 instituerunt.
723 526 797 557 Haec
816 528 923 556 autem

154 584 301 616 omnibus
315 592 378 613 non
393 586 440 613 est
454 580 660 621 imponenda,
680 580 733 610 sed
752 581 858 609 tamen
873 579 922 608 in-

154 637 324 674 sinuanda,
339 637 375 667 ut
390 635 618 673 recognoscant
633 642 729 672 quam
751 632 861 671 gravis
878 635 925 662 est

154 691 258 730 eulpa.

474 745 541 767 DUB.
566 744 610 765 iv.

154 807 209 829 Non
225 807 310 829 tamen
328 805 366 828 est
382 803 429 827 illis
446 803 600 833 imponenda
617 801 744 832 quantitas
759 799 924 831 paenitentiae,

415 839 460 863 sed
473 838 661 862 innotescenda.

194 902 324 933 Videtur
342 901 423 932 male
440 901 559 938 dicere,
584 900 659 940 quia
680 900 718 930 ad
742 899 823 929 nihil
842 899 925 930 valet

154 956 233 986 scire
255 955 329 994 quid
350 957 380 984 01
404 955 559 993 quantum
588 953 699 982 debeat
722 953 838 989 facere,
863 952 923 981 nisi

153 1008 247 1039 etiam
265 1008 375 1038 saciat:
401 1016 478 1045 ergo
495 1006 522 1036 si
544 1015 607 1036 non
622 1008 669 1036 est
684 1005 875 1045 imponenda
889 1007 925 1035 ut

153 1061 260 1099 faciat,
274 1071 339 1091 11011
354 1063 399 1091 est
419 1059 653 1090 innotescenda.
671 1059 705 1088 Si
723 1058 823 1095 dicas,
840 1057 925 1097 quod

153 1115 237 1145 valet
256 1114 294 1144 ad
309 1113 559 1153 cognoscendam
579 1112 770 1152 gravitatem
787 1111 923 1151 peccati;

153 1171 278 1199 contra:
300 1168 443 1199 Gravitas
464 1167 582 1207 peccati
600 1166 796 1196 considerata
815 1166 847 1195 in
862 1166 926 1195 fine

153 1222 291 1252 maxime
310 1221 428 1252 inducit
446 1221 479 1250 in
498 1219 768 1259 desperationem:
791 1219 844 1249 sed
866 1218 924 1248 1100

154 1275 293 1305 maxime
312 1274 489 1305 cavendum
510 1276 557 1304 est
581 1273 735 1302 infirmis:
762 1281 839 1310 ergo
863 1281 925 1302 non

153 1328 245 1359 debet
259 1330 336 1358 tunc
350 1328 421 1358 dici.

194 1381 284 1420 Resp.
301 1380 473 1411 Dicendum
489 1379 573 1419 quod
593 1378 777 1419 poenitentia
795 1388 859 1409 11011
881 1382 927 1409 051

155 1433 344 1473 imponenda
366 1433 436 1470 tali,
464 1433 502 1463 de
527 1441 590 1471 quo
614 1432 818 1471 praesumitur
842 1431 926 1471 quod

155 1487 327 1524 moriatur,
349 1486 424 1525 quia
438 1485 568 1516 stultum
586 1487 667 1515 esset
687 1484 806 1524 aliquid
823 1484 927 1524 impo-

155 1549 230 1570 nere
245 1539 354 1577 alicui,
374 1539 458 1578 quod
472 1547 537 1569 non
552 1540 653 1577 potest
668 1539 781 1568 facere.
801 1537 862 1568 Sed
876 1538 928 1567 in-

156 1593 344 1623 notescenda
355 1595 401 1623 est
416 1592 455 1623 ad
465 1591 717 1630 cognoscendam
734 1592 926 1630 gravitatem

156 1647 285 1686 peccati,
302 1648 338 1676 ut
352 1645 465 1683 doleat,
481 1647 512 1675 et
525 1645 730 1683 ingemiscam:
747 1644 800 1674 sed
815 1644 928 1675 nihilo-

157 1700 264 1731 minus
288 1698 519 1730 manifestanda
540 1700 587 1728 est
610 1697 727 1728 divinae
746 1698 927 1728 misericor-

156 1753 217 1784 diae
242 1752 449 1789 abundantia,
472 1753 507 1782 ut
533 1753 636 1790 speret
666 1751 699 1781 111
723 1751 872 1790 Domino,
898 1754 928 1782 01

157 1806 309 1837 confidat:
324 1809 354 1835 et
368 1805 412 1835 sic
423 1804 627 1835 manifestans
636 1804 849 1843 poenitentiam
862 1814 926 1835 non

157 1859 276 1890 inducit
296 1859 328 1889 in
343 1858 607 1897 desperationem,
632 1857 684 1887 sed
707 1858 810 1896 magis
824 1858 855 1887 in
872 1868 925 1888 ve-

159 1921 226 1943 ram
239 1911 469 1942 contritionem.

481 2013 547 2034 DUB.
573 2013 604 2034 V.

213 2076 348 2107 Presbyter
364 2075 527 2100 reconciliare
544 2074 710 2106 poenitentem
730 2076 873 2100 inconsulto

438 2111 575 2141 episcopo,
593 2112 642 2135 etc.

196 2177 326 2208 Videtur
345 2177 426 2208 male
449 2177 566 2215 dicere,
593 2177 668 2217 quia
692 2178 747 2207 ubi
769 2187 928 2218 supernus

153 2231 253 2271 judex
280 2231 374 2261 dictat
400 2230 597 2268 faciendum,
626 2231 742 2261 frustra
771 2232 926 2271 quaeritur

158 2284 325 2315 consilium
352 2284 550 2314 humanum:
582 2284 633 2313 sed
661 2293 734 2314 cum
765 2285 928 2325 presbyter

158 2337 244 2368 videt
258 2339 452 2377 peccatorem
464 2337 645 2373 contritum,
659 2346 816 2376 supernus
826 2338 927 2377 judex

158 2390 232 2420 dicit
257 2392 451 2429 peccatorem
474 2389 565 2420 illum
589 2399 780 2421 conversum
804 2391 835 2421 in
857 2393 929 2430 ¹jus-

159 2445 239 2481 tum,
251 2445 282 2474 et
296 2452 362 2473 esse
378 2443 612 2473 reconciliatum
626 2454 632 2474 :
650 2452 729 2482 ergo
744 2445 850 2474 statim
861 2445 928 2475 sine

160 2496 304 2534 consilio,
326 2496 393 2527 sive
413 2496 453 2526 sit
474 2496 509 2526 in
535 2496 732 2534 necessitate,
757 2497 824 2528 sive
848 2507 927 2535 non,

162 2549 252 2579 debet
266 2559 339 2580 eum
356 2550 490 2581 solvere.

205 2600 293 2641 Resp.
308 2601 478 2633 Dicendum
493 2603 577 2643 quod
593 2603 759 2643 dupliciter
773 2604 930 2643 quaeritur

164 2654 328 2685 consitium
343 2656 381 2686 ab
395 2656 518 2696 aliquo:
536 2659 591 2688 aut
606 2659 732 2697 propter
750 2657 930 2689 instructio—

980 270 1065 299 nem,
1081 262 1111 291 et
1124 262 1203 290 tunc
1217 260 1372 300 quaeritur
1386 260 1554 291 consilium
1567 270 1585 291 a
1599 261 1748 301 sapiente,

980 315 1055 353 quia
1074 314 1215 353 sapiens,
1237 315 1267 343 et
1284 313 1344 343 hoc
1366 314 1504 344 maxime
1519 314 1646 353 quando
1661 324 1751 345 casus

981 367 1133 406 emergit,
1162 366 1217 396 11111
1240 366 1443 405 probabiliter
1468 369 1569 406 potest
1595 367 1749 404 dubitari;

981 420 1042 450 alio
1058 420 1151 450 modo
1167 419 1323 458 quaeritur
1339 419 1517 457 consilium,
1530 422 1560 449 et
1574 420 1752 450 consulitur

981 472 1095 512 aliquis
1113 474 1241 511 propter
1263 472 1456 501 auctoritatis
1475 473 1749 510 commissionem3

981 528 1012 556 et
1027 526 1070 556 sic
1094 525 1222 555 inferior
1241 524 1376 555 consulit
1398 525 1609 564 superiorem,
1636 526 1753 556 scilicet

983 583 1017 611 111
1036 581 1112 611 sciat
1126 581 1195 619 ejus
1210 580 1421 617 voluntatem,
1439 582 1470 610 01
1484 582 1521 610 111
1535 590 1590 620 per
1604 582 1675 620 ejus
1690 581 1751 611 im-

983 634 1107 674 perium
1132 636 1161 664 et
1186 633 1442 664 commissionem
1472 633 1586 663 habeat
1616 636 1752 673 potesta-

982 690 1058 718 tem.
1078 687 1143 718 Hoc
1165 687 1259 717 modo
1275 687 1367 717 dehet
1384 687 1527 717 sacerdos
1544 687 1576 717 in
1595 687 1754 727 aliquibus

982 741 1106 771 casibus
1121 740 1283 771 consulere
1298 740 1480 779 episcopum
1491 764 1498 777 ,
1522 740 1597 779 quia
1612 749 1676 770 non
1695 750 1753 780 po-

982 795 1041 824 test
1057 803 1111 832 per
1131 803 1163 823 se
1179 793 1217 823 ad
1238 793 1307 822 illos
1328 793 1497 823 extendere
1517 802 1665 830 manum,
1681 803 1754 823 cum

982 847 1097 877 habeat
1127 848 1314 886 potestatem
1342 846 1522 876 limitatam.
1554 849 1587 876 ln
1613 847 1755 886 quinque

983 902 1088 930 autem
1109 899 1234 929 casibus
1251 899 1342 929 debet
1358 899 1503 929 sacerdos
1519 899 1556 929 ad
1572 899 1755 938 episcopum

982 953 1154 989 remittere,
1171 952 1221 982 vel
1236 961 1309 982 011111
1323 952 1504 982 consulere:
1523 952 1643 991 primus
1658 955 1704 982 est
1717 953 1755 983 de

983 1006 1168 1045 poenitentia
1183 1006 1332 1043 solemni,
1350 1015 1422 1045 quae
1442 1006 1481 1036 ab
1502 1006 1647 1046 episeopo
1666 1006 1757 1037 debet.

984 1059 1119 1098 imponi,
1143 1061 1172 1089 et
1196 1068 1252 1098 per
1273 1068 1348 1089 eum
1371 1059 1528 1098 poenitens
1545 1060 1754 1097 reconciliari;

984 1112 1143 1143 secundus
1156 1121 1246 1142 casus
1259 1114 1305 1142 est
1317 1112 1354 1142 de
1370 1113 1664 1149 excommunicatis,
1677 1122 1756 1153 quos

984 1165 1154 1205 aliquando
1165 1174 1228 1196 non
1240 1167 1340 1205 potest
1353 1166 1515 1196 absolvere
1527 1177 1534 1203 ·,
1552 1166 1675 1204 tertius⁷
1690 1166 1757 1196 11111-

984 1228 1121 1258 cumque
1142 1219 1299 1249 invenerit
1322 1219 1591 1258 irregularitatem
1612 1221 1752 1249 contrac—

984 1275 1049 1303 tam
1065 1281 1072 1302 :
1089 1276 1218 1313 propter
1237 1274 1324 1304 illam
1337 1274 1422 1304 enim
1438 1274 1529 1304 debet
1543 1275 1703 1305 remittere
1717 1276 1755 1305 ad

984 1326 1184 1366 episcopum,
1209 1328 1254 1365 ut,
1277 1327 1304 1357 si
1328 1328 1437 1366 potest,
1460 1327 1633 1366 dispenset;
1651 1328 1676 1357 si
1693 1337 1757 1358 non

986 1381 1101 1418 potest,
1120 1388 1193 1409 cum
1218 1379 1329 1409 litteris
1352 1380 1417 1409 suis
1440 1380 1542 1410 mittat
1563 1381 1599 1410 ad
1618 1380 1754 1420 Papam3

985 1434 1117 1470 quartus
1137 1434 1183 1461 est
1206 1432 1243 1461 de
1261 1432 1477 1469 incendiariis3
1496 1433 1644 1471 quintus,
1670 1433 1696 1463 si
1717 1434 1757 1463 sit

986 1484 1181 1514 consuetudo
1196 1484 1228 1514 in
1243 1484 1348 1523 aliquo
1363 1485 1557 1524 episcopatu,
1574 1486 1659 1525 quod
1675 1489 1758 1517 certa

985 1537 1119 1567 crimina
1136 1537 1174 1567 ad
1195 1537 1378 1576 episcopum
1393 1537 1584 1576 deferantur,
1603 1540 1639 1568 ut
1654 1539 1757 1569 1101111-

985 1591 1114 1628 cidium,
1140 1591 1343 1629 sacrilegium
1355 1615 1362 1628 ,
1386 1593 1416 1621 et
1433 1591 1638 1631 hujusmodi:
1658 1595 1688 1622 et
1703 1593 1759 1623 iste-

986 1654 1076 1675 casus
1091 1646 1137 1675 est
1152 1645 1362 1684 particularia
1379 1654 1442 1675 non
1459 1645 1659 1675 universalis.

1308 1747 1376 1768 DUB.
1400 1748 1444 1768 VI.

1018 1812 1054 1833 An
1073 1809 1213 1839 puellarum
1233 1809 1391 1833 consecratio
1410 1809 1526 1833 consulto
1545 1809 1665 1841 episcopo
1684 1818 1728 1841 per

1192 1845 1371 1875 presbyterum
1388 1844 1441 1868 fieri
1460 1845 1551 1869 valeat.

1026 1910 1156 1942 Videtur
1171 1911 1253 1941 male
1270 1911 1384 1949 dicere,
1401 1912 1478 1951 quia
1492 1912 1555 1942 illae
1571 1913 1759 1952 desponsan-

986 1966 1038 1994 tur
1053 1964 1174 1994 Christo
1192 1975 1198 1994 t
1216 1974 1293 2004 ergo
1308 1974 1327 1994 a
1342 1964 1407 1995 5010
1423 1965 1568 2004 episeopo
1592 1965 1759 2005 imponen-

985 2017 1063 2048 dum
1078 2020 1124 2048 est
1141 2018 1185 2048 eis
1201 2019 1348 2049 annulus.

1028 2071 1116 2110 Hesp.
1143 2071 1315 2101 Dicendum
1337 2071 1433 2111 quod,
1460 2073 1618 2111 quantum
1649 2075 1696 2103 est
1722 2073 1760 2103 de

982 2127 1055 2165 Jure
1070 2125 1247 2160 communi7
1270 2125 1329 2155 hoc
1344 2125 1466 2155 licitum
1481 2127 1527 2155 est
1547 2126 1621 2156 solis
1636 2126 1759 2166 episco-

986 2178 1033 2218 pis
1045 2203 1052 2216 ,
1070 2178 1144 2218 quia
1160 2178 1219 2217 ipsi
1235 2180 1309 2208 sunt
1318 2178 1425 2218 sponsi
1437 2179 1492 2218 qui
1507 2179 1622 2209 debent
1637 2179 1760 2211 Christo

985 2232 1109 2262 animas
1136 2240 1317 2261 consecrare
1329 2255 1338 2269 ,
1369 2231 1543 2262 secundum
1577 2233 1662 2271 quod
1687 2233 1760 2263 dicit

987 2284 1155 2324 Apostolus
1170 2286 1178 2301 ¹
1199 2295 1204 2314 :
1227 2285 1387 2324 Despondz'
1411 2293 1465 2316 vos
1482 2286 1541 2317 zeni
1560 2287 1629 2318 viro
1653 2287 1758 2326 vir-qi-

987 2346 1057 2368 nem
1072 2340 1209 2376 castam·
1220 2340 1250 2368 et
1264 2338 1378 2368 debent
1392 2338 1474 2367 filios
1490 2339 1641 2377 perfectos
1658 2348 1758 2377 gene-

988 2399 1057 2420 rare
1074 2401 1081 2427 3
1099 2392 1128 2420 et
1143 2390 1212 2421 ideo
1226 2390 1345 2421 babent
1361 2391 1503 2421 clavium
1520 2393 1706 2429 potestatem
1726 2392 1759 2421 in

988 2444 1182 2481 excellentia,
1205 2446 1235 2474 et
1250 2444 1295 2474 eis
1310 2444 1384 2475 solis
1400 2445 1456 2474 ista
1471 2454 1543 2484 (111εο
1559 2447 1634 2475 sunt
1650 2444 1756 2475 excel-—

988 2496 1092 2527 lentiae
1107 2497 1285 2527 commissa.
1304 2497 1391 2528 Unde
1411 2497 1481 2534 1100,
1499 2498 1584 2536 quod
1600 2497 1673 2527 dicit
1696 2496 1759 2527 Ma-

989 2550 1098 2589 gister,
1115 2550 1212 2581 locale
1227 2550 1330 2581 solum
1349 2551 1419 2588 fuit,
1436 2552 1466 2580 et
1481 2559 1565 2580 nunc
1580 2559 1643 2580 non
1666 2549 1760 2579 habet

989 2603 1093 2634 locum
1108 2603 1164 2634 nisi
1181 2603 1212 2633 in
1230 2603 1334 2634 viduis
1352 2604 1508 2641 velandis,
1526 2603 1642 2642 quibus
1658 2603 1760 2642 potest

1021 2667 1025 2679 ¹
1042 2667 1061 2691 ll
1078 2666 1147 2696 Cor„
1164 2668 1239 2696 ¹1‚2.
