1991 3006
183 160 240 190 192

181 225 351 257 auctoritas
367 220 552 256 ordinandi,
573 222 603 249 et
620 227 734 249 manns
749 215 951 256 imponendi,

183 278 357 310 secundum
374 277 508 306 formam
525 272 668 304 Ecclesia:
684 271 872 312 primitiva»,
887 270 952 308 epi-

182 332 284 371 scopis
303 328 534 369 appropriatur.
554 326 641 356 Unde
657 329 686 354 vt
702 324 860 363 aposlolus
877 323 951 351 scri-

183 386 271 422 bens,
289 383 375 413 dicil¹
391 391 397 411 :
411 381 527 412 Manus
540 380 601 410 cito
616 379 738 409 ncnu‘m'
755 376 952 415 imposueris.

185 437 355 468 Consilium
383 434 476 464 etiam
497 432 631 472 Spiritus
651 431 748 461 sancti
772 429 952 466 convordat,

184 500 247 531 quo
256 493 285 520 et
296 488 466 527 Scripturae
478 488 550 516 sunt
560 486 664 523 editui,
677 487 706 513 ct
720 483 956 513 minslitntiones

185 543 400 574 ecclesiastic-fe
418 550 424 571 :
442 540 518 579 quia
536 539 620 569 enim
643 537 720 567 ordo
740 538 876 576 potestus
895 536 956 570 est,

186 598 253 628 sive
276 596 308 626 in
332 595 441 625 ordine
462 595 598 633 potestas
619 590 763 626 traditur,
784 588 852 618 ideo
867 588 906 617 ab
922 596 958 617 eo

185 649 375 686 debettmdi,
388 648 443 687 qui
456 648 640 686 potestatem
656 643 760 680 habet,
773 644 803 672 et
818 642 851 671 in
861 650 959 680 quun-

186 707 254 734 tum
271 703 366 733 hahet
389 702 583 740 potestatem.
608 697 699 727 Posse
716 698 823 726 autem
840 694 960 732 gradus

187 756 375 787 distribuere
398 757 428 784 ct
450 753 610 789 conferre,
636 759 700 780 non
725 751 770 779 est
794 747 960 787 cujuslibet

188 809 363 849 potestatis,
390 807 442 837 sed
464 808 534 845 ejus
556 805 612 844 qni
635 804 667 833 in
690 802 828 842 potentia
849 811 959 840 super-

188 863 317 897 eminet⁷
338 861 417 891 sicut
434 862 514 899 putot
533 858 628 888 etium
643 857 674 886 in
693 856 851 894 regimine
865 855 961 885 curia}

189 914 358 945 saecularis.
375 913 421 943 Ad
438 913 496 942 hoc
510 920 599 949 ergo,
617 909 700 949 quod
716 908 793 938 ordo
808 911 890 938 recte
905 910 964 937 tra-

189 970 294 1005 datur,
312 967 446 1007 disponit
469 966 605 1005 Spiritus
628 966 772 1000 sauctus,
796 962 881 1001 quod
902 965 961 992 tru-

192 1023 284 1053 datur
304 1022 343 1051 ab
369 1030 421 1057 vo,
442 1020 496 1059 qui
519 1028 581 1049 non
602 1019 704 1048 solum
725 1016 819 1046 habet
840 1016 965 1045 ordines

193 1085 249 1116 per
264 1084 343 1115 quos
358 1076 404 1103 est
419 1075 539 1112 potens,
557 1071 635 1101 sicut
650 1073 680 1100 et
695 1069 759 1106 alii,
778 1069 831 1099 sed
845 1071 875 1099 et
889 1069 965 1098 emi-

194 1129 334 1160 nentium
356 1125 538 1165 dignitatis,
562 1133 616 1164 per
636 1133 732 1163 quam
752 1125 853 1163 potest
871 1132 966 1161 super

196 1182 284 1213 alios.
315 1180 405 1210 Ilunc
433 1182 540 1210 autem
563 1178 697 1208 dicimus
722 1177 882 1213 ordinem,
912 1177 967 1215 qui

199 1235 272 1266 dicit
292 1234 434 1265 ordinem
462 1241 533 1262 cum
558 1231 752 1261 eminentia:
775 1230 843 1260 ideo
865 1233 967 1269 patet,

199 1287 284 1327 quod
299 1287 361 1317 duo
376 1286 582 1325 requiruntur
598 1284 635 1314 ud
652 1285 727 1320 lioc,
751 1283 833 1322 quod
848 1283 969 1322 episco-

200 1350 258 1380 pus
279 1340 377 1379 possit
399 1339 543 1369 ordinem
565 1338 723 1374 conferre,
749 1337 864 1367 scilicet
886 1337 970 1376 qnod

200 1394 251 1424 ille
272 1394 385 1424 habeat
406 1393 495 1422 illum
519 1391 677 1428 ordinem,
701 1393 732 1421 et
752 1390 836 1430 quod
857 1390 971 1420 habeat

200 1447 407 1486 episcopalem
423 1445 621 1484 dignitatem.
643 1444 713 1474 Alia
728 1444 808 1473 ratio
823 1446 879 1480 est,
897 1444 971 1482 quia

201 1501 226 1530 si
246 1500 362 1540 passim
376 1499 525 1529 omnibus
539 1500 619 1528 esset
634 1506 818 1527 concessum
829 1520 836 1533 ,
858 1499 902 1526 tot
915 1498 969 1526 ad-

202 1554 402 1584 mitterentur
417 1552 455 1582 ad
469 1551 605 1588 ordines,
619 1550 702 1589 quod
714 1559 777 1580 11011
792 1552 972 1580 servaretur

201 1607 293 1642 ordo,
319 1607 382 1636 imo
408 1605 512 1644 potius
533 1606 739 1643 generaretur
761 1603 902 1633 confusio
919 1613 924 1631 ε
943 1605 973 1632 et

201 1660 269 1690 ideo
284 1659 469 1698 dispositum
493 1660 538 1687 est
558 1657 609 1687 Dei
625 1656 771 1693 consilio,
795 1656 877 1695 quod
900 1655 973 1685 solis

199 1712 350 1752 episcopis
377 1712 524 1741 ordinum
556 1709 746 1749 dispensatio
778 1711 808 1739 et
837 1709 973 1738 aliorum

200 1766 424 1805 perfectorum,
450 1767 484 1794 ut
504 1763 696 1793 consecratio
715 1762 883 1799 ahbatum,
906 1770 974 1791 mo-

200 1819 335 1849 nialium
351 1821 381 1848 et
395 1817 611 1852 ecclesiarum,
627 1818 657 1846 et
671 1816 883 1849 consimilium
899 1825 972 1845 con·

201 1873 340 1903 cedatur.
366 1871 472 1902 Posset
495 1870 590 1901 etiam
615 1870 676 1899 alia
698 1869 778 1899 ratio
800 1869 974 1907 assignari,

201 1926 268 1957 sive
283 1935 321 1955 ex
337 1926 397 1955 hoc
410 1924 495 1964 quod
509 1923 674 1962 episcopus
687 1931 823 1961 sponsus
835 1924 891 1959 est,
909 1922 976 1952 sive

202 1990 238 2010 ex
266 1980 326 2010 hoc
350 1979 434 2018 quod
459 1979 690 2008 sacramentum
717 1977 837 2006 ordinis
860 1978 975 2005 statum

202 2032 399 2072 perfectionis
422 2031 517 2061 dicit:
536 2030 604 2059 ideo
627 2029 676 2058 his
700 2029 754 2068 qui
780 2029 896 2058 habent
921 2038 974 2067 po-

205 2085 322 2115 testatis
350 2083 572 2120 eminentium,
605 2082 713 2112 debuit
741 2081 917 2119 reservari;
947 2084 977 2111 et

204 2139 386 2177 episcopus,
410 2139 560 2175 tanquam
576 2144 727 2174 sponsus,
750 2134 847 2171 filios,
869 2134 899 2163 id
915 2136 976 2171 est,

206 2191 372 2229 perfectos,
394 2192 424 2219 et
442 2189 541 2224 filias,
565 2188 595 2218 id
610 2190 670 2225 est,
692 2188 905 2226 imperfectos,
924 2187 977 2216 de-

206 2245 273 2274 buit
301 2252 464 2282 generare.
494 2241 599 2271 Prima
624 2243 729 2271 tamen
756 2241 835 2270 ratio
865 2239 978 2270 melius

206 2296 300 2327 valet.

248 2353 275 2379 1.
293 2349 339 2379 Ad
356 2349 431 2379 illud
451 2351 535 2389 qnod
555 2349 701 2388 objicitur
721 2347 759 2377 de
780 2346 980 2385 impositione

208 2412 362 2433 manuum
379 2402 569 2442 presbyteri,
593 2401 777 2437 «licendum.
794 2400 877 2438 quod
888 2407 981 2439 pres-

209 2457 298 2497 byter
315 2458 444 2487 vocatur
465 2456 506 2485 ibi
527 2455 641 2491 senior,
658 2457 688 2483 et
702 2452 872 2492 Apostolus
886 2452 979 2482 intel-

208 2511 327 2550 ligebat
355 2509 493 2548 seipsum
523 2517 578 2547 per
607 2507 842 2546 impositionem
866 2513 981 2536 vilanus

206 2563 389 2603 presbyteri.
419 2561 525 2591 Glossu
556 2572 562 2591 2
594 2572 606 2588 ιι
632 2559 853 2598 Presbyterum
893 2560 982 2589 vocnt

243 2628 248 2640 =
265 2627 272 2650 1
292 2626 363 2655 rim„
375 2631 400 2655 v,
414 2626 456 2651 22.

737 148 1046 181 SENTENTIARUM
1071 148 1142 178 ΗΒ.
1165 147 1214 178 lV.

1009 216 1191 254 episcopum
1209 223 1216 243 z
1234 214 1282 244 vel
1301 214 1507 253 presbyterii,
1527 214 1556 243 id
1572 217 1634 251 est,
1650 214 1779 253 presby-

1008 271 1165 305 terorum,
1187 268 1276 308 qnia,
1302 267 1382 297 sicut
1402 267 1476 297 dicit
1490 267 1559 306 jus,
1584 266 1694 297 saltem
1718 269 1782 297 tres

1009 322 1186 351 sacerdotes
1215 320 1329 350 debent
1358 329 1474 349 manus
1500 319 1662 359 imponere
1693 329 1700 349 :
1730 319 1783 350 sed

1010 376 1115 404 tumen
1132 374 1188 412 ipsi
1205 382 1268 402 non
1282 372 1449 411 imponunt
1468 374 1503 402 ut
1525 372 1634 402 dantes
1649 373 1784 411 potesta-

1012 429 1087 464 tem⁷
1106 427 1154 457 vel
1170 426 1325 463 ordinem,
1342 426 1418 464 quia
1433 426 1472 456 ab
1488 435 1552 456 uno
1567 425 1632 456 solo
1645 425 1712 455 dari
1729 434 1784 464 po-

1012 483 1087 517 test,
1111 482 1141 509 et
1163 480 1254 509 debet
1275 488 1282 509 ;
1305 479 1389 509 unde
1412 478 1469 518 ipsi
1492 488 1555 509 non
1580 478 1784 513 benedicunt,

1013 534 1066 564 sed
1086 534 1172 563 solus
1193 534 1357 572 episcopus
1374 543 1379 562 z
1397 533 1449 563 sed
1466 533 1524 562 hoc
1539 534 1586 562 est
1604 532 1637 562 in
1657 531 1788 571 signum

1014 586 1257 617 consecrationis
1272 595 1348 615 suae.

1054 642 1083 670 ⁶2.
1104 639 1137 669 Et
1149 648 1205 679 per
1215 639 1273 669 ho(-
1290 641 1374 678 patet
1387 647 1533 678 sequenS‚
1547 638 1623 677 quia
1633 645 1789 668 manuum

1015 693 1173 732 impositio
1193 701 1257 722 non
1278 691 1349 722 facit
1375 691 1533 729 ordinem,
1558 691 1619 721 nisi
1641 690 1694 721 illa
1716 699 1788 730 quae

1012 746 1126 784 junctu
1140 747 1187 774 est
1201 744 1424 774 benedictioni.

1057 800 1085 828 3.
1104 798 1150 828 Ad
1166 797 1243 827 illud
1261 797 1345 836 quod
1365 796 1513 835 objicitur
1531 796 1569 826 de
1590 796 1789 835 perfectione,

1017 851 1186 882 dicendum
1206 850 1289 889 quod
1306 852 1352 879 est
1368 849 1514 888 perfectio
1529 848 1742 885 sufficientiae,
1763 850 1793 879 et

1019 903 1249 934 redundantiae.
1276 902 1324 933 Ad
1347 903 1405 932 hoc
1424 904 1548 939 autem,
1572 901 1657 941 quod
1675 901 1794 940 aliquid

1019 957 1110 987 saciat
1129 956 1215 986 alind
1233 956 1291 986 sibi
1310 955 1428 993 simile,
1451 955 1501 985 vel
1517 954 1707 994 perfectum,
1730 963 1795 985 non

1020 1010 1133 1040 suflicit
1149 1009 1234 1048 quod
1250 1009 1289 1038 sit
1308 1009 1481 1048 perfectum
1502 1007 1690 1047 perfectione
1705 1007 1795 1037 suffi-

1021 1063 1153 1100 cientiae,
1172 1062 1225 1092 sed
1238 1062 1467 1092 redundantiae.
1488 1060 1522 1091 Et
1536 1060 1687 1100 quoniam
1703 1060 1736 1090 in
1749 1069 1795 1090 sa-

1022 1116 1144 1146 cerdote
1157 1118 1203 1146 est
1216 1115 1362 1154 perfectio
1373 1114 1582 1151 sufficientiae,
1594 1114 1625 1143 in
1637 1113 1794 1153 episcopo,

1023 1171 1142 1200 ratione
1159 1168 1340 1199 eminentiae
1357 1167 1577 1206 snperadditae,
1589 1169 1635 1196 est
1651 1166 1798 1206 perfectio

1024 1222 1257 1258 redundantiae;
1280 1222 1348 1251 ideo
1370 1221 1440 1250 haec
1459 1220 1606 1259 perfectio
1623 1218 1739 1250 sufficit
1759 1217 1798 1248 ad

1026 1275 1246 1315 generandum
1260 1274 1341 1304 filios
1355 1273 1522 1313 perfectos,
1541 1281 1604 1302 non
1620 1272 1735 1311 prima.

1065 1331 1094 1359 4.
1112 1328 1158 1359 Ad
1179 1328 1253 1357 illud
1269 1327 1355 1366 quod
1369 1326 1529 1365 objicitur,
1551 1324 1637 1365 quod
1660 1325 1731 1364 plus
1752 1326 1799 1355 est

1026 1390 1140 1420 corpus
1164 1380 1289 1411 Domini
1310 1387 1507 1416 consecrare,
1534 1380 1606 1415 etc.‚
1631 1377 1800 1408 dicendum

1027 1434 1109 1474 qnod
1134 1433 1211 1463 illud
1233 1434 1461 1471 argumentum
1483 1433 1590 1471 peccat
1609 1431 1798 1470 dupliciter:

1029 1487 1143 1527 primo,
1161 1487 1235 1526 quia
1251 1487 1386 1525 potestas
1400 1484 1566 1515 ordinandi
1583 1483 1802 1523 praesupponit

1028 1540 1277 1576 ordinationem,
1295 1541 1325 1568 et
1340 1538 1536 1578 superaddit,
1551 1547 1606 1577 per
1622 1546 1719 1577 quam
1738 1545 1802 1567 non

1030 1595 1133 1625 solnm
1151 1596 1198 1624 est
1212 1593 1391 1629 ordinatus,
1409 1591 1461 1622 sed
1474 1591 1569 1621 etiam
1584 1591 1755 1627 ordinator,
1772 1592 1803 1621 et

1030 1648 1099 1678 ideo
1115 1647 1217 1686 prima
1232 1648 1279 1676 est
1294 1645 1370 1675 falsa
1379 1656 1386 1682 ;
1407 1647 1438 1674 et
1451 1644 1567 1674 iterum
1581 1643 1804 1683 consequentia

1030 1710 1094 1731 non
1104 1700 1197 1737 valet,
1210 1699 1360 1739 quianon
1371 1698 1527 1737 sequitur,
1542 1697 1566 1727 si
1579 1696 1694 1736 aliquis
1704 1698 1804 1736 potest

1032 1754 1063 1783 in
1080 1754 1140 1792 maj
1148 1762 1201 1790 us,
1220 1751 1304 1791 quod
1320 1751 1415 1790 possit
1429 1751 1461 1780 in
1477 1751 1600 1788 minus⁷
1622 1750 1682 1780 uisi
1700 1751 1806 1789 majus

1032 1806 1170 1837 includat
1188 1805 1264 1836 illud
1289 1805 1408 1842 miuus,
1429 1806 1464 1834 ut
1488 1804 1569 1834 ferre
1588 1803 1666 1834 duos
1686 1803 1806 1833 modios

1032 1860 1165 1890 includit
1201 1868 1303 1889 unum
1335 1869 1340 1888 :
1373 1867 1437 1888 non
1471 1858 1515 1888 sic
1543 1859 1588 1888 est
1620 1857 1652 1886 in
1690 1864 1806 1895 propo-

1036 1913 1106 1943 sito.

1074 1969 1102 1996 5.
1131 1966 1178 1996 Ad
1205 1966 1280 1995 illud
1304 1965 1388 2004 quod
1411 1964 1571 2004 objicitur,
1597 1963 1680 2003 quod
1703 1961 1808 2001 magis

1034 2021 1161 2058 superat
1178 2018 1322 2048 sacerdos
1337 2018 1519 2054 diaconum,
1537 2018 1609 2054 etc„
1626 2015 1806 2053 dicendum,

1034 2072 1119 2112 quod
1133 2081 1244 2102 verum
1258 2074 1318 2108 est,
1336 2071 1420 2110 quod
1434 2070 1537 2108 magis
1552 2070 1695 2108 superat,
1711 2077 1808 2107 quam

1035 2126 1201 2165 episcopus
1211 2127 1337 2164 superet
1349 2124 1543 2163 episcopum,
1556 2122 1610 2162 qui
1625 2124 1671 2152 est
1682 2122 1762 2160 Jam,
1779 2124 1809 2151 et

1035 2188 1130 2218 super
1146 2178 1237 2208 illum
1252 2187 1318 2208 non
1333 2177 1427 2207 habet
1441 2175 1616 2216 posse3'sed
1627 2184 1691 2206 non
1706 2174 1810 2213 magis

1036 2242 1132 2272 quam
1159 2234 1198 2271 (a)
1224 2234 1351 2271 superet.
1376 2231 1427 2261 ille
1446 2230 1501 2270 qui
1525 2233 1571 2260 est
1589 2229 1754 2269 episcopus
1776 2227 1810 2258 in

1036 2289 1126 2323 actu,
1153 2286 1242 2316 illum
1269 2285 1322 2324 qui
1348 2287 1394 2315 est
1415 2284 1580 2323 episcopus
1604 2282 1637 2312 in
1658 2281 1808 2321 potentia.

1039 2339 1209 2376 Praeterea,
1231 2339 1287 2368 etsi
1310 2338 1416 2377 magis
1435 2338 1562 2376 superet
1582 2335 1615 2365 in
1633 2334 1742 2365 ordine
1761 2342 1809 2364 se-

1037 2392 1179 2423 cundum
1195 2401 1289 2430 quem
1309 2391 1461 2430 accipitur
1476 2389 1556 2420 ratio
1574 2388 1722 2424 ordinati,
1747 2396 1812 2418 non

1038 2448 1144 2476 tamen
1166 2446 1200 2475 in
1219 2444 1329 2475 ordine
1350 2444 1524 2474 secundum
1543 2450 1639 2481 quem
1661 2441 1813 2480 accipitur

1039 2500 1119 2530 ratio
1134 2498 1324 2535 ordinantis,
1341 2496 1444 2537 qualis
1461 2495 1552 2526 estin
1568 2494 1730 2534 episcopo,
1747 2502 1812 2524 non

1040 2553 1071 2583 in
1089 2552 1270 2592 presbytero
1288 2562 1294 2580 z
1312 2553 1342 2580 ct
1358 2550 1428 2580 ideo
1444 2557 1507 2578 non
1522 2547 1606 2578 valet
1621 2547 1710 2577 illud.

1073 2620 1103 2650 (α)
1119 2618 1181 2641 Caet.
1196 2616 1255 2640 edit.
1272 2622 1358 2647 quem.
