1991 3006
31 523 65 544 Ad
83 530 133 551 opp.

152 179 209 210 252

387 309 605 347 QUAESTIO
636 312 679 343 11.

232 391 274 416 Αη
288 391 447 417 consentiens
461 392 490 417 in
507 393 660 419 renitentem
674 396 777 426 qeneret
789 394 840 420 sibi

420 435 606 469 praejudicium
625 436 641 462 ⁸.

189 513 301 544 Utrum
320 515 520 545 consentiens
537 515 569 546 iu
585 518 769 548 renItentem
787 520 918 557 generet

149 566 206 596 sibi
230 566 469 605 praejudicium,
496 570 529 598 ut
552 578 615 599 non
639 571 734 609 possit
760 580 832 601 cum
856 571 918 601 alio

147 618 331 650 contrahere
347 620 601 659 matrimonium;
619 625 649 652 et
660 624 744 662 quod
756 624 809 661 sic,
829 624 912 654 vide-

147 673 198 701 tur
227 674 253 702 1.
281 672 357 711 quia
378 673 598 713 unusquisque
626 677 725 714 potest
761 677 918 706 abrenun-

146 725 272 764 tiareta)
285 725 355 764 Juri
367 735 425 755 suo
443 737 449 755 ε
467 727 520 756 sed
533 727 652 766 dejure
664 729 917 769 uuiuscujusque

146 777 284 817 estquod
300 778 397 818 possit
412 779 443 809 in
459 779 553 810 aliam
573 789 737 819 personam
756 782 917 813 matrimo-

145 830 268 861 nialiter
277 832 454 861 consentire
469 843 475 862 z
487 833 561 863 huic
570 836 675 863 autem
683 835 750 873 juri
764 835 859 865 homo
870 845 917 865 re-

145 883 278 922 nuntiat,
298 894 369 914 cum
385 885 437 914 alii
453 894 509 924 per
523 895 712 917 consensum
726 897 758 917 se
780 888 912 928 obligat.

144 934 176 965 Si
196 945 275 974 ergo
295 937 366 976 quis
388 939 543 969 consentit
560 939 592 968 in
608 939 762 978 invitum,
780 943 915 981 suojuri

143 990 302 1020 renuntiat
319 1001 325 1019 ι
344 993 437 1029 patet,
450 994 508 1021 etc.

184 1044 213 1072 2.
231 1042 309 1072 Item
324 1045 460 1082 potestas
475 1045 593 1084 proprii
611 1047 749 1086 corporis
764 1048 915 1078 transser-

147 1098 198 1124 tur
212 1105 268 1134 per
279 1105 468 1127 consensum
483 1099 590 1136 animi,
607 1100 662 1139 qui
677 1104 789 1140 praeest
799 1102 826 1131 ei
841 1112 847 1132 :
861 1103 914 1132 sed

144 1149 362 1188 unusquisque
379 1150 437 1180 sibi
454 1154 569 1190 praeest
583 1164 588 1182 :
607 1162 686 1191 crgo
701 1163 775 1184 cum
788 1164 915 1185 consen-

143 1201 179 1230 tit
202 1201 235 1230 in
259 1201 410 1240 aliquam,
434 1206 619 1242 potestatem
644 1206 692 1236 sui
721 1208 861 1246 corporis
885 1208 912 1237 ei

143 1254 254 1284 tribuit
270 1266 275 1284 :
296 1264 376 1294 ergo
387 1258 455 1295 jam
470 1266 533 1287 non
551 1261 650 1296 potest
665 1259 740 1289 dare
761 1269 831 1290 eam
848 1261 911 1291 alii.

182 1309 210 1338 3.
229 1308 305 1338 Item
322 1309 379 1339 iste
400 1311 554 1342 consentit
575 1312 607 1342 in
631 1313 762 1343 invitam
785 1316 816 1344 et
832 1314 914 1345 reni-

141 1363 272 1399 tentem,
289 1363 320 1391 et
340 1363 541 1400 postmodum
559 1364 609 1394 illa
626 1367 780 1396 consentit
797 1377 803 1396 z
822 1376 911 1397 cons-

140 1415 186 1443 tat
201 1413 303 1453 quod,
330 1424 402 1445 cum
418 1415 470 1445 illa
485 1418 655 1454 consentit,
673 1419 913 1450 matrimonium

140 1468 245 1496 ratum
268 1467 375 1497 existit
402 1477 409 1497 :
434 1478 514 1508 ergo
534 1470 559 1499 si
585 1470 702 1500 mulier
725 1471 830 1501 virum
854 1473 913 1502 sibi

140 1519 279 1558 obligat,
307 1529 370 1550 non
396 1530 436 1551 ex
458 1522 518 1552 hoc
543 1523 626 1561 qnod
651 1524 719 1562 ipsa
744 1526 911 1562 consentit,

140 1572 216 1612 quia
230 1582 402 1604 consensus
423 1575 517 1605 unius
538 1584 679 1614 personae
695 1576 825 1607 alteram
849 1587 912 1609 non

141 1625 261 1665 obligat
278 1637 284 1656 z
304 1635 383 1665 ergo
402 1627 462 1658 hoc
478 1631 523 1658 est
544 1631 671 1668 propter
684 1630 820 1668 priorem
836 1640 913 1662 cou-

141 1687 281 1716 sensum,
290 1688 385 1719 quem
397 1680 447 1710 ille
459 1681 546 1720 prius
555 1682 702 1712 emiserat
715 1694 720 1712 z
733 1692 813 1722 ergo
826 1685 914 1723 prius

142 1731 303 1770 obligatus
318 1736 396 1763 erat.

181 1787 210 1815 4.
240 1784 317 1815 ltem
339 1786 497 1817 efficacius
515 1790 545 1817 et
567 1788 722 1819 intensius
743 1791 910 1828 consensit,

141 1837 195 1876 qui
212 1847 276 1868 non
289 1838 391 1869 solum
406 1839 490 1869 favet
505 1841 711 1871 consentienti
724 1865 731 1878 ‚
748 1842 801 1872 sed
817 1843 912 1873 etiam

141 1891 305 1928 consentit,
320 1893 349 1921 et
367 1891 460 1922 aliam
478 1902 645 1932 personam
659 1895 699 1925 ad
711 1896 911 1926 consentien—

140 1943 218 1973 dum
234 1944 394 1983 compellit
411 1955 417 1974 r
435 1945 489 1975 sed
510 1946 633 1984 primus
649 1947 761 1977 modus
779 1957 911 1979 consen-

142 1995 237 2025 tiendi
261 1997 333 2026 facit
353 1998 591 2029 matrimonium
604 2023 613 2036 ,
631 2002 661 2030 et
683 2000 910 2039 obligationem

142 2049 260 2079 inducit
275 2061 281 2079 z
301 2059 380 2088 ergo
395 2051 496 2081 multo
509 2052 620 2083 fortius
634 2053 803 2084 secundus

181 2104 210 2132 5.
228 2103 307 2133 Item
318 2103 453 2134 charitas
463 2107 510 2134 est
525 2106 689 2136 vinculum
699 2107 909 2146 perfectionis,

140 2156 220 2186 sicut
231 2156 344 2187 dicitur
360 2160 370 2176 ²
386 2168 392 2188 :
411 2158 470 2188 hoc
483 2161 589 2189 autem
606 2160 783 2198 vinculum,
802 2170 912 2200 quam-

140 2209 188 2238 vis
203 2210 243 2239 sit
256 2210 427 2248 perfectum
445 2213 475 2241 et
490 2212 652 2251 spirituale
664 2236 671 2249 ‚
690 2215 794 2243 tamen
811 2216 911 2252 potest

139 2270 207 2291 esse
220 2262 315 2292 unius
325 2263 362 2292 ad
374 2263 521 2301 alterum,
536 2264 579 2294 ita
589 2265 673 2304 quod
685 2266 724 2296 sit
738 2269 886 2297 mutuum
901 2278 906 2296 :

140 2314 182 2344 ita
197 2314 263 2353 pari
283 2315 403 2346 ratione
419 2318 450 2346 et
471 2317 638 2348 vinculum
664 2319 789 2349 carnale
806 2329 813 2349 :
831 2329 910 2359 ergo

139 2369 170 2396 et
186 2367 425 2398 matrimonium
439 2380 444 2398 :
463 2378 542 2408 ergo
557 2371 682 2401 videtur
696 2372 780 2410 quod
796 2372 910 2411 aliquis

139 2419 235 2458 possit
255 2429 322 2450 esse
342 2421 473 2459 junctus
496 2423 772 2453 matrimonialiter
795 2424 908 2462 alicui,

139 2472 165 2501 si
182 2472 216 2501 in
231 2472 369 2512 aliquam
384 2475 550 2511 consentit,
564 2477 595 2505 et
606 2476 642 2513 (b)
659 2485 676 2506 e
692 2485 844 2506 converso
861 2476 909 2507 al-

146 2527 212 2555 tera
228 2525 379 2556 dissentit.

172 2596 177 2610 ·
199 2596 237 2624 (Ἲῒ
257 2597 383 2623 Βινιιατὰ,
403 2598 431 2620 iv
452 2598 529 2622 sent..
549 2598 605 2622 dist.
631 2604 701 2627 xxix,
718 2606 741 2628 q.
762 2605 803 2622 1¹1:
822 2600 907 2629 siaph.

172 2640 204 2670 (a)
221 2642 279 2665 εἰει.
293 2641 353 2665 edit.
364 2641 557 2671 abrenunciare,
569 2644 592 2665 et
605 2643 640 2665 xic
648 2642 798 2672 deinceps‚-—
813 2643 847 2673 (b)
857 2646 907 2669 aut-

704 184 1010 216 SENTENTIARUM
1034 185 1107 217 LIB.
1130 186 1178 217 iv.

1012 252 1125 283 Contra
1149 264 1154 283 :

974 306 1067 336 minae
1091 308 1270 344 conjunctio
1294 317 1301 337 :
1324 308 1427 337 omnis
1446 309 1553 337 autem
1574 307 1644 338 talis
1662 317 1738 338 con-

968 359 1091 397 Juuctio
1106 362 1151 389 est
1164 360 1401 399 aequiparantia}
1418 360 1525 390 relatio
1545 371 1551 389 :
1569 360 1620 390 sed
1637 360 1740 390 omnis

973 411 1043 441 talis
1058 412 1187 451 requirit
1213 413 1465 443 convenientiam
1487 413 1567 443 inter
1585 415 1738 448 extrema,

972 464 1048 502 quia
1062 464 1101 494 ad
1124 465 1230 495 minus
1244 468 1291 496 est
1311 466 1391 496 inter
1409 466 1498 496 duos,
1517 465 1603 496 Unde
1622 466 1648 496 si
1663 466 1712 496 ali·
1727 476 1741 496 r

972 515 1109 546 duorum
1123 517 1242 548 desinat
1257 527 1324 548 esse
1345 519 1466 552 similis,
1484 528 1548 549 non
1562 521 1607 549 est
1624 519 1737 549 simili-

973 569 1048 599 tudo
1067 580 1073 599 :
1090 578 1168 608 ergo
1182 580 1199 599 a
1215 570 1310 600 simili
1327 571 1358 600 in
1375 572 1589 609 matrimonio,
1614 572 1638 601 si
1661 572 1741 602 alter

972 621 1144 660 dissentiat,
1163 632 1224 653 non
1237 626 1283 653 est
1304 624 1556 661 matrimonium,
1573 634 1630 655 nec
1645 634 1738 664 spon-

972 674 1066 705 salia:
1079 678 1196 709 constat
1213 685 1292 715 ergo
1307 677 1389 715 quod
1406 676 1492 706 nulla
1505 680 1551 707 est
1566 677 1606 707 ibi
1619 677 1740 717 obliga-

972 728 1025 765 tio,
1045 738 1101 758 nec
1116 729 1243 768 aliquod
1258 729 1491 768 praejudicium.

1015 781 1089 811 item
1111 782 1165 811 ubi
1189 785 1234 812 est
1251 783 1491 812 matrimonialis
1511 783 1675 822 obligatio,
1695 786 1741 814 est

974 834 1021 864 vir
1039 837 1067 864 et
1092 844 1193 864 uxor:
1211 834 1264 864 sed
1280 843 1361 864 uxor
1379 835 1492 865 dicitur
1510 838 1654 874 respectu
1665 836 1738 872 viri,

971 887 1050 917 sicut
1062 890 1149 926 pater
1159 889 1301 926 respectu
1314 887 1380 925 tilii,
1393 890 1423 917 et
1433 897 1450 917 e
1461 897 1613 918 converso
1630 899 1635 918 :
1650 897 1739 927 ergo,

971 939 1050 969 sicut
1073 940 1216 979 sequitur
1239 951 1244 970 :
1267 952 1280 968 ιι
1301 939 1360 970 Iste
1384 949 1447 970 non
1464 942 1511 970 est
1533 940 1616 971 iilius
1631 941 1739 980 hujus,

971 1002 1049 1032 ergo
1064 994 1121 1023 iste
1137 996 1256 1023 nonest
1273 996 1360 1032 pater
1379 994 1492 1033 hujus;
1511 1004 1524 1021 ι)
1542 994 1584 1024 ita
1597 994 1676 1024 bene
1690 1004 1738 1025 se-

971 1046 1104 1085 quitur:
1137 1058 1150 1075 (‹
1174 1046 1241 1077 Non
1266 1049 1313 1076 est
1336 1046 1476 1083 obligata
1498 1047 1566 1083 isti,
1591 1049 1625 1077 ut
1644 1056 1739 1085 uxor,

970 1107 1048 1135 ergo
1066 1099 1123 1129 iste
1143 1108 1207 1129 nou
1226 1101 1272 1128 est
1292 1099 1452 1137 obligatus
1474 1099 1523 1128 isti
1542 1102 1575 1129 ut
1599 1099 1659 1134 vir,
1683 1109 1740 1130 nec

970 1151 1032 1181 alio
1048 1152 1140 1182 modo
1158 1163 1164 1181 :
1182 1163 1195 1179 »
1213 1161 1303 1190 ergo,
1322 1154 1379 1182 etc.

1011 1203 1087 1233 Item
1110 1213 1281 1233 consensus
1297 1204 1351 1243 qui
1369 1204 1515 1234 transfert
1531 1204 1673 1243 corporis
1689 1214 1741 1244 po-

970 1259 1112 1287 testatem
1134 1257 1166 1287 in
1188 1257 1330 1294 alteram,
1348 1260 1394 1287 est
1418 1266 1599 1294 consensus,
1617 1258 1671 1296 qui
1691 1258 1738 1288 di-

970 1310 1011 1339 cit
1028 1320 1034 1340 :
1058 1321 1071 1337 α
1086 1310 1213 1349 Accipio
1231 1312 1259 1339 te
1274 1310 1306 1339 in
1320 1319 1423 1339 meam
1440 1321 1446 1339 :
1464 1321 1478 1336 »
1498 1310 1551 1339 sed
1567 1309 1675 1340 nullus
1689 1319 1741 1349 po-

971 1365 1028 1392 test
1041 1362 1180 1401 accipere
1192 1362 1332 1402 aliquam
1350 1363 1381 1391 in
1396 1371 1499 1399 suam,
1515 1362 1575 1391 nisi
1591 1363 1646 1402 qui
1669 1363 1742 1394 facit

970 1426 1059 1446 suam
1077 1428 1083 1446 :
1101 1426 1179 1455 ergo
1193 1417 1314 1456 absque
1329 1426 1481 1447 consensu
1504 1417 1646 1447 mulieris
1666 1417 1737 1448 nul-

970 1469 1019 1499 lus
1031 1472 1077 1500 est
1091 1479 1265 1500 consensus
1281 1469 1352 1499 viri.

1011 1522 1104 1559 Item,
1128 1525 1421 1562 quantumcumque
1446 1523 1580 1553 vendam
1605 1524 1736 1564 aliquid,

970 1584 1033 1605 non
1043 1575 1078 1605 fit
1087 1578 1274 1612 contractus,
1286 1584 1342 1605 nec
1350 1576 1499 1611 astrictio,
1508 1576 1568 1606 nisi
1580 1579 1614 1607 tu
1631 1586 1735 1608 emas:

969 1637 1047 1666 ergo
1063 1628 1129 1667 pari
1145 1629 1267 1658 ratione
1290 1637 1455 1667 nunquam
1471 1629 1660 1660 transfertur
1682 1639 1740 1670 po-

968 1682 1065 1710 testas
1088 1681 1147 1711 viri
1162 1681 1195 1711 in
1212 1680 1390 1718 mulierem,
1405 1681 1464 1711 nisi
1482 1682 1597 1712 mulier
1612 1691 1740 1713 consen-

969 1733 1024 1763 tiat
1044 1745 1049 1763 :
1068 1734 1092 1763 si
1105 1742 1184 1772 ergo
1195 1734 1262 1773 ipsa
1272 1737 1315 1763 est
1329 1737 1446 1769 coacta,
1463 1743 1526 1765 non
1537 1735 1740 1766 videturesse

969 1786 1134 1825 obligatio.

1242 1856 1464 1888 CONCLUSIO.

969 1937 1137 1964 Consentiens
1159 1938 1187 1963 in
1207 1939 1373 1968 renitentem,
1392 1940 1577 1972 perseverante
1597 1939 1741 1966 renitentia

1004 1982 1081 2008 corde
1104 1984 1127 2008 et
1150 1983 1239 2015 siquo,
1256 1981 1443 2016 praejudicium
1461 1989 1513 2009 non
1536 1983 1607 2014 facit
1628 1983 1695 2014 sibi,
1711 1985 1740 2009 ut

1003 2033 1054 2051 non
1062 2027 1151 2060 possit
1164 2033 1222 2051 cum
1237 2026 1295 2051 alia
1308 2026 1463 2052 consentire.

1009 2104 1100 2144 Resp.
1126 2104 1164 2134 ad
1191 2114 1260 2143 arg.
1286 2104 1460 2134 Dicendum
1485 2105 1569 2144 quod
1594 2114 1738 2144 quaerere

969 2160 1077 2188 utrum
1093 2158 1298 2187 consentienti
1324 2158 1355 2187 in
1381 2158 1568 2188 renitentem
1585 2158 1639 2189 fiat
1654 2168 1737 2198 prae-

963 2211 1131 2250 judicium,
1150 2213 1195 2241 est
1215 2220 1358 2250 quaerere
1378 2214 1485 2241 utrum
1506 2211 1737 2243 matrimoniale

969 2264 1135 2294 vinculum
1146 2264 1308 2300 claudicet,
1321 2267 1356 2294 ut
1370 2273 1410 2294 ex
1421 2267 1509 2304 parte
1527 2265 1567 2295 sit
1586 2265 1735 2303 solidum,

967 2320 1050 2348 etex
1070 2320 1157 2357 parte
1173 2318 1345 2348 contritum
1365 2328 1371 2347 t
1389 2320 1419 2348 et
1439 2318 1499 2348 hoc
1519 2321 1565 2348 est
1579 2327 1735 2357 quaerere,

968 2373 1075 2401 utrum
1095 2370 1209 2410 aliquis
1231 2370 1269 2400 sit
1291 2370 1350 2407 vir,
1369 2372 1462 2410 quus
1481 2380 1545 2401 non
1563 2373 1609 2401 est
1630 2380 1711 2402 uxor
1728 2382 1734 2401 :

966 2426 997 2454 et
1014 2424 1119 2463 aliqua
1132 2424 1171 2453 sit
1185 2433 1278 2460 uxor,
1292 2433 1364 2464 quae
1378 2433 1441 2454 non
1454 2424 1547 2455 babet
1559 2424 1665 2455 virum
1683 2435 1688 2454 :
1706 2427 1736 2455 et

968 2477 1036 2507 haec
1050 2477 1082 2506 in
1098 2477 1199 2515 seipsa
1213 2477 1347 2515 quaestio
1363 2476 1506 2513 solvitur,
1524 2486 1580 2516 pro
1599 2486 1636 2507 eo
1651 2479 1734 2517 quod

968 2530 999 2559 in
1014 2539 1050 2559 ea
1065 2530 1207 2568 opposita
1223 2529 1424 2568 implicantur
1439 2532 1566 2568 propter
1588 2533 1734 2560 naturam

968 2608 1069 2635 Brutos,
1087 2608 1117 2631 lV
1138 2608 1195 2629 Sunt
1212 2626 1214 2629 .
1234 2608 1280 2630 dist
1309 2614 1384 2634 :<*‹·1x',
1403 2615 1417 2638 ¹1
1448 2614 1480 2637 11;
1499 2608 1562 2631 l‘etr.
1579 2609 1609 2632 de
1623 2609 1734 2638 Terent..

968 2645 997 2667 ΙΥ
1016 2645 1093 2673 sent,
1109 2644 1165 2667 disti
1183 2649 1255 2670 xxix,
1271 2650 1296 2672 q.
1313 2650 1334 2665 v.
1348 2656 1376 2660 —-
1388 2645 1397 2659 ²
1409 2643 1514 2671 Coloss„
1533 2650 1573 2670 111,
1597 2646 1633 2669 u.

1183 254 1421 285 Matrimonium
1445 256 1490 284 est
1515 254 1613 284 maris
1635 258 1667 285 et
1695 256 1739 286 fe·
1756 261 1858 282 Fundam-
