1991 3006
73 856 106 876 Ad
124 862 175 882 opp.

695 187 788 219 DlS'r.
811 189 872 219 XL.
898 187 986 218 ART.
1012 187 1034 217 Ι.
1058 185 1205 223 QUAEST.
1231 187 1281 218 ill.

189 261 311 298 rentur,
327 261 358 290 et
373 258 507 289 charitas
527 256 686 287 mediante
701 255 830 286 vinculo
845 255 956 286 matri-

190 313 289 344 monii
304 314 416 342 mutuo
430 312 681 346 conservaretur,
700 309 808 339 statuit
823 308 959 338 Ecclesia

190 365 432 397 matrimonium
444 364 482 394 ad
492 365 628 393 remotas
639 370 788 401 personas
803 361 957 401 protendi,

190 428 255 449 non
278 418 353 457 quia
376 417 410 446 in
437 415 591 456 proximis
613 414 820 454 impediretur
848 413 958 444 matri-

190 470 347 506 monium,
359 470 412 499 sed
423 469 500 508 quia
510 468 695 508 perderetur
705 469 808 507 majus
820 467 957 497 bonum:

189 526 221 554 et
236 516 281 553 sic
294 524 379 562 patet
391 524 504 552 totum.

448 625 625 664 QUAESTIO
649 626 700 657 ΙΙΙ.

214 714 259 740 An
275 714 490 746 consanguinitas
504 711 633 746 impediat
646 719 727 745 usque
740 711 777 737 ml
789 712 930 745 septimum

502 756 615 789 gradum
630 759 648 781 ¹.

230 839 335 879 Usque
343 840 382 870 ad
393 848 489 879 quem
499 839 635 878 gradum
642 839 884 878 consanguinita
890 840 963 870 sim-

190 893 295 933 pediat
315 892 566 929 matrimonium;
579 894 609 922 et
628 893 712 932 quod
727 893 877 932 usquead
893 902 962 931 sep-

190 946 310 976 timum
322 946 471 984 gradum,
484 945 627 975 videtur:
647 948 672 975 1.
687 944 860 984 Gregorius
875 945 961 982 dicit,

193 1000 224 1028 et
240 998 374 1028 habetur
388 998 421 1027 in
433 997 538 1028 littera
552 1009 558 1027 :
581 1009 595 1026 α
606 997 796 1036 Progeniem
807 1007 898 1027 suam
913 1007 964 1028 us-

191 1059 253 1089 que
263 1050 302 1080 ad
322 1050 490 1090 septimam
503 1050 741 1089 generationem
752 1059 964 1090 unumquem-

191 1112 254 1142 que
267 1103 437 1133 observare
452 1104 661 1134 decrevimus.
678 1114 693 1131 ))
713 1103 746 1133 Si
765 1106 801 1134 tu
821 1104 961 1143 ohJieias,

191 1156 276 1195 quod
292 1156 370 1186 illud
382 1159 429 1186 cst
444 1159 648 1187 retractatum
662 1157 697 1186 in
713 1157 848 1187 Concilio
864 1166 962 1196 gene-

190 1210 265 1249 rali,
291 1210 421 1241 Extrav.
451 1211 490 1242 de
515 1211 815 1250 Consanquinitace,
839 1221 866 1242 c.
894 1212 964 1243 Non

191 1264 292 1302 debet,
307 1267 379 1302 etc„
396 1264 573 1294 ostenditur
594 1265 678 1304 quod
694 1264 771 1295 illud
795 1275 859 1295 non
874 1265 965 1296 (lebet

191 1326 257 1348 esse
271 1320 488 1355 retractatum,
505 1319 656 1357 quoniam
676 1321 730 1349 aut
747 1319 806 1349 hoc
824 1322 871 1350 est
885 1320 964 1350 bene

191 1372 360 1406 statutum,
381 1372 536 1400 autnon:
560 1371 586 1400 si
611 1380 686 1408 non,
708 1381 788 1410 ergo
803 1373 885 1403 male
900 1378 963 1404 sta-

192 1422 253 1453 tuit
268 1425 394 1453 sanctus
410 1422 583 1461 Gregorius
594 1446 602 1461 ,
618 1427 648 1454 et
663 1424 716 1454 alii
730 1426 828 1455 sancti
840 1437 847 1463 ;
865 1427 890 1456 si
906 1428 961 1465 sic,

191 1476 244 1506 sed
261 1476 345 1515 quod
359 1476 440 1506 bene
456 1479 612 1507 statutum
629 1480 686 1515 est,
702 1487 768 1508 non
782 1478 903 1518 indIget
918 1489 964 1510 re-

192 1529 386 1567 tractatione,
402 1529 456 1559 sed
470 1529 706 1560 observatione:
722 1539 810 1570 ergo,
829 1534 888 1562 etc.

232 1584 261 1612 2.
290 1581 368 1612 Item
393 1583 568 1613 secundum
586 1585 709 1614 rectum
731 1584 876 1615 ordinem
900 1595 963 1616 non

192 1638 238 1665 est
262 1636 537 1674 retrocedendum,
564 1637 618 1667 sed
643 1637 725 1667 ultra
754 1639 961 1677 progredien-

192 1689 288 1719 dum:
306 1697 385 1728 ergo
404 1689 431 1719 si
451 1690 550 1720 sancti
575 1689 682 1720 Patres
702 1692 962 1730 consanguinita-

192 1745 256 1773 tem
271 1752 372 1783 usque
394 1744 432 1774 ad
455 1740 593 1783 gradum
614 1745 784 1784 septimum
804 1747 962 1785 perduxe-

191 1799 278 1833 runt,
296 1806 376 1836 ergo
399 1798 453 1837 qui
478 1797 599 1828 reducit
620 1798 722 1837 ipsam
740 1798 780 1828 ad
799 1802 961 1838 quartum,

191 1850 371 1880 retrocedit:
395 1850 448 1880 sed
463 1853 474 1868 ²
496 1851 553 1889 qui
572 1851 690 1889 aspicit
715 1855 807 1888 retro,
832 1860 896 1884 non
920 1858 965 1885 est

192 1907 288 1942 aptus
306 1911 400 1942 regno
423 1904 483 1934 Dei
496 1914 506 1933 :
526 1912 604 1942 ergo
624 1904 705 1934 male
728 1904 886 1943 fecerunt,
910 1908 963 1946 qui

192 1957 452 1986 retractaverunt.

233 2010 262 2038 3.
280 2008 357 2038 Item
371 2008 403 2038 in
418 2008 573 2048 proximis
586 2009 739 2048 gradibus
754 2019 818 2040 non
832 2012 964 2051 permit-

192 2061 268 2091 titur
283 2061 467 2092 contrahere
483 2064 610 2101 propter
625 2062 838 2094 dilatationem
853 2065 962 2096 chari-

192 2113 283 2144 tatis:
297 2114 351 2144 sed
362 2117 481 2154 quanto
495 2115 631 2145 charitas
647 2118 694 2146 est
704 2115 861 2155 frigidior,
876 2120 964 2149 tanto

192 2167 296 2206 magis
322 2167 447 2206 indiget
466 2167 611 2199 dilatari:
640 2178 714 2199 cum
739 2178 818 2208 ergo
843 2171 875 2200 in
900 2172 964 2202 fine

193 2220 329 2251 charitas
343 2222 540 2261 refrigescet,
561 2225 592 2253 ct
609 2222 669 2252 hoc
687 2224 756 2262 jam
775 2225 896 2263 evenit,
914 2226 962 2255 vi-

192 2273 284 2304 detur
298 2283 387 2313 ergo,
402 2275 486 2314 quod
500 2284 586 2305 nunc
601 2276 704 2314 magis
719 2280 875 2316 competat
889 2288 965 2317 gra-

193 2328 252 2359 dus
266 2329 549 2368 consanguinitatis
565 2330 762 2369 protendere,
781 2340 879 2370 quam
896 2342 962 2363 res-

194 2381 347 2420 tringere.

233 2436 263 2464 4.
288 2433 365 2465 Item
386 2438 505 2474 quanto
521 2436 623 2475 magis
641 2437 745 2468 fideles
765 2441 839 2470 sunt
854 2440 964 2471 multi-

227 2496 233 2511 “
253 2496 292 2525 Cf.
311 2497 337 2520 S.
352 2496 452 2527 Tbom,
468 2497 494 2520 in
511 2497 598 2527 Suppl.
614 2505 637 2528 p.
657 2499 703 2528 ill,
721 2506 745 2530 q.
762 2506 812 2529 mv,
831 2504 876 2525 :ii-i.
898 2503 924 2531 4,·
939 2505 964 2526 et

196 2530 226 2554 Ν
247 2531 325 2561 Senl„
345 2532 404 2556 dist.
427 2538 472 2561 η,
488 2539 513 2563 q.
534 2539 555 2561 ι,
576 2534 622 2556 art.
643 2535 668 2563 33
688 2534 816 2565 aicham..
837 2538 865 2560 tv
884 2538 962 2565 Sem„

195 2565 251 2590 dist.
272 2572 319 2596 xL,
339 2574 364 2597 q.
385 2573 428 2591 111:
449 2567 538 2591 Thom.
560 2570 674 2599 Argent„
695 2570 725 2593 lV
746 2572 823 2602 Setis„
845 2572 902 2596 dist.
921 2578 963 2603 η,

196 2607 221 2631 q.
239 2605 256 2630 ι,
271 2603 318 2625 nrt.
338 2603 361 2632 ῖς
378 2602 465 2633 Steph.
483 2603 584 2633 Brulef„
601 2603 632 2626 lV
650 2604 728 2635 Sen!.,
744 2605 801 2629 dist.
817 2613 859 2637 xc,
875 2615 900 2637 q.
919 2613 961 2637 111;

1723 193 1782 222 415

1015 254 1133 293 plicati‚
1156 256 1243 285 tanto
1263 257 1366 295 magis
1387 257 1505 288 habent
1524 258 1647 297 copiam
1662 258 1700 289 de
1714 258 1779 295 his,
1820 289 1823 292 ,

1016 316 1091 337 cum
1107 308 1224 347 quibus
1238 308 1322 339 licite
1338 313 1469 348 possunt
1485 312 1690 342 contrahere:
1704 320 1782 350 ergo

1015 363 1119 401 major
1143 363 1362 402 opportunitas
1385 367 1452 394 erat
1479 364 1511 394 in
1535 364 1783 404 praecedentibus

1015 415 1212 455 temporibus
1237 425 1311 446 cum
1333 417 1534 456 propinquis,
1560 427 1657 457 quam
1679 426 1781 455 nunc;

1015 476 1092 507 ergo
1111 468 1165 498 illa
1180 469 1399 508 opportunitas
1413 479 1477 500 non
1492 471 1677 501 excludebat
1692 479 1782 501 cons-

1017 521 1195 551 titutionem
1216 521 1255 552 de
1274 523 1450 561 septenario
1470 523 1574 562 gradu
1591 523 1782 563 consangui-

1016 574 1123 604 nitatis
1138 575 1352 605 observando:
1369 584 1448 614 ergo
1463 585 1521 606 nec
1535 586 1630 607 nunc.

1057 627 1189 658 Contra:
1208 631 1237 657 t.
1254 627 1343 664 Quod
1362 637 1426 658 non
1441 629 1551 659 debeat
1566 629 1717 669 impedire
1735 630 1784 660 ul—

1017 682 1066 709 tra
1090 680 1282 718 secundum,
1308 681 1444 719 videtur,
1468 682 1543 721 quia
1567 682 1599 712 in
1622 682 1695 721 lege
1720 691 1783 713 non

1016 733 1215 772 prohibetur,
1242 734 1303 763 nisi
1330 744 1430 774 usque
1453 734 1492 764 ad
1516 735 1689 765 secundum
1711 745 1784 774 gra—

1017 786 1111 823 dum,
1142 786 1222 817 sicut
1248 789 1332 826 patet
1353 796 1394 818 ex
1419 788 1574 826 Levitico,
1596 798 1690 826 xvui,
1716 791 1733 818 7
1757 793 1785 819 et

1017 848 1082 879 seq.
1102 840 1154 879 (a).
1178 839 1265 878 Ergo
1288 841 1314 870 si
1337 849 1447 871 omnes
1468 844 1600 880 possunt
1621 842 1786 872 matrimo-

1017 893 1142 923 nialiter
1162 902 1218 932 per
1240 893 1338 923 Deum
1354 894 1522 933 conjungi,
1540 895 1594 934 qui
1609 904 1628 925 a
1647 895 1709 925 Deo
1724 905 1788 926 non

1018 945 1236 984 prohihentur,
1261 955 1339 985 ergo
1359 956 1469 977 omnes
1485 950 1640 987 quotquot
1654 948 1736 978 infra
1749 948 1788 978 il-

1018 998 1085 1028 lum
1107 999 1244 1037 gradum
1267 1001 1532 1038 conjunguntur:
1557 1010 1637 1040 ergo
1659 1011 1714 1041 per
1729 1002 1786 1032 ho-

1019 1052 1137 1081 minem
1153 1052 1291 1091 separari
1310 1061 1374 1082 non
1391 1055 1539 1092 possunt:
1561 1063 1639 1093 ergo
1654 1064 1716 1085 non
1733 1065 1789 1095 po-

1018 1107 1077 1135 test
1088 1105 1327 1135 matrimonium
1337 1105 1430 1135 alicui
1440 1107 1689 1145 prohiberiin‘fra
1697 1108 1788 1139 illum

1020 1157 1170 1196 gradum.

1059 1213 1088 1241 ΞΔ.
1114 1210 1190 1241 ltem
1211 1211 1348 1242 Ecclesia
1368 1221 1431 1242 non
1451 1215 1552 1252 potest
1569 1214 1684 1252 facere,
1705 1215 1789 1254 quod

1019 1264 1195 1303 baptizalus
1216 1267 1319 1295 careat
1342 1265 1543 1305 baptismate;
1568 1267 1662 1297 etiam
1687 1278 1787 1308 quan-

1020 1319 1228 1357 tumcumque
1253 1320 1381 1356 statuat,
1410 1320 1435 1348 si
1459 1320 1634 1359 baptizatur
1657 1321 1729 1360 quis
1751 1322 1789 1352 de

1020 1370 1111 1407 facto,
1128 1370 1301 1409 baptizatus
1316 1374 1361 1401 est
1375 1383 1381 1402 ε
1401 1381 1479 1411 ergo
1494 1375 1789 1415 quantumcumque

1020 1423 1202 1462 prohibeat,
1224 1427 1254 1454 et
1276 1426 1393 1454 statuat
1407 1428 1443 1455 ut
1458 1426 1555 1466 aliqui
1574 1427 1709 1458 invicem
1724 1437 1788 1459 non

1019 1476 1223 1512 contrahant,
1245 1479 1353 1507 tamen
1375 1478 1399 1507 si
1421 1478 1459 1508 de
1483 1479 1562 1510 facto
1581 1481 1786 1519 contrahant,

1019 1531 1215 1560 contractum
1232 1532 1298 1560 est:
1322 1540 1401 1569 ergo
1421 1532 1546 1562 videtur
1567 1534 1652 1572 quod
1671 1535 1790 1573 gradus

1019 1582 1170 1622 prohibiti
1187 1583 1225 1612 ab
1241 1582 1376 1613 Ecclesia
1392 1585 1631 1616 matiiuionium
1648 1596 1711 1617 uon
1727 1588 1787 1618 im-

1019 1636 1164 1675 pediant.-
1192 1636 1245 1666 sed
1271 1636 1321 1666 isti
1344 1645 1455 1667 omnes
1477 1641 1550 1668 suut
1570 1639 1654 1670 ultra
1675 1650 1787 1671 secuu—

1019 1690 1097 1720 dum
1114 1699 1122 1719 :
1139 1698 1232 1728 ergo,
1250 1692 1308 1720 etc.

1060 1745 1088 1773 3.
1108 1742 1184 1773 item
1208 1743 1447 1774 matrimonium
1465 1747 1659 1776 contractum
1680 1750 1789 1778 contra

1020 1796 1166 1828 Ecclesiae
1188 1797 1406 1835 interdictum,
1429 1807 1542 1828 verum
1558 1802 1605 1830 est
1624 1801 1790 1832 matrimo-

1020 1851 1110 1880 nium
1130 1860 1137 1880 :
1163 1859 1241 1888 ergo
1264 1859 1337 1879 cum
1364 1851 1484 1888 gradus
1508 1854 1791 1892 consanguinitatis

1020 1912 1082 1933 uon
1099 1902 1235 1933 habeant
1251 1902 1401 1932 virtutem
1414 1903 1615 1943 impediendi,
1627 1907 1687 1936 nisi
1699 1917 1790 1947 prop-

1022 1959 1067 1986 ter
1085 1955 1229 1986 Ecclesia:
1244 1958 1395 1986 statutum
1406 1980 1414 1994 ‚
1430 1957 1557 1988 videtur
1575 1959 1660 1998 quod
1675 1969 1786 1990 secun-

1020 2009 1096 2039 dum
1112 2009 1275 2039 veritatem
1294 2018 1359 2039 non
1373 2009 1561 2049 impediunt.

1059 2065 1089 2092 4.
1107 2062 1183 2092 item
1202 2061 1414 2102 Hieronymus
1429 2063 1519 2101 dicit,
1537 2066 1620 2104 quod
1636 2067 1714 2096 nillil
1729 2067 1787 2097 sibi

1020 2116 1177 2152 credatur,
1194 2116 1254 2146 nisi
1270 2116 1379 2155 probet
1395 2126 1449 2156 per
1465 2120 1569 2156 vetus,
1592 2119 1642 2150 vel
1660 2129 1715 2159 per
1731 2129 1790 2150 no-

1021 2177 1099 2198 vum
1123 2168 1378 2199 Testamentum:
1406 2179 1485 2208 ergo
1509 2180 1581 2202 cum
1606 2182 1668 2203 nou
1692 2175 1789 2213 possit

1021 2223 1144 2262 probari
1162 2232 1217 2262 per
1231 2232 1363 2261 novum,
1380 2233 1436 2254 nee
1449 2234 1504 2264 per
1515 2229 1617 2264 vetus,
1631 2228 1715 2267 quod
1726 2238 1788 2259 non

1021 2276 1117 2315 possit
1129 2276 1273 2306 contrahi
1289 2277 1320 2306 in
1337 2278 1491 2315 gradibus
1505 2280 1589 2310 ultra
1599 2282 1786 2320 secundum,

1020 2329 1145 2359 videtur
1166 2330 1250 2369 quod
1269 2331 1348 2361 nulli
1368 2332 1560 2363 credendum
1578 2336 1639 2372 est,
1663 2335 1688 2365 si
1710 2335 1791 2366 (licat

1020 2384 1233 2413 contrarium:
1255 2393 1334 2423 ergo
1354 2386 1528 2417 tenendum
1550 2390 1611 2427 est,
1633 2389 1716 2428 quod
1734 2398 1788 2428 po-

1021 2438 1079 2466 test
1095 2437 1249 2468 contrahi.

1023 2522 1150 2545 i’ctrusnle
1166 2523 1275 2551 Tarant„
1294 2525 1322 2547 lv
1343 2524 1419 2555 sent„
1438 2526 1487 2549 dist
1514 2533 1554 2556 xc,
1572 2535 1596 2557 ¹1-
1614 2534 1646 2550 iv.
1660 2541 1685 2544 —
1701 2528 1710 2544 ²
1723 2528 1789 2557 l.11c.,

1022 2563 1057 2585 ix,
1073 2558 1110 2580 δὲ.

1053 2608 1085 2638 (n)
1102 2608 1162 2632 Cast.
1179 2609 1238 2632 edit.
1256 2610 1347 2634 remitt.
1363 2611 1393 2634 ευ]
1409 2612 1548 2642 tii-flgitium
1564 2620 1594 2635 es
1610 2613 1722 2644 Lcm'u'co,
1740 2615 1788 2639 cte.

1799 633 1905 654 Fundam.
