1991 3006
196 222 253 252 526

232 287 322 329 Resp.
339 288 512 319 Dicendum
527 286 611 326 quod
630 285 752 325 punitio
775 283 961 323 gehennalis

189 341 249 371 erit
269 342 336 372 sine
361 341 448 372 omni
472 339 720 370 intermissione:
745 340 775 368 et.
796 338 855 367 hoc
877 338 960 376 patet

192 402 247 432 pcr
262 394 354 431 illud,
372 393 454 433 quod
470 393 585 423 dicitur
600 392 633 422 in
649 390 838 431 Apocalypsi
855 392 863 408 ¹
878 399 885 419 z
900 390 959 420 As·-

189 447 300 478 cemlct
317 448 424 485 sumus
440 450 666 478 tormentorum
683 446 717 476 z'n
736 444 852 475 stccztla
868 451 961 473 soecu-

189 499 301 537 lorum,
314 503 341 531 ec
352 508 416 530 non
426 499 580 530 habebunt
594 499 733 538 requiem
745 497 797 528 ace
811 505 846 527 ac
861 499 959 527 nocte.

189 551 267 582 Cum
282 553 366 582 enim
383 562 447 582 non
463 553 501 582 sit
517 552 724 591 interpellatio
740 551 771 580 in
788 550 890 588 culpa,
906 550 958 579 ‹le-

189 604 241 635 bet
255 614 321 635 esse
332 605 526 635 continuatio
542 605 574 635 in
596 613 699 644 poena.
712 602 799 640 Quod
815 602 962 641 objicitur

188 656 227 687 de
251 658 405 694 transitu,
432 657 599 687 dicendum
623 657 706 696 quod
732 656 873 694 loquitur
897 663 961 685 non

189 710 384 750 simpliciter,
407 711 460 741 sed
478 711 539 741 snb
553 710 740 744 conditione,
757 709 795 738 arl
815 716 960 747 exagge-

189 763 320 794 randam
337 764 591 802 magnitudinem
608 762 726 803 pes-cati
743 762 837 792 illins.

511 866 578 887 DUB.
602 865 634 886 11.

220 924 281 952 Quae
297 924 317 947 si
331 923 384 947 sola
399 925 473 953 esset,
489 922 592 947 alienari
607 930 621 945 a
635 928 715 953 regno
732 922 789 952 Dei,
807 924 832 946 et
845 928 930 946 carere

400 965 494 989 inagna
508 958 684 987 multitudine,
699 960 748 981 etc.

231 1022 359 1052 Videtur
373 1021 455 1052 male
467 1021 584 1059 dicere,
599 1021 685 1060 quia,
703 1024 736 1051 ut
748 1021 824 1052 dicit
834 1021 961 1059 Augus-

188 1077 320 1107 tinus²:
346 1078 419 1108 Hoec
443 1081 490 1109 cst
513 1078 688 1108 mitissima
705 1084 872 1116 poensmcm
897 1083 962 1107 onz-

188 1130 279 1161 nz'um
291 1140 301 1159 .·
315 1139 395 1169 ergo
411 1130 594 1160 contradicit
610 1130 667 1159 sibi
684 1139 780 1159 nnnc.

232 1181 325 1222 Resp.
342 1183 526 1219 Dicendum,
544 1182 628 1222 quod
643 1182 843 1220 Augustinus
858 1181 959 1220 loqui-

188 1237 242 1264 tur
263 1235 300 1265 de
323 1235 401 1273 illis,
427 1236 481 1275 qui
505 1235 658 1265 damnum
684 1235 818 1271 liabent,
844 1236 874 1264 et
899 1242 961 1263 non

189 1289 464 1327 animadvertunt3
482 1290 532 1320 vel
547 1289 818 1324 animadvertunt,
835 1297 899 1317 non
916 1289 961 1317 ta-

190 1350 263 1371 men
280 1342 397 1372 habent
417 1342 616 1373 conscientiae
631 1350 821 1372 remorsum.
839 1339 893 1371 Vel
915 1340 962 1369 di-

190 1394 338 1432 cendum,
356 1395 439 1434 quod
457 1395 533 1434 quia
547 1395 598 1425 hic
615 1397 777 1434 comparat
792 1394 962 1424 carentiam

188 1448 320 1478 visionis
343 1448 394 1478 Dei
417 1451 570 1479 aeternam
592 1448 630 1478 ad
654 1457 781 1488 poenam
802 1450 963 1486 tempora-

188 1499 270 1539 lem;
294 1501 364 1532 ideo
388 1502 477 1537 dicit,
503 1502 588 1541 quod
612 1501 666 1532 illa
691 1501 813 1532 excedit
834 1509 962 1531 omnem

188 1554 407 1593 temporalem,
424 1555 500 1594 quia
514 1554 557 1584 ibi
573 1557 620 1584 est
634 1554 771 1593 privatio
785 1554 858 1584 boni
874 1556 963 1584 aeter-

190 1608 242 1645 ni,
272 1607 326 1638 sed
348 1608 401 1637 hic
426 1608 632 1646 temporalis:
661 1616 736 1637 cum
759 1609 865 1637 autem
889 1606 963 1636 dicit

189 1659 291 1699 ipsam
311 1669 378 1690 esse
402 1659 620 1696 mitissimam,
644 1659 785 1698 loquitur
803 1658 841 1689 de
863 1659 964 1698 poenis

190 1712 328 1743 aeternis.

491 1769 579 1791 rurs.
604 1769 649 1791 111.

227 1827 267 1851 Eis
282 1827 389 1858 aliquid,
405 1828 636 1858 quantumcumque
653 1826 712 1850 mali
727 1827 789 1855 sint,
806 1826 836 1850 de
851 1833 928 1857 poena

514 1863 638 1886 relaxare.

230 1924 360 1955 Videtur
381 1925 461 1954 male
481 1924 598 1961 dicere,
625 1925 700 1964 qnia
716 1925 964 1958 Ecclesiasticus

190 1978 270 2008 ait³2
287 1979 314 2009 A
328 1977 530 2017 prcesictentc,
547 1980 604 2008 etc.
621 1978 743 2010 Glossa:
762 1990 776 2007 «
792 1978 827 2009 In
840 1979 963 2010 inferno

192 2030 280 2061 nulla
294 2031 353 2060 erit
368 2031 537 2069 mitigatio.
553 2042 567 2059 »

231 2082 322 2122 Resp.
340 2083 526 2121 Dicendum,
541 2084 625 2123 quod
640 2084 693 2114 hic
708 2084 849 2124 loquitur
864 2085 901 2115 de
916 2094 963 2116 re-

190 2135 360 2175 laxatione,
373 2137 425 2167 sed
441 2137 483 2167 ibi
494 2137 532 2167 de
544 2137 739 2175 mitigatione
752 2141 822 2178 post
835 2148 962 2178 poenam

191 2192 341 2220 taxatam.
359 2190 466 2230 Aliqui
488 2193 595 2220 tamen
610 2194 788 2230 exponunt,
805 2192 889 2231 quod
905 2193 964 2223 erit

191 2242 348 2281 mitigatio
375 2243 414 2273 ad
447 2243 665 2273 liberationem
678 2267 686 2280 ,
719 2244 799 2274 sicut
832 2245 963 2284 exponit

192 2294 342 2334 Magister
361 2297 515 2335 quasdam
539 2296 616 2327 alias
636 2298 836 2328 auctoritates
856 2298 888 2328 in
912 2298 961 2328 lit-

191 2351 274 2386 tera;
289 2349 342 2379 sed
358 2349 416 2380 ista
431 2350 585 2389 expositio
600 2353 722 2381 extorta
736 2360 803 2381 esse
819 2351 960 2382 videtur:

191 2401 276 2432 aliud
300 2402 384 2432 enim
409 2405 455 2432 est
476 2406 638 2442 peccatum
662 2403 818 2442 mitigari,
843 2404 926 2435 alind
946 2414 965 2434 a

192 2463 287 2494 poena
300 2455 431 2486 omnino
446 2455 584 2485 liberari.

224 2527 230 2541 ¹
255 2526 338 2556 Apoc„
362 2533 418 2556 xiv,
442 2529 476 2550 Η,
499 2539 528 2543 -
554 2527 563 2541 2
584 2526 659 2555 Aug,
681 2526 819 2555 Haemi-uk,
842 2534 864 2551 c.
886 2534 964 2558 xcni,

193 2569 218 2586 n.
237 2564 274 2585 2³.
295 2576 324 2580 —
343 2564 350 2576 ³
371 2562 460 2593 Eccli„
480 2568 538 2591 xci,
559 2564 597 2586 21.
618 2575 647 2579 —
666 2562 675 2578 ⁵·
691 2562 756 2585 Psal.
771 2569 862 2591 cxviii,
882 2567 917 2589 13.
935 2577 962 2582 —-

192 2597 407 2628 ⁸1001·.‚11‚10.

225 2642 257 2670 (u)
270 2641 329 2665 Coet.
341 2642 401 2666 edit.
412 2641 566 2666 habitudinis
578 2640 741 2665 severitas.—
751 2641 784 2670 (ὁ)
797 2643 857 2666 Item
868 2644 965 2668 miseri·

193 2677 325 2701 cordiae.-—
339 2680 367 2707 (c)
378 2679 437 2702 Item
446 2678 609 2702 connotat.—
619 2676 654 2706 (dy
667 2678 727 2700 (ζα-4.
739 2677 798 2701 edit.
810 2678 877 2702 deest
886 2679 964 2704 idem.

754 216 1064 248 SENTENTIARW
1086 216 1160 248 LlB.
1186 216 1235 247 w.

1334 346 1402 367 DUB.
1423 346 1467 368 lv.

1085 419 1165 446 Quam
1184 418 1450 449 incomprehensibilia
1468 420 1526 442 sunt
1541 418 1635 449 judicia
1649 419 1718 450 ejus!

1057 497 1189 528 Contra:
1206 495 1336 527 Videtur
1350 496 1452 527 dicere
1467 499 1576 527 contra
1590 497 1684 535 illud,
1701 498 1786 538 quod

1016 550 1131 580 dicitur
1148 550 1179 579 in
1197 548 1321 580 Psalmo
1335 549 1344 565 ⁴
1358 560 1364 579 z
1383 549 1420 579 In
1437 549 1532 580 labiis
1547 550 1626 581 meis
1640 557 1787 590 pronun-

1017 604 1100 635 ῐίαυι·
1115 604 1224 634 omnia
1233 602 1364 641 judicia
1380 603 1446 634 oris
1461 603 1519 634 tui.
1538 602 1571 633 Si
1586 603 1671 633 enim
1686 603 1788 643 potuit

1017 656 1235 696 pronuntiare,
1253 664 1331 694 ergo
1344 658 1375 686 et
1389 655 1666 696 comprehendere.

1058 709 1149 748 Resp.
1174 708 1359 746 Dicendum,
1378 708 1462 748 quod
1475 708 1594 747 Judicia
1609 708 1662 739 Dei
1676 709 1788 740 dicun-

1017 765 1069 793 tnr
1090 762 1281 801 dupliciter:
1306 771 1372 792 uno
1395 762 1489 792 modo
1507 762 1682 801 judicativa
1706 771 1789 802 prae-

1016 817 1120 855 cepta,
1136 823 1208 855 qum
1223 817 1312 845 erant
1328 815 1358 844 in
1374 814 1456 854 lege,
1473 824 1547 854 quae
1563 815 1742 854 frequenter
1755 817 1788 846 in

1017 867 1142 899 Psalmo
1152 871 1309 898 vocantur
1315 867 1454 906 Judicia3
1467 867 1528 898 alio
1536 867 1630 898 modo
1640 867 1790 899 dicuntur

1017 920 1123 951 divina
1138 920 1311 959 dispositio,
1327 922 1357 950 et
1372 919 1470 950 divini
1485 919 1606 950 consilii
1623 919 1787 958 diffinitio;

1017 976 1047 1003 et
1061 973 1119 1003 ista
1134 975 1208 1003 sunt
1225 972 1559 1012 incomprehensibilia
1579 975 1735 1012 quantum
1750 972 1790 1004 ad

1017 1026 1243 1065 cognitionem,
1261 1026 1336 1065 quia
1350 1027 1422 1056 ante
1437 1025 1534 1063 fiunt,
1552 1034 1649 1065 qnam
1662 1026 1701 1057 ad
1715 1034 1788 1057 nos-

1018 1083 1097 1112 tram
1112 1081 1329 1120 cognitionem
1344 1080 1617 1112 deducantur.Vel
1631 1081 1657 1111 si
1671 1081 1711 1112 ad
1723 1090 1790 1112 uos-

1017 1136 1098 1164 tram
1120 1134 1336 1173 cognitionem
1361 1134 1566 1172 deducantur,
1592 1143 1658 1164 non
1682 1136 1788 1165 tamen

1017 1187 1242 1225 cognoscimus
1258 1195 1355 1226 quare
1371 1186 1451 1216 sacta
1466 1189 1556 1224 sunt,
1577 1187 1634 1217 uisi
1655 1186 1790 1226 Spiritus

1018 1238 1071 1269 Dei
1092 1238 1226 1275 revelet,
1248 1239 1301 1278 qui
1317 1239 1326 1254 ⁶
1347 1242 1511 1270 scrutatur
1529 1238 1695 1278 profunda
1710 1239 1789 1270 Dei:

1017 1294 1048 1321 et
1063 1291 1106 1321 sic
1121 1294 1214 1330 patet,
1230 1291 1313 1331 quod
1329 1291 1390 1322 alio
1404 1291 1497 1322 modo
1513 1292 1666 1331 accipitur
1680 1291 1743 1329 hic,
1760 1293 1791 1322 et

1018 1344 1060 1374 ibi
1071 1344 1242 1383 judicium.

1335 1419 1404 1441 mm.
1426 1419 1460 1442 v.

1078 1487 1200 1515 Quaedam
1219 1488 1290 1517 sunt,
1309 1486 1400 1517 quibus
1417 1486 1558 1510 ostenditur
1572 1486 1666 1518 judex,
1685 1489 1732 1511 etc.

1059 1557 1187 1588 Videtur
1203 1557 1283 1587 male
1301 1556 1419 1594 dicere,
1439 1557 1515 1596 quia
1534 1566 1630 1597 opera
1652 1557 1703 1588 Dei
1726 1567 1790 1589 non

1019 1611 1192 1642 ostendunt
1215 1610 1463 1641 misericordiam
1483 1613 1512 1640 et
1532 1611 1705 1650 Justitiam,
1728 1611 1790 1642 nisi

1019 1665 1099 1695 sicut
1115 1663 1246 1694 effectus
1261 1672 1389 1693 causam
1403 1674 1408 1693 :
1427 1663 1452 1692 si
1468 1672 1549 1702 ergo
1563 1663 1789 1700 misericordia,

1019 1720 1050 1748 et
1065 1717 1187 1757 jiistitia
1207 1718 1254 1746 est
1271 1716 1380 1746 eadem
1404 1724 1499 1747 causa
1521 1716 1662 1753 omnino,
1687 1718 1722 1748 ut
1740 1717 1791 1748 di-

1019 1771 1101 1801 citur
1115 1770 1147 1800 in
1163 1770 1281 1807 littera,
1298 1777 1378 1807 ergo
1392 1769 1510 1799 eisdem
1523 1769 1700 1808 effectibus,
1717 1769 1790 1810 qui-

1019 1823 1080 1853 bus
1104 1822 1281 1853 ostenditur
1300 1823 1423 1861 justus,
1451 1822 1626 1853 ostenditur
1645 1825 1676 1853 et
1696 1822 1791 1854 mise-

1019 1876 1128 1906 ricors.

1060 1930 1152 1969 Resp.
1182 1930 1374 1966 Dicendum,
1404 1929 1489 1968 quod
1520 1936 1614 1959 causa
1641 1928 1675 1958 iu
1702 1928 1764 1959 Deo
1780 1952 1788 1967 ,

1020 1984 1167 2025 quamvis
1190 1992 1254 2014 non
1278 1984 1360 2014 dieat
1386 1991 1495 2012 veram
1521 1981 1740 2012 habitudinem
1760 1984 1790 2012 et

1020 2036 1262 2076 dependentium
1276 2045 1316 2067 ex
1331 2039 1417 2076 parte
1434 2035 1487 2065 Dei
1500 2059 1507 2073 ,
1524 2034 1598 2065 dicit
1616 2036 1724 2064 tamen
1738 2034 1791 2065 ha-

1020 2089 1196 2120 bitudinem
1221 2098 1261 2119 ex
1286 2092 1373 2129 parte
1395 2090 1550 2118 creatnrae
1570 2089 1625 2117 :et
1645 2086 1727 2117 sicut
1750 2096 1791 2118 ex

1021 2145 1107 2182 parte
1116 2145 1269 2172 creaturae
1279 2144 1325 2173 est
1333 2140 1555 2171 habitudinum
1561 2139 1789 2178 diversitassswl,

1021 2196 1063 2226 ita
1085 2198 1115 2225 et
1138 2195 1354 2235 multiplicitas
1376 2204 1383 2224 ε
1404 2196 1435 2223 et
1459 2192 1634 2222 secundum
1655 2191 1790 2222 aliorum

1020 2249 1187 2279 habituum
1202 2247 1510 2287 multiplicationem,
1528 2247 1575 2276 est
1589 2245 1730 2276 divinam
1746 2254 1791 2276 es-

1020 2301 1153 2331 sentiam
1164 2301 1255 2331 multi
1259 2301 1379 2340 pliciter
1387 2298 1564 2337 intelligere
1572 2300 1602 2328 et
1611 2298 1788 2337 assignare.

1021 2353 1177 2391 Quoniam
1188 2353 1289 2392 igitur
1300 2352 1399 2383 alium
1412 2351 1544 2381 modum
1558 2350 1653 2381 habet
1662 2350 1791 2382 effectus

1021 2407 1075 2447 qui
1098 2406 1223 2445 respicit
1248 2405 1398 2436 meritum
1414 2428 1423 2442 ,
1447 2404 1563 2441 alium,
1586 2403 1641 2443 qui
1665 2404 1791 2444 respicit

1022 2459 1125 2490 meriti
1144 2459 1179 2498 (b)
1197 2459 1370 2495 desectum3
1387 2460 1418 2487 ct
1427 2456 1553 2496 justitia
1567 2459 1598 2487 et
1610 2456 1788 2487 misericor-

1021 2513 1072 2542 dia
1086 2513 1161 2542 istas
1175 2511 1377 2542 habitudines
1391 2511 1563 2540 connotant
1580 2509 1628 2549 (c),
1642 2509 1791 2549 quamvis

1021 2566 1105 2596 idem
1118 2565 1157 2604 (d)
1170 2564 1342 2604 principale
1352 2563 1531 2602 significent
1541 2573 1547 2593 :
1557 2562 1630 2593 iude
1640 2562 1790 2602 est,quod

1022 2620 1072 2650 ille
1094 2619 1240 2656 effectus,
1265 2618 1321 2657 qui
1339 2616 1523 2647 attribuitur
1542 2617 1693 2656 justitiae,
1725 2625 1789 2647 non

1021 2675 1123 2713 potest
1134 2670 1264 2702 attribui
1279 2668 1516 2701 misericordiae.
