1991 3006
66 552 136 572 Diffin.
148 555 166 574 3,

71 1619 122 1643 ling.
154 1622 171 1639 t.

182 160 240 188 410

180 228 210 256 et
224 226 372 266 proavia,
388 227 501 255 atavus
522 227 553 255 et
574 224 688 255 atavia.
716 223 897 255 Secundum
915 224 950 254 li-

181 288 274 309 ncam
295 278 547 315 descendentem,
566 277 648 308 filius
667 280 697 308 et
718 277 793 314 tilia,
809 286 906 316 nepos
920 279 951 307 et

182 332 293 372 neptis,
308 340 463 371 pronepos
477 334 507 361 et
520 331 690 370 proneptis,
702 330 841 369 abnepos
853 332 883 360 et
898 330 950 360 ab·

182 385 295 424 neptis.
306 384 486 414 Secundum
502 384 616 413 lineam
634 384 874 414 transversalem
887 384 951 413 duo

183 438 306 473 fratres,
318 440 348 467 et
362 437 417 467 [ilii
428 437 565 467 duorum
576 438 721 474 fratrum,
736 439 864 476 nepotes
877 436 952 467 ‹luo-

183 500 255 521 rum
270 491 421 528 fratrum,
443 494 628 531 pronepotes
642 490 779 521 duorum
797 490 931 519 fratrum
943 513 950 527 ,

183 547 214 574 et
240 543 282 573 ibi
318 546 365 573 est
400 546 510 574 status.
547 543 651 574 Tertio
686 543 858 573 videndum
889 545 950 580 est,

183 597 259 636 quid
280 597 319 627 sit
341 596 472 635 gradus,
491 597 545 636 qui
570 597 614 627 sie
636 597 790 626 diffinitur
808 607 814 626 :
832 596 953 626 Gradus

184 653 230 680 est
253 650 404 680 habitudo
430 650 615 680 distantium
640 659 861 689 personarum,
890 658 954 688 qua

184 704 386 743 cognoscitur
423 706 519 743 quota
556 703 770 742 generationis
806 703 954 733 distantia

184 758 256 788 duae
278 767 422 798 personae
450 758 600 787 differunt
624 758 705 787 inter
731 766 774 787 se.
802 756 839 787 Et
867 759 951 794 nota,

184 811 269 851 quod
288 811 345 841 ista
358 811 503 841 diffinitio
520 813 566 841 est
581 810 755 841 seeundum
772 811 844 848 jura
860 819 941 840 cano

185 865 271 902 nica,
289 874 352 895 non
372 864 545 895 secundum
568 865 642 903 jura
662 863 777 894 civilia.
802 862 881 893 Nam
903 873 951 893 se-

185 918 324 948 cundnm
335 919 410 956 jiira
429 917 533 947 civilia
550 918 601 956 (a),
622 917 741 955 gradus
756 916 955 956 accipiuntur

185 971 358 1001 secundum
382 980 551 1001 numerum
577 979 783 1010 personarum
812 970 954 999 collecta—

185 1033 258 1055 rum
274 1025 306 1054 in
321 1023 414 1054 linea.
431 1023 518 1054 Unde
531 1024 639 1054 dicunt
652 1023 784 1063 legistae,
802 1023 886 1063 quod
896 1024 956 1053 fra-

185 1081 234 1109 ter
248 1082 278 1108 et
292 1087 380 1108 soror
395 1078 474 1108 duos
488 1078 608 1116 gradus
625 1078 760 1114 i'aciunt;
777 1077 831 1107 sed
847 1078 953 1107 decre-

185 1131 267 1161 tistae
288 1131 406 1168 dicunt,
431 1131 514 1170 quod
537 1139 637 1161 unum
659 1133 689 1160 et
712 1131 852 1170 primum
877 1139 955 1168 gra-

185 1184 274 1215 dum.
290 1183 353 1215 Nee
366 1186 412 1214 est
424 1184 640 1221 contradictio,
659 1184 734 1223 quia
753 1184 848 1214 unius
864 1184 954 1214 habi-

186 1237 304 1268 tudinis
319 1237 382 1268 duo
393 1240 467 1268 sunt
479 1239 621 1268 extrema
633 1248 639 1267 ι
651 1240 681 1267 et
691 1237 767 1277 quia
780 1238 955 1268 seeundum

183 1292 257 1330 jura
273 1291 423 1320 canonica
439 1291 559 1329 gradus
571 1292 617 1320 est
632 1290 795 1327 habitudo,
809 1299 881 1321 cum
897 1291 956 1321 du-

187 1344 274 1384 plicis
302 1344 436 1374 extremi
466 1353 529 1374 una
556 1344 596 1374 sit
627 1343 800 1380 habitudo,
829 1344 958 1383 ponitur

187 1407 270 1428 unus
285 1398 423 1436 gradus3
441 1398 493 1428 sed
509 1398 583 1438 quia
606 1398 677 1428 duae
699 1400 774 1428 sunt
802 1407 955 1437 perseme,

187 1454 217 1482 et
232 1451 380 1491 quaelibet
394 1461 489 1482 suum
504 1453 684 1491 respectum
698 1451 794 1482 habet
808 1452 847 1482 ad
869 1452 956 1491 prin-

188 1505 316 1544 cipium,
331 1505 401 1535 ideo
423 1507 646 1544 computantur
672 1505 846 1535 seeundum
871 1505 958 1544 leges

188 1558 251 1588 duo
267 1558 396 1597 gradus

228 1611 283 1641 His
295 1611 383 1649 visis,
405 1610 551 1641 notanda-1
573 1612 647 1641 sunt
670 1611 722 1641 hae
744 1613 806 1641 tres
827 1611 956 1642 notulae.

189 1663 295 1695 Prima
310 1666 367 1701 est,
383 1664 467 1703 quod
483 1663 561 1693 nulli
581 1663 653 1693 licet
672 1664 859 1694 contrahere
885 1674 958 1694 eum

189 1718 295 1758 aliqua
307 1726 409 1757 usque
419 1717 457 1747 ad
471 1719 620 1756 quartum
635 1717 773 1755 gradum
787 1717 956 1748 inclusive:

189 1774 219 1802 et
233 1771 303 1802 talis
327 1772 373 1801 est
399 1770 584 1809 hujusmodi
611 1770 799 1810 prohibitio,
825 1771 909 1810 quod
933 1772 959 1801 si

189 1826 261 1865 quis
289 1827 398 1855 contra
425 1834 495 1855 eam
528 1824 765 1864 praesumpserit
795 1824 956 1863 copulari,

190 1878 278 1909 nulla
306 1877 539 1917 longinquitate
567 1877 753 1907 defendatur
779 1886 957 1914 annorum,

190 1941 262 1962 cum
275 1931 467 1962 diuturnitas
480 1933 660 1970 temporum
676 1939 739 1960 non
753 1930 876 1960 minuat
893 1939 961 1969 pec-

190 1987 307 2022 eatum,
325 1984 378 2014 sed
400 1985 533 2023 augeat,
550 1986 581 2013 et
602 1985 690 2013 tanto
713 1983 864 2021 graviora
887 1986 960 2014 sunt

191 2038 324 2068 crimina
345 2040 465 2077 quanto
490 2037 610 2067 diutius
636 2037 792 2067 infelicem
819 2037 959 2067 animam

191 2090 330 2121 detinent
346 2090 508 2128 alligatam
527 2090 581 2129 (ως
601 2091 632 2120 et
654 2090 713 2120 hoc
728 2090 880 2129 probatur
896 2090 960 2120 Ex-

192 2145 274 2173 trav.
292 2142 330 2174 (te
349 2143 642 2182 consanguinitate,
655 2152 680 2173 c.
694 2143 765 2174 Non
783 2142 882 2180 debet,
897 2146 956 2174 etc.

93 2211 117 2230 οῃ
193 2196 337 2227 Secunda
352 2196 461 2227 notula
475 2198 532 2234 est,
554 2196 637 2236 quod
651 2198 717 2226 toto
732 2197 836 2235 gradu
851 2205 959 2236 perso-

193 2257 244 2279 nae
260 2249 481 2280 descendentes
495 2259 514 2279 a
535 2249 639 2288 stipite
660 2249 776 2279 distant
798 2259 816 2279 a
831 2259 863 2279 se
881 2249 962 2280 invi-

194 2311 273 2340 cem,
291 2304 387 2341 quoto
400 2302 543 2333 distante
559 2303 662 2342 stipite
681 2314 687 2332 :
705 2305 735 2333 et
750 2303 837 2339 ideo,
853 2303 878 2333 si
902 2303 962 2333 ali-

194 2355 265 2394 quis
281 2355 348 2386 vult
371 2355 449 2386 seire
464 2358 561 2395 quoto
583 2357 687 2395 gradu
702 2356 800 2395 aliqui
816 2356 875 2386 sibi
889 2356 963 2386 atti-

195 2411 301 2447 neant,
317 2418 391 2440 eum
405 2409 476 2440 talis
491 2410 654 2440 attinentia
669 2410 827 2449 originem
843 2409 935 2439 ducat
946 2418 965 2439 a

196 2462 312 2502 stipite,
329 2464 451 2502 oportet
472 2463 555 2502 quod
569 2463 607 2493 ad
629 2463 715 2493 illam
733 2471 898 2501 personam
914 2470 963 2491 re-

230 2560 288 2589 ¹Cf.
305 2562 331 2584 S.
346 2559 465 2590 Thomas,
480 2560 505 2583 iu
520 2560 605 2591 Suppl⁴
623 2567 646 2590 p.
666 2560 705 2585 ΙΙΙ,
723 2567 746 2590 q.
764 2565 815 2589 ων,
831 2561 878 2582 art.
898 2563 925 2589 ¹3
942 2561 965 2582 et

198 2595 228 2618 lv
248 2595 327 2626 sent„
348 2596 403 2619 dist.
424 2602 470 2626 XL,
487 2603 511 2626 qi
529 2602 550 2626 1,
568 2597 614 2619 art.
631 2597 657 2625 ¹3
673 2595 826 2624 [tic-hardus,
841 2595 872 2618 lV
887 2595 966 2623 Seni„

198 2630 255 2654 dist.
271 2637 313 2662 ει,
327 2638 351 2662 q.
368 2638 390 2661 13
403 2631 493 2656 Thom.
509 2632 623 2662 Argent„
641 2631 670 2655 lv
688 2631 767 2661 Seni„
781 2631 838 2654 dist.
855 2636 897 2660 rr,
909 2637 934 2660 q.
948 2636 966 2660 1,

739 155 1048 188 SENTENTlARUM
1071 158 1144 189 LlB.
1170 157 1220 188 IV.

1004 228 1121 262 currat,
1134 225 1184 255 cui
1197 224 1409 255 immediatius
1422 226 1642 265 conjungitur.
1656 228 1771 260 Exem-

1006 278 1056 317 pla
1071 278 1235 308 manifesta
1249 280 1334 316 sunt,
1350 280 1386 308 ut
1400 278 1426 307 si
1440 278 1481 308 ab
1495 287 1515 309 α
1531 280 1700 318 procedant
1715 282 1731 312 b
1744 284 1774 313 et

1005 340 1036 370 ῃ,
1052 334 1083 361 et
1098 332 1114 361 b
1128 333 1259 370 generet
1273 339 1289 361 e
1302 333 1331 361 et
1342 338 1357 362 c
1370 330 1505 369 d,etde‚
1515 334 1545 362 et
1559 340 1573 363 e
1584 333 1612 371 r:
1630 333 1776 365 similiter

1005 394 1023 423 ς]
1033 388 1162 423 generet
1178 384 1209 421 h,
1222 386 1252 414 et
1269 384 1287 414 Ιι
1299 386 1429 423 generet
1445 386 1469 422 ἱ,
1487 387 1516 415 et
1532 386 1545 416 ι’
1559 389 1688 424 generet
1700 387 1729 425 lc,
1747 390 1778 419 et

1007 437 1024 467 Ιῑ
1040 437 1066 474 ἰ;
1084 438 1108 466 si
1133 437 1179 467 vis
1204 437 1282 467 scire
1302 440 1399 476 quoto
1423 438 1526 476 gradu
1550 438 1739 478 distantl'et
1753 440 1776 477 l,

1006 493 1128 530 oportet
1163 491 1330 530 utriusque
1360 491 1599 529 generationem
1629 493 1778 524 reducere

1007 544 1045 574 ad
1060 553 1090 582 α,
1107 545 1181 584 quia
1197 547 1261 575 toto
1279 544 1383 583 gradu
1398 544 1549 575 differunt
1569 547 1609 576 ab
1629 546 1776 585 invicem,

1007 600 1104 636 quoto
1136 607 1154 627 a
1182 597 1299 637 stipite.
1334 597 1438 628 Tertia
1467 598 1581 637 regula
1609 601 1666 635 est,
1693 599 1780 639 quod

1007 650 1133 689 quando
1162 658 1303 690 personae
1330 650 1528 690 inaequaliter
1546 651 1664 682 distant
1680 661 1698 682 a
1722 652 1778 682 sti-

1008 703 1082 742 pite,
1097 705 1132 733 ut
1148 705 1224 743 puta
1238 703 1365 742 quando
1379 712 1443 734 una
1458 704 1490 734 in
1504 705 1644 736 secundo
1659 706 1776 745 gradu,

1009 758 1038 785 et
1053 756 1150 786 altera
1171 756 1202 785 in
1218 756 1339 795 quinto,
1356 756 1441 795 quod
1454 756 1535 787 linea
1552 759 1781 798 consanguini-

1010 811 1082 839 tatis
1097 812 1127 839 et
1153 809 1272 847 gradus
1293 809 1384 839 debet
1405 811 1582 850 computari
1604 812 1780 843 secundum

1009 862 1188 892 distantiam
1204 862 1308 901 magis
1324 863 1434 892 remoti
1446 874 1453 899 3
1465 865 1496 893 et
1510 863 1568 894 ista
1584 863 1697 903 regula
1711 873 1783 896 con-

1010 916 1157 945 firmatur
1188 924 1242 954 per
1267 915 1361 953 iilud,
1394 916 1477 955 quod
1509 916 1625 947 dicitur
1649 917 1781 950 Extrav.

1008 969 1046 999 de
1062 968 1359 1008 Consanquinitate.
1375 969 1408 998 in
1419 968 1698 1008 ultimadecretali‚
1710 979 1782 1010 quae

1010 1025 1056 1052 est
1069 1022 1274 1060 Gregoriana.
1289 1021 1376 1052 Ratio
1389 1024 1497 1052 autem
1512 1022 1611 1062 hujus
1624 1025 1681 1061 est,
1697 1024 1783 1063 quod

1010 1078 1074 1106 tota
1096 1076 1175 1106 ratio
1201 1075 1411 1114 proximitatis
1436 1078 1543 1105 ortum
1560 1075 1654 1106 habet
1679 1086 1698 1106 a
1725 1077 1783 1107 sti-

1012 1129 1073 1168 pite
1091 1139 1098 1159 :
1111 1137 1189 1167 ergo
1204 1128 1313 1158 nullus
1328 1128 1503 1167 proximior
1519 1133 1565 1159 est
1577 1129 1671 1160 alicui
1686 1130 1782 1161 eolla-

1012 1182 1112 1219 terali,
1127 1190 1223 1221 quam
1239 1181 1348 1220 stipiti.
1372 1181 1404 1211 Si
1426 1190 1506 1221 ergo
1526 1182 1619 1212 distat
1637 1192 1657 1213 a
1678 1183 1784 1222 stipite

1012 1244 1067 1275 per
1081 1235 1224 1274 quinque
1250 1234 1385 1273 gradus,
1404 1235 1472 1274 pari
1502 1235 1624 1266 ratione
1653 1236 1746 1267 distat
1766 1245 1786 1267 a

1013 1288 1193 1325 collaterali,
1214 1289 1280 1319 sive
1303 1289 1394 1319 distet
1422 1298 1477 1328 per
1498 1298 1601 1319 unum
1627 1289 1782 1328 gradum,

1013 1342 1080 1372 sive
1095 1351 1150 1381 per
1160 1342 1240 1372 duos
1251 1342 1341 1371 distet
1351 1341 1471 1379 gradus
1484 1342 1517 1372 in
1528 1342 1681 1382 quinque.
1695 1341 1786 1380 Quod

1013 1396 1038 1425 si
1055 1395 1191 1434 amplius
1205 1395 1318 1432 distet,
1336 1394 1510 1425 secundum
1534 1395 1637 1434 magis
1667 1395 1785 1426 distan-

1014 1451 1077 1479 tem
1088 1450 1210 1488 oportet
1225 1448 1401 1487 computari
1416 1459 1422 1479 ε
1437 1450 1467 1478 et
1481 1448 1551 1478 ideo
1562 1448 1614 1478 ille
1627 1447 1682 1488 qui
1692 1447 1787 1478 distat

1014 1502 1046 1531 in
1062 1502 1172 1541 quinto
1187 1500 1301 1540 gradu,
1319 1502 1419 1540 potest
1443 1501 1630 1531 contrahere
1644 1509 1718 1531 eum
1732 1500 1787 1531 illo

1014 1555 1068 1594 qui
1083 1555 1175 1585 distat
1190 1554 1223 1584 in
1238 1553 1388 1584 secundo.
1407 1553 1463 1584 His
1479 1556 1587 1584 autem
1602 1562 1786 1594 praesuppo-

1014 1609 1081 1638 sitis
1091 1618 1147 1648 per
1163 1607 1294 1638 moduni
1310 1607 1501 1637 narrationis
1511 1631 1518 1644 ,
1535 1609 1566 1637 et
1585 1616 1642 1647 per
1656 1607 1789 1637 modum

1016 1660 1241 1701 inquisitioniS,
1257 1660 1342 1690 circa
1360 1660 1420 1690 tria
1435 1661 1536 1699 potest
1552 1659 1604 1690 hie
1618 1668 1685 1690 esse
1700 1659 1790 1690 dubi-

1016 1715 1092 1745 tatio
1108 1726 1114 1744 z
1132 1714 1273 1754 primum
1283 1716 1339 1751 est,
1354 1716 1464 1744 utrum
1475 1713 1735 1752 consanguinitas
1749 1713 1789 1744 sit

1016 1768 1142 1807 aliquod
1160 1766 1344 1803 vinculu1n3
1362 1767 1499 1797 secundo
1511 1791 1518 1804 ,
1536 1767 1608 1797 dato
1631 1766 1715 1806 quod
1737 1767 1788 1804 sit,

1016 1822 1170 1861 quaerItur
1186 1823 1292 1850 utrum
1310 1820 1514 1850 matrimonio
1536 1821 1664 1860 praestet
1684 1820 1789 1859 impe-

1016 1875 1209 1911 dimentum;
1230 1873 1337 1910 tertio,
1355 1873 1427 1903 dato
1441 1872 1527 1913 quod
1545 1874 1684 1912 praestet,
1700 1881 1788 1912 quae-

1017 1928 1097 1958 ritur
1112 1936 1214 1967 usque
1226 1927 1265 1957 ad
1281 1935 1377 1966 quem
1394 1927 1542 1966 gradum.

1276 2032 1454 2070 QUAESTlo
1478 2032 1501 2062 l.

1071 2114 1115 2140 An
1136 2113 1353 2146 consanguinitas
1374 2113 1410 2138 sit
1433 2111 1545 2146 aliquod
1563 2111 1700 2138 vinculum
1715 2111 1732 2136 ¹.

1059 2193 1147 2223 Circa
1160 2191 1301 2232 primum
1320 2191 1363 2220 sic
1386 2190 1565 2230 proceditur
1577 2214 1586 2228 ,
1604 2192 1634 2220 et
1657 2190 1791 2221 ostendi-

1019 2250 1071 2278 tur
1100 2246 1185 2286 quod
1214 2244 1476 2283 consanguinitas
1503 2253 1569 2274 non
1599 2244 1639 2274 sit
1664 2243 1791 2284 aliquod

1021 2299 1185 2330 vinculum
1208 2309 1213 2327 :
1234 2298 1387 2337 quoniam
1406 2297 1433 2327 si
1457 2295 1721 2335 consanguinitas
1744 2298 1792 2327 est

1021 2352 1198 2390 vinculum,
1216 2352 1275 2381 tioc
1290 2360 1354 2381 non
1367 2353 1413 2380 est
1423 2350 1463 2381 ob
1477 2349 1574 2386 aliud,
1587 2348 1648 2379 nisi
1662 2351 1792 2389 propter

1022 2405 1283 2447 propagationem
1300 2404 1475 2434 multorum
1490 2403 1529 2433 ab
1544 2411 1626 2433 uno:
1644 2401 1698 2432 sed
1712 2402 1793 2433 sicut

1023 2458 1274 2490 multinomines
1293 2458 1332 2488 ab
1359 2466 1425 2488 uno
1454 2456 1594 2493 homine,
1621 2457 1665 2486 ita
1694 2455 1793 2486 multa

1023 2520 1069 2541 art.
1086 2520 1113 2546 ;.;
1129 2515 1216 2546 Sieph.
1236 2515 1336 2543 nruler„
1355 2515 1384 2538 IV
1401 2515 1481 2543 Sent„
1496 2513 1553 2537 dist.
1567 2518 1610 2541 xe,
1627 2520 1651 2543 q.
1668 2519 1691 2543 ¹3
1707 2513 1794 2536 Petrus

1023 2553 1053 2576 de
1065 2553 1177 2581 Tarant.‚
1193 2551 1222 2573 tt*
1240 2552 1316 2578 Sem..
1334 2550 1391 2574 dist.
1408 2555 1498 2578 xxxix,
1515 2556 1539 2579 q.
1557 2554 1585 2571 ιι.

1056 2592 1093 2622 (τι)
1107 2592 1167 2615 Caet.
1184 2590 1245 2614 edit.
1262 2591 1344 2614 omitt.
1358 2590 1421 2613 Nam
1437 2588 1575 2613 secuudum
1585 2588 1644 2618 jura
1659 2586 1750 2611 civilia.
1766 2598 1796 2604 —-

1026 2627 1060 2658 (b)
1077 2628 1137 2653 coet.
1150 2626 1210 2650 edit.
1227 2626 1389 2657 assignatam.

1795 609 1850 637 neg.
1878 611 1898 629 3.

1807 2199 1839 2220 Aa
1858 2206 1909 2227 opp.
