1991 3006
126 2102 222 2129 Improb.

232 213 289 241 592

230 277 368 317 quadam
380 274 492 305 coloris
504 272 669 303 suavitate.
682 283 696 300 »
712 272 772 303 Sed
787 281 918 312 corpora
935 272 1003 310 glo-

231 331 314 361 riosa
323 331 416 360 erunt
429 326 657 367 pulcherrima:
671 335 748 365 ergo
759 326 923 356 habebunt
933 334 1002 354 sua-

231 384 361 414 vitatem
377 381 501 411 coloris.

275 437 351 466 Item
377 434 586 473 Philosophus
606 433 720 470 ¹dicit7
747 432 830 472 quod
854 432 938 461 color
959 433 1004 461 est

232 489 416 520 extremitas
435 487 592 527 perspicui
612 487 645 516 in
660 495 790 525 corpore
811 484 1000 515 terminato:

232 542 286 572 sed
298 550 430 580 corpora
441 539 579 578 gloriosa
590 540 664 568 sunt
680 547 811 578 corpora
824 538 1002 574 terminata,

233 603 307 624 cum
322 593 385 623 sint
399 593 507 623 eadem
524 602 597 632 quae
613 601 718 629 nunc,
735 594 765 622 et
780 591 897 621 habent
912 594 1003 621 natu-

233 656 301 677 ram
320 646 477 686 perspicui
500 657 506 676 2
526 654 616 684 crgo,
634 647 692 675 etc.

276 700 353 730 Item
365 700 403 730 ad
417 700 476 730 hoc
488 702 533 730 est
547 699 636 736 ratio⁷
653 698 727 738 quia
742 698 778 728 ad
792 697 929 728 colorem
943 698 1006 728 duo

232 744 446 791 concurrunt,
468 753 583 782 scilicet
605 752 678 789 lux,
700 755 728 781 ct
750 754 886 790 quatuor
900 751 1006 790 quali-

233 810 312 838 tates
326 817 333 838 :
351 807 404 837 sed
421 807 477 837 ista
492 808 564 836 sunt
584 806 616 835 in
631 814 761 844 corpore
777 804 916 843 glorioso
930 816 936 834 z
955 814 1004 835 er-

233 872 292 900 go,
309 864 367 892 etc.

276 915 353 945 Item
376 914 496 944 ratione
523 912 658 949 videtur,
686 911 760 951 quia
784 920 915 950 corpora
936 910 1005 949 glo-

233 969 317 999 riosa
343 970 437 998 erunt
460 967 582 1006 objecta
606 966 712 1002 visus,
738 974 803 995 non
828 965 931 995 media
957 964 1007 993 vi-

233 1022 347 1052 dendi:
374 1030 453 1059 ergo
476 1030 539 1050 non
561 1021 655 1049 erunt
681 1018 921 1057 transparentia.
949 1018 1008 1048 Sed

234 1075 320 1115 quod
334 1075 396 1104 sint
412 1074 536 1114 penitus
551 1072 726 1108 luminosa,
745 1071 871 1101 videtur
882 1075 892 1090 ²
909 1083 914 1101 :
934 1071 1009 1102 Ful-

233 1128 349 1168 ⁴qebzmc
375 1129 457 1159 sicut
477 1128 523 1159 sol
544 1128 579 1158 in
594 1134 705 1165 reqno,
725 1127 783 1155 etc.
809 1125 840 1154 Si
862 1134 941 1163 crgo
964 1124 1008 1154 sol

235 1191 291 1212 nec
308 1182 437 1221 pervius
452 1183 497 1211 cst
510 1205 517 1217 ‚
534 1190 590 1210 nec
607 1179 763 1209 coloratus
774 1202 781 1214 ,
801 1187 878 1216 ergo
890 1202 897 1213 ‚
915 1179 972 1207 etc.

276 1234 353 1265 Item
374 1235 483 1274 seipsis
505 1233 698 1263 videbuntur
718 1243 723 1261 z
742 1240 819 1270 ergo
842 1233 937 1261 erunt
961 1231 1009 1261 111-

236 1288 359 1318 minosa
372 1312 379 1325 ⁷
396 1297 458 1317 non
475 1287 623 1317 colorata.

276 1340 354 1370 Item
372 1339 509 1369 nobilior
524 1338 659 1378 qualitas
675 1340 722 1367 est
744 1336 899 1375 pervietas
914 1344 1010 1375 quain

235 1394 331 1431 color,
358 1396 388 1424 et
414 1393 471 1423 lux
492 1401 588 1431 quam
610 1390 783 1430 pervictas3
808 1389 860 1418 sed
880 1397 1012 1427 corpora

236 1446 289 1476 illa
303 1448 396 1477 erunt
418 1444 645 1486 perfectissima
661 1444 742 1473 inter
757 1450 909 1481 corpora:
931 1449 1009 1479 ergo

236 1502 329 1530 erunt
344 1499 448 1539 potius
461 1498 631 1528 luminosa.

491 1607 751 1640 (IONCLUSIO.

242 1693 362 1726 Corpora
383 1693 499 1726 gloriosa
527 1692 588 1717 sunt
611 1690 729 1716 colorata
757 1691 780 1715 et
808 1688 939 1714 luminosa
951 1707 958 1719 ,
986 1694 1014 1712 eo

354 1737 431 1763 modo
446 1745 495 1770 quo
510 1736 588 1762 carbo
603 1735 704 1768 ignitus
717 1736 753 1760 est
766 1733 905 1759 coloratus.

282 1820 374 1859 Resp.
398 1819 436 1849 ad
460 1827 531 1857 arg.
560 1817 688 1856 Oportet
711 1824 822 1846 omnes
847 1813 1015 1844 concedere

242 1873 328 1913 quod
344 1881 474 1911 corpora
494 1870 546 1900 illa
561 1870 622 1900 sint
638 1868 814 1905 luminosa3
836 1867 890 1897 sed
905 1865 1017 1897 volunt

243 1926 341 1966 aliqui
364 1925 448 1965 quod
471 1923 567 1954 simul
588 1923 649 1952 sint
666 1921 825 1952 luminosa
839 1923 869 1951 et
885 1920 995 1960 pervia
1006 1943 1014 1957 ‚

244 1980 418 2011 secundum
434 1979 528 2009 aliam
543 1980 573 2008 et
589 1977 682 2007 aliam
700 1976 855 2006 rationem
871 1984 878 2004 :
896 1974 1016 2014 pervia,

244 2037 372 2074 propter
399 2033 604 2063 subtilitatem
617 2041 624 2068 ·‚
657 2030 814 2060 luminosa
840 2037 934 2065 vero,
965 2036 1018 2057 ra-

245 2089 329 2119 tione
351 2086 499 2118 claritatis
522 2088 552 2116 et
573 2084 707 2123 fulgoris
730 2082 933 2122 superadditi.
958 2080 1018 2111 Sed

246 2142 305 2171 ista
320 2141 431 2181 positio
447 2148 511 2170 non
525 2141 571 2169 est
585 2137 776 2168 conveniens
789 2160 795 2173 ‚
813 2136 888 2175 quia
903 2135 930 2164 si
946 2144 1015 2174 per-

247 2195 298 2224 via
313 2196 414 2224 essent
428 2218 434 2231 ,
453 2202 516 2222 11011
532 2191 737 2222 terminarent
750 2189 855 2220 visum
869 2212 875 2225 ,
894 2197 951 2217 nec
968 2187 1020 2217 ha-

247 2248 357 2277 berent
372 2245 605 2277 distinctionem
623 2244 654 2272 in
670 2242 823 2282 partibus,
840 2243 870 2271 et
885 2242 927 2270 ita
937 2239 1020 2270 oculi

248 2309 311 2331 non
325 2301 451 2339 possent
463 2297 597 2328 discerni
610 2306 629 2326 a
639 2304 727 2326 naso.
742 2294 777 2324 Et
789 2294 916 2330 iterum,
933 2302 1021 2331 mag-

248 2353 360 2383 nitudo
372 2351 503 2382 luminis
514 2360 577 2380 non
590 2350 706 2389 patitur
716 2357 831 2387 corpus
841 2356 907 2377 esse
918 2349 1021 2376 trans-

251 2415 363 2446 parens
373 2428 382 2441 ,
399 2406 434 2434 nt
450 2405 533 2443 patet
548 2403 579 2432 in
595 2402 659 2432 sole
673 2427 680 2439 ,
705 2402 735 2431 111
752 2410 815 2440 quo
830 2402 876 2430 est
891 2399 1022 2429 luminis

165 2475 183 2494 ·..
215 2476 235 2494 2,
251 2458 465 2498 aggregatio,
489 2458 519 2486 et
542 2456 572 2485 in
598 2454 737 2485 candela.
764 2454 825 2483 Alii
853 2453 1023 2484 voluerunt

251 2512 373 2549 dicere,
395 2509 479 2550 quod
499 2510 592 2539 erunt
607 2508 702 2537 simul
718 2507 876 2537 luminosa
890 2530 897 2543 ,
921 2508 951 2535 et
971 2514 1023 2535 co-

252 2566 372 2594 lorata:
398 2562 534 2593 colorata
553 2570 608 2600 per
628 2562 775 2590 naturam
801 2561 937 2598 quatuor
959 2558 1021 2589 ele-

287 2646 293 2660 ¹
315 2644 401 2674 Arist„
419 2643 447 2666 de
465 2644 542 2666 Sensit
564 2642 586 2664 ct
610 2642 726 2670 Sensum,
748 2648 769 2663 c.
791 2646 828 2663 111.
849 2652 878 2656 —-
897 2640 906 2654 ²
923 2639 1024 2669 Mattlz.,

254 2686 318 2710 1111,
334 2681 371 2703 43.

790 203 1097 236 SENTENTIARUM
1121 205 1194 236 LlB.
1220 205 1268 236 lv,

1061 275 1240 303 mentorum
1253 297 1261 310 ,
1289 275 1319 303 et
1339 282 1450 304 eorum
1470 273 1673 312 qualitatem,
1695 281 1735 304 ex
1758 274 1830 314 qui-

1059 325 1118 355 bus
1127 328 1247 356 constat
1256 335 1371 366 corpus
1381 326 1560 356 humanum
1574 337 1580 363 ;
1594 326 1646 356 sed
1657 326 1828 365 luminosa,

1061 379 1181 409 ratione
1200 379 1330 410 luminis
1347 380 1550 419 superadditi.
1573 379 1635 410 Nec
1649 380 1708 410 hoc
1723 382 1769 410 est
1782 380 1831 411 in-

1061 432 1253 463 conveniens
1265 456 1272 469 ‚
1290 435 1325 462 ut
1339 433 1467 470 dicunt,
1491 433 1571 463 sicut
1586 435 1670 473 patet
1685 433 1716 463 in
1731 433 1830 464 nocti-

1061 485 1146 521 luca,
1164 495 1236 525 quae
1251 488 1297 516 est
1311 495 1425 525 corpus
1439 486 1631 524 coloratum,
1648 489 1683 517 ut
1699 489 1784 526 patet
1801 487 1832 517 in

1062 538 1130 575 ‹lic;
1152 539 1205 569 sed
1225 539 1349 577 lucens,
1375 542 1409 569 nt
1434 542 1517 578 patet
1532 539 1565 570 in
1584 542 1684 570 nocte.
1709 540 1747 571 Et
1765 540 1834 571 haec
1849 546 1946 574 Improb-

1064 592 1175 631 positio
1191 595 1237 622 est
1251 593 1500 630 convenientior,
1523 593 1599 632 quia
1614 595 1735 624 constat
1749 593 1832 633 quod

1062 644 1208 675 homines
1242 648 1509 684 recognoscentur
1541 645 1574 675 in
1601 646 1720 685 patria;
1751 645 1835 676 unde

1063 697 1225 729 habebunt
1241 699 1364 737 efligies
1379 708 1459 738 quas
1473 698 1673 736 habuerunt,
1689 701 1836 739 01115ρο11-

1064 754 1114 782 tus
1129 752 1295 782 oculorum
1309 752 1522 791 gloriosorum
1538 753 1722 792 pervenient
1736 761 1836 792 usque

1063 804 1101 835 ad
1125 803 1325 843 superficiem
1351 803 1489 843 corporis
1515 803 1599 834 illius
1624 803 1834 843 splendentis,

1064 857 1145 887 sicut
1159 858 1243 887 ensis
1258 866 1313 896 per
1328 856 1462 887 multam
1482 856 1650 887 tersionem
1666 865 1730 887 non
1743 856 1838 887 amit-

1064 910 1099 939 tit
1111 910 1259 947 colorem,
1276 909 1327 939 sed
1339 910 1408 948 ejus
1421 909 1516 940 colori
1528 909 1654 940 additur
1667 909 1814 950 splendor
1827 922 1833 941 :

1065 963 1109 992 sic
1130 963 1160 992 111
1181 962 1350 1002 proposito.
1376 961 1465 993 Sicut
1485 963 1580 993 etiarn
1603 963 1696 994 carbo
1719 973 1775 1004 per
1789 964 1839 995 sui

1066 1021 1213 1048 naturam
1229 1018 1363 1057 alicujus
1378 1018 1490 1048 coloris
1505 1021 1563 1055 est,
1580 1018 1767 1050 adveniente
1782 1028 1840 1050 au-

1066 1074 1127 1101 tem
1151 1072 1224 1110 igne
1247 1071 1383 1101 efficitur
1402 1071 1580 1101 luminosus
1593 1095 1600 1107 ,
1622 1074 1651 1102 et
1671 1074 1778 1102 tamen
1794 1075 1840 1103 est

1066 1126 1240 1160 coloratus,
1264 1125 1339 1164 quia
1355 1127 1402 1155 est
1417 1125 1458 1155 ibi
1474 1125 1530 1155 lux
1545 1125 1686 1156 materiae
1701 1126 1839 1156 terrestri

1066 1178 1282 1216 incorporata,
1300 1178 1344 1207 sic
1357 1178 1389 1207 in
1403 1178 1564 1217 proposito
1578 1177 1838 1217 intelligendum,

1067 1231 1151 1270 quod
1170 1240 1284 1270 corpus
1307 1239 1478 1269 resurgens
1502 1239 1557 1270 per
1579 1233 1727 1262 naturam
1749 1240 1840 1262 suam

1066 1286 1195 1315 habebit
1208 1285 1356 1322 colorem,
1372 1288 1401 1315 et
1415 1285 1540 1315 claritas
1552 1285 1684 1315 luminis
1698 1285 1841 1326 superin-

1068 1339 1143 1369 duet
1157 1339 1261 1378 ipsum
1277 1339 1358 1369 sicut
1370 1338 1455 1377 ignis
1470 1339 1650 1369 carbonem.
1668 1338 1842 1370 Conceden-

1067 1393 1115 1423 ‹1ae
1131 1392 1231 1431 igitur
1245 1394 1319 1422 sunt
1338 1392 1495 1429 rationes⁷
1519 1393 1603 1432 quod
1622 1401 1754 1432 corpora
1770 1392 1840 1432 glo-

1069 1443 1151 1473 riosa
1171 1445 1245 1473 sunt
1265 1443 1403 1473 colorata
1421 1445 1451 1472 et
1471 1442 1648 1481 luminosa,
1667 1443 1842 1474 seeundum

1068 1496 1225 1535 duplicem
1241 1498 1389 1526 naturam
1401 1520 1409 1533 ,
1427 1498 1463 1526 ut
1478 1496 1583 1526 visum
1598 1498 1654 1527 est.

1113 1553 1137 1580 l.
1155 1550 1201 1580 Ad
1216 1550 1294 1580 illud
1308 1550 1392 1588 quod
1404 1549 1562 1588 objicitur,
1577 1549 1661 1589 quod
1676 1549 1842 1588 corpulen-

1069 1603 1111 1632 tia
1134 1612 1196 1632 non
1219 1603 1347 1632 obsistat
1368 1602 1465 1632 menti
1480 1626 1487 1639 ‚
1507 1602 1677 1633 dicendum
1697 1603 1782 1641 quod
1803 1612 1843 1633 ex

1070 1655 1129 1687 hoc
1153 1664 1216 1685 11011
1240 1655 1384 1694 sequitur
1410 1655 1494 1694 quod
1520 1657 1594 1685 sunt
1614 1655 1743 1694 pervia,
1769 1655 1844 1694 quia

1070 1717 1134 1738 non
1155 1708 1260 1747 magis
1290 1708 1416 1739 videtur
1445 1717 1535 1738 mens
1559 1717 1614 1747 per
1637 1716 1751 1748 corpus
1771 1716 1842 1748 per-

1071 1761 1159 1791 vium
1173 1785 1182 1799 ,
1203 1770 1300 1800 quam
1316 1770 1372 1800 per
1389 1760 1545 1798 solidum3
1568 1761 1622 1791 sed
1638 1760 1698 1791 hoc
1712 1760 1781 1791 vult
1795 1760 1841 1791 di-

1071 1823 1140 1844 cere
1153 1839 1161 1852 ,
1178 1814 1252 1854 quia
1267 1815 1310 1844 ita
1324 1814 1534 1853 cogitationes
1550 1816 1580 1844 et
1594 1814 1775 1844 affectiones
1786 1813 1844 1844 ha-

1072 1868 1189 1898 bebunt
1205 1868 1289 1898 intus
1303 1868 1334 1897 in
1351 1876 1481 1907 corpore
1493 1891 1500 1903 ‚
1517 1870 1553 1898 ut
1565 1867 1628 1897 sint
1641 1869 1792 1907 patentes.

1112 1924 1141 1952 02.
1168 1921 1215 1951 Ad
1236 1921 1313 1951 illud
1339 1921 1424 1960 quod
1449 1920 1608 1960 objicitur,
1637 1920 1722 1960 quod
1742 1921 1845 1960 magis

1072 1976 1254 2006 subtiliatur
1270 1984 1325 2015 per
1342 1974 1478 2013 gloriam
1491 1999 1498 2011 ,
1516 1983 1613 2013 quam
1627 1982 1683 2013 per
1697 1976 1845 2005 naturam

1074 2029 1123 2059 vel
1147 2031 1269 2065 artem,
1299 2028 1468 2058 dicendum
1495 2027 1579 2066 quod
1609 2035 1673 2057 non
1697 2026 1846 2066 quaelibet

1073 2082 1244 2112 subtiliatio
1272 2082 1345 2112 facit
1375 2081 1591 2121 pervictatem.
1620 2079 1700 2111 Nam
1723 2080 1778 2111 ubi
1801 2082 1848 2111 est

1074 2135 1245 2165 subtiliatio
1264 2144 1337 2165 cum
1359 2133 1594 2172 aggregatione
1612 2133 1761 2170 luminis,
1782 2141 1846 2163 non

1074 2191 1182 2218 manet
1203 2188 1379 2228 pervictas,
1404 2190 1438 2217 ut
1457 2188 1540 2226 patet
1558 2186 1591 2216 in
1608 2185 1757 2223 candela,
1780 2185 1847 2216 sive

1075 2241 1107 2270 in
1133 2241 1279 2278 [lamma3
1309 2243 1339 2271 et
1366 2240 1441 2279 quia
1464 2240 1508 2269 sic
1531 2241 1578 2269 est
1606 2239 1638 2268 111
1669 2237 1846 2278 proposito,

1076 2294 1163 2331 ideo,
1180 2296 1239 2324 etc.

1117 2350 1145 2377 3.
1170 2347 1217 2377 Ad
1238 2346 1315 2377 illud
1335 2346 1420 2386 quod
1441 2345 1599 2384 objicitur,
1617 2344 1704 2384 quod
1718 2344 1847 2374 harmo-

1077 2401 1129 2432 nia
1147 2401 1251 2431 visum
1270 2400 1362 2430 debet
1381 2399 1554 2435 delectare,
1576 2398 1746 2429 dicendum
1765 2397 1850 2437 quod

1077 2453 1244 2484 harmonia
1266 2453 1319 2483 illa
1334 2455 1407 2483 nata
1425 2455 1472 2483 est
1488 2452 1641 2482 delectare
1661 2452 1766 2482 visum
1786 2460 1850 2482 non

1078 2507 1285 2546 corporalem,
1302 2506 1356 2536 sed
1372 2505 1568 2545 spiritualem
1583 2516 1589 2535 :
1608 2507 1638 2536 et
1651 2505 1738 2535 hunc
1752 2504 1851 2535 delec-

1078 2563 1141 2598 tat,
1158 2562 1189 2591 et
1205 2559 1358 2590 delectare
1378 2561 1498 2599 potest,
1519 2559 1642 2589 etiamsi
1657 2566 1771 2597 corpus
1786 2566 1851 2588 non

1079 2614 1118 2644 sit
1148 2614 1294 2653 pervium
1316 2623 1323 2643 :
1354 2613 1423 2643 ideo
1452 2614 1536 2651 patet
1566 2611 1650 2651 quod
1680 2610 1757 2641 illud
1787 2619 1850 2640 non

1079 2667 1174 2698 valet.
