1991 3006
118 402 220 423 Sacerdos

116 435 184 458 potest
191 433 221 451 di<

115 464 205 485 minere,

118 495 147 513 vel
174 494 222 513 reti-

116 534 167 546 nere
176 534 221 553 pee-

115 562 170 580 cata.

233 222 252 250 2
783 213 1090 245 SENTENTIARUM
1115 213 1188 243 Liss.
1215 213 1263 244 lV.

234 298 270 319 ac
292 285 408 319 deinde
432 285 533 326 ligare
558 282 607 315 vel
632 281 767 313 solvere.
790 294 806 311 κ
827 280 891 320 Qui
906 280 1010 320 enim,
1028 282 1064 311 ut
1079 279 1124 311 ait
1138 279 1348 321 Gregorius1,
1364 279 1515 321 indignos
1530 279 1611 322 ligat
1629 279 1681 312 vel
1694 280 1792 313 solvit
1806 305 1814 321 ‚

234 343 366 387 propria
379 344 534 386 potestate
549 350 581 370 se
597 338 702 383 privat
716 364 723 378 ,
740 337 772 369 id
792 342 858 377 est,
875 337 1013 377 dignum
1030 336 1211 379 privatione
1226 348 1258 368 se
1274 336 1359 368 facit.
1378 350 1394 367 »

280 399 341 432 Sed
359 398 519 443 quaeritur
534 400 645 428 utrum
663 407 681 427 a
695 398 822 438 peceato
837 394 962 426 solvere
978 393 1083 425 valeat
1102 392 1248 426 sacerdos
1259 419 1267 433 ,
1284 393 1317 425 id
1332 398 1396 434 est,
1413 406 1431 426 a
1444 393 1557 437 culpa,
1575 397 1611 425 ut
1626 393 1728 437 culpae
1745 404 1819 426 ma-

236 457 342 489 culam
363 456 541 495 abstergat,
560 452 611 484 vel
637 452 783 484 debitum
807 455 937 483 aetvrnae
962 451 1076 482 mortis
1100 450 1224 482 solvere
1247 451 1362 483 valeat.
1385 451 1525 489 Quidam
1553 451 1700 483 arbitrati
1720 455 1818 490 sunt,

236 525 310 546 cum
336 515 481 555 peccator
502 509 675 553 dupliciter
699 509 819 549 ligatus
839 512 1003 549 teneatur,
1021 511 1058 539 ut
1072 507 1263 550 praedictum
1280 512 1345 548 est,
1363 508 1482 540 seilicet
1498 508 1614 540 mentis
1629 507 1821 550 contagione

237 582 273 602 ac
287 570 446 608 eaeeitate,
462 571 493 599 et
507 567 614 599 debito
631 567 748 598 futurae
764 577 867 609 poznae
881 591 887 604 ,
906 565 1043 596 alterum
1059 564 1166 596 curari
1182 575 1238 607 per
1254 564 1357 596 Deum
1369 591 1376 605 ,
1399 565 1537 597 alterum
1551 565 1632 596 solvi
1649 576 1705 608 per
1719 575 1822 596 sacer-

239 627 358 658 dotem.
376 624 504 657 Patitur
523 624 610 656 enim
635 635 691 666 per
714 627 878 666 peceatum
901 622 1058 664 quasdam
1085 621 1230 652 tenebras
1253 621 1422 653 interiores
1439 626 1469 653 et
1492 621 1632 653 maculas
1645 647 1652 661 ‚
1670 621 1822 665 aquibus

238 683 300 715 nisi
314 683 490 722 liberetur,
508 681 676 724 projicitur
695 681 704 696 ²
720 680 752 711 in
775 679 921 711 tenebras
938 678 1122 710 exteriores.
1142 678 1223 709 Cum
1249 682 1358 709 autem
1374 678 1532 710 liberatur
1547 678 1586 710 ab
1603 678 1668 718 his,
1690 678 1823 710 suseita-

237 744 291 772 tur
306 752 323 771 a
339 744 441 771 morte
467 738 597 782 peccati.
616 736 709 769 Unde
725 735 899 779 Apostolus
915 736 925 752 ³
943 747 949 766 ε
966 736 1070 779 Sur-qe
1083 760 1091 775 ,
1109 734 1164 778 qui
1187 734 1310 766 dormis
1323 762 1331 774 ,
1350 741 1379 767 et
1399 734 1601 767 illwm'nabit
1615 741 1645 767 te
1661 734 1820 767 Christus.

237 797 335 830 Solus
350 797 437 828 enim
453 796 619 835 Christus,
638 806 704 826 non
727 793 888 831 saeta-doe,
907 792 1051 824 animam
1075 792 1264 832 resuscitat,
1282 803 1317 823 ac
1336 792 1437 835 pulsis
1456 791 1596 824 tenebris
1615 791 1824 824 interioribus

237 857 269 886 et
286 853 438 894 maculis,
455 863 525 884 eam
551 852 716 883 illuminat
731 854 762 882 et
780 849 936 890 mundat,
956 849 1013 893 qui
1038 849 1156 881 animae
1183 848 1296 880 faciem
1319 848 1426 889 lavat3
1443 848 1588 880 debitum
1606 859 1681 880 vero
1695 852 1824 881 aeternae

238 921 342 954 pcenae
358 910 482 942 solvere
497 908 652 940 concessit
667 906 897 939 sacerdotibus,
916 906 1009 945 Quod
1027 906 1059 937 in
1078 905 1312 938 resurrectione
1338 905 1450 937 Lazari
1473 905 1637 947 signatum
1654 909 1822 946 asserunt,

238 978 337 1011 quem
352 966 500 999 Christus
530 965 619 1008 prius
646 975 703 1007 per
729 975 760 995 se
791 963 928 995 interius
955 962 1135 994 vivificavit
1151 987 1159 1002 ,
1175 962 1291 994 deinde
1319 961 1405 994 foras
1432 962 1519 994 exire
1539 961 1656 1005 jussit,
1683 973 1824 1005 eumque

238 1024 344 1056 adhuc
369 1024 506 1066 ligatum
524 1022 649 1054 solvere
664 1020 828 1064 Apostolis
844 1020 1029 1064 praecipitur
1042 1024 1051 1039 ⁵
1070 1032 1076 1060 ;
1095 1019 1190 1063 quia,
1209 1023 1245 1051 ut
1267 1019 1379 1060 aiunt,
1396 1019 1462 1063 ipse
1487 1019 1625 1051 interius
1649 1019 1791 1051 animam
1806 1030 1825 1051 a

238 1081 376 1123 caligine
401 1080 594 1123 maculaque
617 1078 737 1122 peccati
761 1077 937 1118 emundat3
956 1076 1176 1109 sacerdotibus
1191 1087 1267 1108 vero
1283 1076 1370 1108 dedit
1385 1076 1554 1108 vinculum
1570 1080 1697 1109 aeternae
1713 1076 1826 1108 mortis

238 1138 375 1170 solvere.
392 1137 460 1169 Alii
477 1147 552 1169 vero
567 1136 584 1167 d
592 1136 680 1167 icunt
696 1134 802 1166 solum
819 1134 921 1166 Deum
936 1161 942 1175 ,
962 1145 1026 1166 uon
1054 1133 1251 1165 sacerdotem
1264 1159 1271 1173 ,
1288 1133 1433 1165 debitum
1449 1137 1576 1165 aeternae
1593 1133 1705 1165 mortis
1717 1133 1825 1165 dimit—

240 1198 327 1235 tere,
345 1194 428 1226 sicut
455 1197 486 1225 ct
513 1193 657 1224 animam
689 1191 826 1223 interius
851 1202 908 1234 per
933 1202 965 1222 se
988 1189 1153 1229 vivificat;
1184 1201 1241 1221 nec
1270 1194 1377 1221 tamen
1400 1189 1582 1222 diffitentur
1608 1189 1826 1222 sacerdotibus

241 1251 390 1283 traditam
422 1253 608 1294 potestatem
639 1252 767 1292 peecata
793 1247 977 1279 dimittendi
1003 1251 1033 1278 et
1055 1246 1243 1287 retinendi,
1275 1246 1394 1289 quibus
1421 1246 1543 1278 dictum
1566 1248 1636 1278 est⁵
1654 1260 1660 1278 :
1681 1248 1825 1287 Quorum

239 1308 430 1341 remiseritis
453 1312 590 1350 peccata
603 1332 611 1348 ,
630 1310 688 1337 ete.
715 1304 806 1336 Sicut
829 1304 915 1335 enim
944 1303 1091 1335 Christus
1112 1303 1246 1334 retinuit
1267 1303 1329 1334 sibi
1346 1306 1534 1346 potestatem
1549 1303 1720 1347 baptismi,
1738 1303 1782 1336 ita
1797 1307 1828 1336 et

240 1364 451 1409 poenitentiae.
470 1363 510 1395 Et
526 1362 597 1394 ideo
613 1362 695 1393 sieut
720 1360 858 1392 interius
880 1360 985 1402 gratia
1009 1371 1068 1392 sua
1091 1360 1234 1391 animam
1258 1359 1442 1400 illuminat,
1459 1360 1504 1392 ita
1523 1363 1554 1392 et
1569 1360 1667 1392 simut
1681 1359 1827 1392 debitum

240 1426 368 1454 aeternae
385 1420 498 1453 mortis
512 1420 649 1452 relaxat.
666 1419 736 1461 Ipse
751 1418 838 1450 enim
856 1428 912 1460 per
928 1417 1070 1460 seipsum
1088 1420 1216 1460 peccata
1230 1416 1459 1460 poenitentium
1476 1417 1575 1459 tegit5
1592 1421 1621 1449 et
1638 1421 1713 1449 tunc
1730 1417 1826 1459 tegit,

241 1478 374 1521 quando
398 1478 437 1509 ad
464 1488 594 1521 poenam
628 1487 693 1507 non
720 1478 873 1507 reservat.
900 1474 992 1505 Tune
1018 1484 1095 1515 ergo
1127 1473 1224 1515 tegit,
1251 1473 1381 1517 quando
1414 1473 1559 1505 debitum
1584 1484 1687 1517 poenae
1719 1474 1826 1506 solvit.

242 1535 333 1575 Quod
349 1539 457 1567 autem
474 1534 540 1577 ipsc
558 1536 652 1575 tegat,
672 1535 780 1575 aperte
795 1531 872 1563 dicit
884 1530 1102 1572 Augustinus,
1119 1541 1284 1574 exponens
1299 1530 1392 1563 illum
1408 1531 1516 1562 locum
1532 1530 1654 1563 Psalmi
1669 1534 1698 1562 ⁸:
1715 1544 1730 1562 «
1744 1534 1828 1571 Quo-

243 1604 316 1625 rum
334 1597 419 1624 tecta
440 1596 516 1623 szmt
536 1595 674 1633 peecata
690 1615 697 1630 ,
715 1589 746 1620 id
763 1592 828 1628 est,
846 1591 996 1631 cooperta
1014 1591 1044 1619 et
1059 1587 1192 1619 abolita.
1211 1586 1245 1619 Si
1261 1588 1347 1619 enim
1366 1588 1444 1619 texit
1459 1587 1544 1620 Deus
1561 1591 1705 1631 peccata,
1722 1588 1829 1620 noluit

243 1650 411 1682 advertere
426 1661 432 1689 ;
451 1648 476 1679 si
493 1647 600 1679 noluit
614 1646 794 1686 advertere,
812 1645 919 1677 noluit
943 1644 1213 1684 animadvertere,
1232 1644 1263 1676 id
1279 1648 1337 1684 est,
1355 1644 1472 1688 punire
1484 1670 1492 1685 ,
1509 1644 1561 1676 sed
1585 1644 1762 1687 ignoscere.
1781 1646 1829 1678 Ita

243 1718 320 1749 ergo
334 1706 411 1738 dicit
425 1717 443 1737 a
458 1705 523 1737 Deo
541 1708 634 1744 tecta,
650 1707 687 1735 ut
704 1703 788 1734 Deus
804 1713 868 1733 non
884 1701 992 1733 videat
1008 1727 1015 1742 ,
1029 1701 1060 1733 id
1077 1705 1123 1732 est
1138 1727 1145 1741 ,
1162 1701 1358 1733 fetet-naliter
1374 1701 1500 1744 puniat.
1518 1701 1637 1734 Videre
1652 1702 1739 1734 enim
1756 1701 1824 1741 Dei,

244 1767 372 1807 peecata
386 1766 433 1794 est
453 1761 492 1793 ad
514 1771 642 1804 poenam
665 1760 838 1803 imputare.
858 1759 1013 1790 Avertere
1042 1762 1151 1790 autem
1175 1758 1288 1790 faciem
1304 1770 1322 1791 a
1347 1759 1481 1802 peccatis
1494 1785 1502 1800 ,
1520 1758 1579 1790 hoc
1594 1763 1640 1791 est
1656 1771 1692 1791 ea
1707 1759 1745 1791 ad
1763 1770 1829 1803 poe—

246 1831 322 1852 nam
344 1830 411 1851 non
434 1828 608 1850 reservare.
628 1829 643 1847 >³
663 1817 743 1848 Item
758 1816 980 1859 Hieronymus
994 1819 1004 1835 ⁷
1024 1827 1030 1846 :
1052 1828 1068 1846 «
1084 1815 1211 1854 Quibus
1232 1815 1318 1847 Deus
1334 1815 1465 1847 dimittit
1482 1820 1628 1859 peccata,
1647 1817 1724 1859 tegit
1739 1829 1778 1849 ne
1795 1817 1829 1849 in

242 1877 366 1920 judicio
385 1875 582 1908 revelentur.
606 1886 621 1904 »
641 1874 721 1905 Item
737 1872 946 1905 Cassiodorus
965 1885 970 1903 :
994 1885 1009 1902 «
1024 1872 1087 1911 Qui
1103 1873 1215 1914 gravia
1237 1872 1356 1904 habent
1372 1877 1497 1916 peecata
1510 1900 1518 1915 ,
1536 1874 1609 1905 aliis
1623 1873 1709 1906 Deus
1723 1874 1831 1918 impu-

246 1938 312 1975 tat,
329 1933 401 1965 aliis
417 1943 474 1976 per
489 1930 742 1964 misericordiam
760 1940 825 1962 non
850 1929 1000 1972 imputat.
1019 1941 1034 1959 n
1060 1930 1106 1961 Ex
1121 1929 1172 1961 his
1187 1934 1295 1972 aperte
1311 1929 1511 1972 ostenditur,
1537 1930 1624 1974 quod
1650 1931 1737 1964 Deus
1764 1932 1830 1976 ipse

247 1990 457 2034 poenitentem
472 1988 568 2020 solvit
584 1999 602 2019 a
617 1987 724 2019 debito
742 1996 844 2028 poenae
863 1997 869 2016 :
887 1990 917 2017 et
932 1989 1010 2017 tunc
1025 1985 1141 2023 solvit,
1163 1986 1295 2029 quaudo
1320 1986 1408 2017 intus
1432 1986 1620 2028 illuminat,
1641 1987 1831 2032 inspirando

248 2058 357 2079 veram
373 2045 478 2078 cordis
492 2043 730 2076 contritionem.
750 2042 810 2074 Cui
833 2042 999 2074 sententian
1021 2042 1101 2074 ratio
1117 2042 1315 2084 suffragatur
1331 2068 1338 2083 ‚
1355 2047 1385 2074 et
1405 2043 1610 2076 auctoritates
1624 2048 1828 2078 attestantur.

247 2103 350 2136 Nemo
365 2103 452 2135 enim
469 2112 543 2134 vere
559 2099 790 2143 compungitur
803 2098 842 2130 de
863 2102 988 2141 peccato
1004 2124 1011 2139 ,
1028 2098 1150 2131 habens
1164 2110 1218 2130 eor
1232 2099 1408 2131 contritum
1425 2103 1455 2131 et
1471 2100 1680 2133 humiliatum
1695 2127 1702 2142 ,
1720 2101 1782 2134 nisi
1798 2102 1831 2134 in

248 2160 405 2193 charitate
424 2172 430 2191 ε
448 2159 503 2202 qui
520 2162 628 2190 autem
644 2157 834 2188 charitatem
851 2156 964 2195 habet,
977 2156 1097 2198 dignus
1112 2159 1158 2188 est
1173 2155 1241 2187 vita
1254 2159 1373 2188 aeterna
1390 2168 1396 2187 t
1414 2168 1509 2189 nemo
1525 2161 1635 2190 autem
1650 2158 1749 2190 simul
1765 2159 1831 2191 vita

249 2222 280 2251 et
305 2221 408 2249 morte
432 2216 552 2257 dignus
575 2218 621 2246 est
642 2226 648 2245 z
677 2225 740 2245 nou
766 2217 809 2245 cst
832 2224 908 2254 ergo
932 2217 1010 2244 tunc
1034 2213 1154 2255 ligatus
1178 2212 1285 2245 debito
1315 2217 1442 2245 aeternae
1469 2214 1592 2246 mortis.
1618 2214 1722 2246 Filius
1744 2215 1831 2247 enim

250 2275 306 2307 irae
323 2277 332 2293 ⁸
348 2284 413 2305 esse
429 2272 545 2311 desiit,
563 2282 602 2303 ex
617 2281 683 2314 quo
698 2270 834 2312 diligere
855 2273 885 2301 et
908 2269 1064 2312 poenitere
1085 2269 1190 2313 coepit.
1218 2269 1266 2301 Ex
1288 2274 1364 2302 tunc
1388 2281 1464 2312 ergo
1489 2271 1614 2303 solutus
1639 2275 1684 2303 est
1705 2271 1745 2303 ab
1760 2271 1808 2303 ira
1825 2284 1830 2302 z

251 2343 324 2374 qum
339 2341 404 2363 non
422 2333 530 2361 manet
554 2339 650 2371 super
665 2327 758 2358 illum
775 2352 782 2366 ‚
799 2326 856 2369 qui
871 2326 971 2358 eredit
986 2326 1020 2358 in
1034 2326 1199 2358 Christum
1215 2352 1221 2366 ‚
1239 2326 1293 2358 sed
1317 2338 1414 2370 super
1428 2327 1523 2359 illum
1539 2327 1597 2370 qui
1612 2338 1677 2359 non
1693 2327 1794 2359 credit
1809 2331 1831 2360 ⁰.

251 2388 324 2420 Non
340 2398 416 2429 ergo
430 2385 636 2430 postmodum
660 2394 716 2427 per
731 2383 927 2415 sacerdotem
942 2409 949 2423 ,
975 2383 1028 2414 cui
1050 2383 1243 2422 confitetur,
1260 2383 1300 2414 ab
1322 2383 1369 2415 ira
1395 2388 1515 2416 aeterna
1540 2384 1713 2424 liberatur,
1735 2395 1754 2416 a
1770 2396 1835 2428 qua

250 2445 317 2488 jam
334 2444 490 2476 liberatus
504 2446 550 2474 est
566 2452 621 2484 per
635 2440 825 2480 Dominum,
842 2451 879 2471 ex
904 2451 969 2483 quo
985 2439 1067 2471 «lixit
1083 2451 1088 2470 :
1107 2439 1295 2482 Confitebor
1310 2439 1342 2471 ¹⁰.
1360 2440 1456 2472 Solus
1472 2452 1547 2483 ergo
1569 2440 1654 2473 Deus
1668 2441 1832 2473 hominem

254 2501 392 2534 interius
407 2498 544 2531 mundat
559 2510 577 2529 a
592 2497 710 2541 peccati
727 2497 853 2529 macula
866 2522 874 2537 ,
892 2500 922 2528 et
937 2508 955 2528 a
969 2496 1078 2528 debito
1093 2499 1221 2528 aeternce.
1238 2507 1341 2539 poena:
1362 2497 1458 2529 solvit
1471 2523 1479 2538 ,
1495 2497 1553 2540 qui
1568 2508 1625 2540 per
1638 2497 1835 2541 Prophetam

287 2590 390 2618 'Greg.,
407 2588 432 2610 in
447 2587 553 2615 Evany„
567 2585 636 2609 hom.
654 2591 725 2613 xxvi,
741 2584 764 2607 in
781 2584 889 2608 med.·—-
904 2585 911 2597 ²
922 2584 1023 2613 Mamm,
1039 2590 1103 2613 xxm,
1120 2585 1153 2608 13.
1167 2596 1197 2601 -—
1211 2584 1221 2600 δ
1235 2584 1332 2614 ΕρΙιες,,
1349 2592 1373 2615 v,
1391 2587 1427 2609 tsi.
1439 2597 1468 2602 -
1483 2585 1492 2601 ⁴
1505 2585 1586 2615 Joan„
1601 2591 1637 2614 xi.
1653 2587 1681 2609 43
1697 2588 1721 2609 et
1738 2593 1790 2616 seq.
1807 2600 1836 2604 --

255 2625 264 2639 ὅ
279 2625 358 2652 Ιο(ινι.,
375 2628 415 2650 xx,
430 2624 469 2644 23.
483 2633 510 2637 —
527 2622 535 2634 ⁴³
551 2621 663 2650 August,
680 2620 704 2642 z'n
722 2620 760 2642 Px.
777 2625 850 2649 xxxr,
867 2622 888 2648 t,
906 2620 998 2641 Eum-r.
1015 2625 1042 2648 1¹,
1060 2626 1084 2643 n.
1102 2622 1124 2642 ti.
1137 2632 1166 2637 -
1186 2619 1193 2634 ⁷
1211 2619 1312 2642 Hieron.
1323 2638 1328 2648 ‚
1349 2620 1372 2642 in
1388 2620 1427 2643 1⁷5.
1444 2620 1533 2643 Beatus
1548 2621 1587 2642 vir
1600 2621 1648 2643 1:111'.
1665 2633 1694 2637 —
1710 2622 1718 2634 ⁸
1735 2621 1834 2651 Ephes..

256 2660 364 2686 1!‚:{,—
378 2658 388 2673 ⁰
405 2656 526 2686 Col.‚1u,
541 2657 563 2678 fi.
575 2667 604 2671 ·-—
623 2656 643 2670 ¹0
658 2656 699 2677 l's.
718 2655 827 2679 xxx1.f'›.
