1991 3006
785 199 975 232 DISTINCT.
1000 198 1132 230 XXXIII.

165 270 357 310 evangelicis
373 272 402 301 et
417 269 649 311 spiritualibus,
667 270 734 301 sive
749 269 843 300 etiam
859 276 930 298 mu-

165 323 313 361 lie1·1bus;
337 326 367 355 et
385 324 476 354 tertio
495 323 632 354 breviter
651 325 763 354 tractat
781 323 817 353 de
838 330 931 360 repu-

166 377 227 407 dio.

495 426 562 447 nun.
588 426 607 446 1.

199 478 330 502 Maledicta
344 481 397 502 erat
409 478 513 509 sterilis,
529 486 585 509 quae
600 486 651 502 non
667 477 837 508 relinquebat,
852 478 900 500 etc.

207 535 366 572 Quaeritur
382 536 432 566 hic
448 547 454 566 ε
478 538 532 566 aut
551 536 611 566 11οο
629 535 818 574 intelligitur
835 542 936 573 quan-

166 590 235 618 tum
261 589 299 619 ad
324 589 574 620 maledictionem
598 598 718 629 poenae,
744 590 799 618 aut
822 587 933 626 culpae.

167 642 199 672 Si
215 645 371 682 quantum
384 643 422 673 ad
437 643 688 673 maledictIOnem
701 651 816 682 poenae,
833 641 937 671 adhuc

168 705 280 726 verum
302 697 348 726 est
368 695 444 726 illud
461 719 468 732 ,
494 696 578 735 quod
603 696 750 726 sterilitas
775 704 839 725 non
864 694 937 725 dicit

167 751 333 785 naturam,
355 749 407 779 sed
429 748 584 779 defectum
604 751 634 779 et
656 749 798 779 malum:
821 750 851 779 et
872 757 938 778 non

168 802 290 842 culpae:
309 811 387 841 ergo
404 811 516 842 poenae.
540 803 573 832 Si
589 805 745 842 quantun]
760 802 799 832 ad
811 802 849 841 (ιι)
868 811 936 831 ma-

169 855 366 886 ledictionem
387 856 506 896 culpae,
529 865 608 894 ergo
630 865 696 886 esse
716 855 854 886 sterilem
873 856 940 885 erat

169 908 278 948 culpa,
295 909 379 948 quod
395 909 559 939 manifeste
574 909 688 939 falsum
704 911 759 939 est.

210 962 301 1002 Resp.
336 963 507 993 Dicendum
533 962 618 1002 quod
642 962 725 993 istud
748 962 941 1001 intelligitur

170 1015 207 1045 de
221 1015 440 1046 maledictione
453 1025 567 1055 pcenae,
584 1018 679 1055 prout
693 1024 786 1055 poena
798 1024 862 1045 non
875 1017 942 1044 tan-

169 1071 239 1100 tum
255 1070 328 1100 dicit
346 1070 502 1100 defectum
518 1072 641 1100 naturae
652 1094 659 1108 ,
681 1070 746 1100 imo
761 1070 855 1100 etiam
870 1077 938 1098 am-

170 1123 269 1162 plius,
304 1123 420 1154 scilicet
444 1123 652 1163 opprobrium
676 1121 834 1159 infamiaess
866 1125 942 1152 tunc

170 1176 255 1206 enim
279 1179 345 1207 erat
366 1177 512 1214 infamis,
536 1179 566 1207 et
589 1176 662 1207 vilis
686 1176 893 1215 reputabatur
913 1177 942 1205 et

171 1229 404 1268 ignominiosa,
427 1231 517 1270 quasi
542 1229 696 1260 Dominus
719 1230 788 1268 ejus
812 1229 942 1259 vulvam

171 1282 385 1313 conclusisset.
408 1282 598 1322 Exemplum
618 1284 664 1313 est
685 1282 723 1312 de
741 1282 835 1312 Anna
854 1282 886 1311 in
904 1282 940 1312 li-

172 1335 236 1365 bris
247 1336 365 1375 Requm
375 1336 396 1367 ¹.
414 1335 498 1366 Unde
512 1336 631 1366 steriles
643 1335 804 1373 mulieres,
818 1335 943 1374 quando

173 1398 238 1418 non
253 1389 522 1426 foecnudabantur,
540 1388 729 1428 reputabant
746 1388 804 1418 sibi
820 1397 885 1418 esse
897 1388 944 1427 ig-

174 1442 359 1472 nominiam.
381 1442 460 1479 Quia
479 1451 557 1480 ergo
578 1444 652 1472 tunc
668 1450 777 1472 omues
799 1441 875 1472 viris
891 1450 942 1471 co-

173 1494 376 1533 pulabantur,
394 1497 424 1525 et
438 1495 558 1534 prolem
572 1495 776 1534 quaerebant3
794 1496 825 1525 et
839 1495 864 1524 si
881 1504 944 1525 non

173 1547 330 1578 habebant
343 1571 350 1585 ‚
373 1547 596 1586 ignominiosae
617 1550 727 1578 erant:
750 1548 819 1578 ideo
836 1557 945 1578 omnes

173 1600 293 1631 steriles
308 1601 481 1631 maledictae
497 1603 605 1638 erant,
621 1601 696 1641 quia
713 1601 850 1632 fructum
866 1611 942 1632 ven-

173 1654 230 1683 tris
244 1663 305 1684 uon
320 1654 488 1691 habebant,
506 1663 600 1693 quein
612 1654 689 1685 illud
701 1656 827 1694 tempus
841 1655 946 1694 requi-

174 1706 272 1736 rebat.
298 1706 388 1737 Nunc
403 1709 510 1737 autem
525 1708 680 1746 quaeritur
698 1708 818 1738 fructus
842 1709 945 1739 bono-

174 1768 247 1790 rum
263 1769 395 1800 operum
409 1771 415 1797 ;
440 1760 521 1798 ideo,
538 1761 595 1790 etsi
619 1761 733 1791 mulier
749 1764 854 1792 careat
872 1762 946 1792 filiis

174 1822 230 1852 per
243 1813 459 1852 virginitatem
470 1837 479 1851 ,
500 1813 554 1844 ubi
570 1815 616 1844 est
631 1814 777 1845 sterilitas
802 1815 946 1846 volunta-

175 1867 240 1905 ria,
262 1876 325 1897 non
344 1866 559 1904 maledicitur,
579 1867 632 1896 sed
646 1867 804 1897 laudatur.
822 1868 854 1898 Si
870 1877 946 1898 vero

176 1921 280 1949 careat
293 1921 420 1959 propter
433 1919 589 1949 defectum
602 1919 791 1957 naturalem,
808 1930 871 1951 non
885 1930 948 1951 ma-

175 1972 334 2009 ledicitur,
352 1972 403 2002 sed
421 1971 606 2009 sustinetur,
626 1972 764 2003 maxime
780 1974 805 2003 si
825 1983 887 2005 non
903 1976 948 2005 est

177 2025 210 2055 in
225 2034 261 2056 ea
276 2025 421 2055 sterilitas
436 2025 593 2056 bonorum
607 2035 750 2066 operum.

499 2119 566 2140 DUB.
590 2119 621 2140 11.

415 2176 510 2200 Publici
525 2177 651 2208 muneris,
668 2178 717 2202 etc.

217 2237 295 2268 Dicit
307 2236 359 2268 hic
371 2238 556 2269 Ambrosius
570 2240 607 2270 de
621 2240 748 2271 filiabus
760 2240 851 2279 Loth,
866 2242 952 2281 quod

178 2291 295 2331 publici
307 2292 446 2322 muneris
458 2293 560 2331 grati,-
573 2293 731 2333 priVatam
740 2295 866 2334 culpam
876 2304 953 2334 prae-

178 2344 266 2375 texit.
290 2344 420 2375 Videtur
442 2345 557 2376 salsum
584 2347 688 2378 dicere
702 2371 709 2384 ‚
733 2348 810 2387 quia
832 2348 857 2377 si
882 2348 953 2387 quis

180 2396 301 2427 furetur
315 2400 351 2428 ut
364 2398 414 2428 det
434 2399 624 2439 pauperibus
635 2424 642 2437 ,
670 2410 735 2431 non
750 2403 920 2431 excusatur
936 2411 954 2431 a

180 2452 304 2489 peccato
320 2451 393 2481 furti
410 2462 417 2482 :
432 2461 512 2491 crgo
524 2462 582 2483 nee
598 2453 659 2484 illae
675 2454 715 2483 ab
730 2454 862 2491 incestu,
880 2464 953 2485 cum

182 2513 200 2533 a
215 2505 302 2543 patre
316 2505 454 2543 cognitae
470 2505 608 2536 suerunt.
637 2506 713 2537 Item
730 2507 854 2538 videtur
869 2508 954 2547 quod

184 2556 397 2596 multipliciter
412 2562 622 2597 peccaverunt
638 2571 644 2589 :
667 2560 771 2600 primo
784 2585 792 2599 ,
807 2562 882 2600 quia
897 2570 955 2600 pa-

183 2611 263 2640 trem
288 2610 543 2649 inebrIaverunt3
570 2613 709 2644 secundo
720 2637 729 2651 ,
754 2614 829 2654 quia
852 2614 955 2645 ambae

215 2675 221 2688 ¹
234 2674 302 2708 Κεφ,
316 2681 334 2705 1,
349 2677 373 2700 6.

1699 202 1753 230 301

987 275 1061 297 cum
1076 265 1185 296 eodem
1204 265 1272 296 viro
1288 267 1547 304 concubuerunt;
1564 267 1666 304 tertio,
1683 267 1758 307 quia

988 328 1060 350 cum
1076 320 1163 358 patre
1179 327 1236 348 suo
1252 322 1472 358 peccaverunt.

1030 372 1120 412 Resp.
1137 372 1309 402 Dicendum
1325 373 1419 411 quod,
1434 373 1581 412 quamvis
1592 373 1663 404 filiae
1678 373 1758 404 Loth

990 426 1156 456 videantur
1173 435 1213 456 ex
1227 425 1340 464 pietate
1355 428 1450 456 motae
1472 427 1567 457 fnisse
1577 451 1585 464 ‚
1606 427 1680 467 qnia
1694 436 1760 458 non

990 482 1116 518 propter
1146 478 1386 509 delectationem
1410 479 1511 509 carnis
1522 504 1529 518 ,
1556 481 1609 511 sed
1633 483 1760 521 propter

990 532 1261 562 conservationem
1273 531 1407 562 humani
1421 533 1548 570 generis
1560 536 1661 564 artem
1674 534 1760 564 illam

991 586 1231 624 cogitaverunt;
1250 587 1356 615 tamen
1370 594 1435 615 non
1450 590 1644 617 excusantur
1658 588 1697 617 ab
1712 588 1762 618 in-

991 641 1076 669 cestu
1088 662 1096 676 ‚
1118 638 1194 678 quia
1208 638 1343 668 scienter
1358 640 1466 668 contra
1486 639 1621 678 primam
1637 640 1761 671 institu-

992 692 1111 722 tionem
1130 691 1345 728 matrimonii,
1363 691 1395 720 in
1411 700 1474 731 qua
1488 692 1690 731 excipiuntur
1705 704 1762 734 pa-

992 747 1039 775 ter
1053 747 1083 775 ct
1098 747 1208 782 mater,
1223 746 1395 784 jacuerunt
1408 754 1480 775 cum
1497 748 1594 784 patre.
1620 746 1763 778 Secundo

994 808 1069 829 vero
1081 823 1089 836 ,
1105 798 1180 838 quia
1195 807 1290 838 super
1304 798 1415 828 falsam
1431 799 1697 830 existimationem
1712 810 1764 831 vo-

994 851 1147 882 luntatem
1168 860 1259 881 suam
1281 851 1516 882 fundaverunt:
1538 854 1568 882 et
1587 852 1657 883 ideo
1672 853 1697 882 si
1713 853 1763 892 ig-

994 905 1139 935 norantia
1153 907 1184 935 et
1198 904 1350 934 naturalis
1368 904 1466 944 pietas
1481 904 1587 944 aliquo
1604 905 1696 935 modo
1710 915 1765 935 exa

995 960 1081 988 cuset
1093 958 1232 997 culpam,
1248 967 1310 988 non
1324 960 1431 988 tamen
1444 967 1462 988 a
1475 960 1550 996 toto,
1565 959 1618 989 sed
1629 968 1647 989 a
1658 961 1744 989 tanto
1757 970 1764 997 ;

995 1020 1052 1041 nec
1066 1011 1143 1041 adeo
1159 1013 1308 1048 excusat,
1331 1011 1407 1050 quin
1428 1011 1604 1042 mortaliter
1619 1021 1767 1051 peccave-

996 1064 1078 1101 rint,
1102 1063 1174 1094 lieet
1197 1064 1234 1094 de
1256 1066 1343 1103 patre
1368 1064 1521 1103 praesumi
1545 1065 1659 1104 possit,
1684 1065 1767 1105 quod

997 1126 1061 1147 non
1083 1117 1259 1156 peccaverit
1273 1117 1464 1147 mortaliter.
1491 1117 1525 1147 Et
1538 1118 1597 1148 hoc
1615 1118 1684 1149 vult
1696 1119 1769 1149 Am-

996 1171 1120 1201 brosius
1139 1171 1259 1208 dicere,
1280 1173 1364 1212 quod
1386 1173 1518 1203 intentio
1534 1173 1587 1203 illa
1600 1197 1607 1210 ,
1630 1183 1693 1213 qua
1711 1174 1766 1204 bo-

997 1234 1074 1255 num
1093 1234 1282 1263 commune,
1303 1236 1367 1256 non
1387 1227 1580 1267 voluptatem
1606 1227 1769 1267 propriam

997 1279 1210 1316 intendebant,
1224 1280 1370 1318 praetexit
1380 1279 1535 1319 privatam
1549 1280 1684 1320 culpam.
1698 1280 1770 1310 Fuit

998 1332 1081 1362 enim
1097 1333 1189 1371 culpa
1203 1341 1325 1370 revera,
1343 1333 1396 1363 sed
1408 1334 1516 1363 tamen
1531 1333 1702 1372 quamdam
1718 1343 1770 1364 ex-

997 1386 1168 1416 cusationis
1183 1386 1318 1426 speciem
1334 1386 1445 1416 habuit
1460 1395 1499 1416 ex
1516 1386 1569 1416 illa
1583 1386 1767 1424 intentione,

998 1448 1070 1478 quae
1088 1439 1255 1469 videbatur
1277 1448 1344 1469 esse
1362 1439 1423 1478 pia.
1449 1438 1523 1469 Plus
1538 1441 1643 1469 tamen
1659 1439 1770 1469 habuit

998 1491 1035 1521 de
1054 1491 1185 1521 stultitia
1207 1493 1237 1521 et
1255 1493 1292 1522 de
1312 1492 1488 1522 temeritate
1501 1516 1509 1529 ,
1529 1501 1625 1531 quam
1647 1493 1684 1523 de
1703 1493 1768 1532 pie-

999 1547 1082 1576 tate:
1105 1545 1207 1584 primo
1224 1545 1298 1584 quia
1317 1547 1438 1584 patrem
1458 1548 1601 1575 sanctum
1617 1546 1772 1576 debebant

998 1598 1177 1636 consulere3
1201 1598 1337 1629 secundo
1360 1607 1455 1636 vero,
1481 1599 1558 1638 quia
1579 1599 1635 1629 etsi
1659 1608 1770 1630 verum

999 1653 1079 1682 esset
1092 1652 1176 1691 quod
1189 1654 1289 1682 totum
1305 1661 1408 1691 genus
1418 1652 1600 1682 humanum
1611 1654 1691 1683 esset
1702 1662 1772 1683 con-

1000 1707 1182 1745 sumptum,
1204 1714 1268 1736 non
1290 1708 1397 1736 tamen
1419 1705 1599 1736 debuissent
1619 1708 1773 1736 attentare

1000 1760 1065 1789 tam
1080 1758 1232 1789 horribile
1246 1759 1364 1789 factum
1377 1782 1384 1796 ,
1402 1759 1462 1789 nisi
1476 1759 1682 1790 interveniret
1695 1759 1773 1790 (livi-

1000 1822 1079 1843 num
1102 1813 1298 1843 mandatum.
1322 1811 1382 1842 Sed
1404 1812 1436 1841 in
1456 1812 1515 1842 hoc
1537 1813 1772 1843 manifestatum

1002 1868 1067 1904 est,
1085 1866 1169 1906 quod
1184 1866 1215 1895 in
1232 1866 1318 1896 nulla
1332 1864 1464 1896 muliere
1479 1865 1701 1896 confidendum
1714 1867 1771 1903 est,

1002 1919 1078 1958 quia
1090 1919 1280 1958 deceperunt
1292 1928 1379 1955 eum,
1397 1919 1487 1958 cujus
1499 1918 1624 1949 castitas
1637 1919 1775 1958 gloriosa

1002 1972 1204 2012 praedicatur,
1216 1971 1292 2002 dnm
1305 1971 1388 2002 inter
1399 1973 1463 2002 tam
1473 1971 1587 2012 impios
1595 1973 1661 2002 tam
1669 1974 1774 2003 sancte

1003 2028 1033 2057 et
1047 2025 1246 2057 laudabiliter
1261 2025 1350 2057 vixit.

1321 2129 1389 2151 DUB.
1413 2129 1458 2151 111.

1037 2190 1224 2216 Continentiam
1238 2190 1349 2214 Joannes
1360 2190 1386 2214 in
1401 2197 1492 2222 opere,
1509 2190 1637 2215 Abraham
1651 2191 1677 2215 in
1691 2190 1745 2215 solo

1281 2228 1391 2251 babebat
1405 2227 1502 2251 habitu.

1046 2294 1175 2326 Videtur
1190 2295 1272 2325 male
1287 2295 1407 2333 dicere,
1425 2294 1500 2334 quia
1515 2296 1571 2325 aut
1583 2294 1724 2334 loquitur
1739 2294 1777 2325 de

1007 2348 1201 2378 continentia
1215 2348 1366 2387 virgiliali
1379 2372 1387 2386 ,
1403 2350 1459 2378 aut
1472 2348 1655 2387 simplicIter
1670 2359 1677 2378 :
1699 2348 1724 2377 si
1740 2348 1777 2378 de

1008 2401 1200 2432 continentia
1223 2401 1418 2441 simpliciter,
1445 2403 1520 2431 tunc
1543 2401 1659 2431 falsum
1681 2401 1775 2438 dicit,

1008 2455 1084 2495 quia
1098 2455 1259 2485 Abraham
1275 2463 1385 2485 veram
1403 2454 1627 2485 continentiam
1643 2454 1778 2485 habebat

1010 2509 1042 2538 in
1056 2518 1137 2545 usu3
1160 2509 1185 2538 si
1207 2508 1244 2539 de
1264 2508 1414 2547 virgInali
1427 2532 1434 2546 ,
1457 2517 1531 2538 cum
1550 2508 1603 2538 illa
1617 2508 1657 2538 sit
1674 2508 1778 2537 incor-

1010 2562 1166 2601 ruptionis
1179 2563 1332 2601 perpetua
1346 2561 1508 2592 meditatio
1520 2585 1528 2599 ‚
1545 2561 1631 2591 illam
1646 2570 1708 2590 non
1725 2560 1779 2590 ha-

1010 2615 1103 2646 bebat
1122 2625 1179 2646 nec
1199 2616 1330 2653 habitu,
1351 2625 1408 2646 nec
1427 2616 1509 2646 actu.
1534 2614 1572 2645 Et
1594 2615 1710 2645 iterum
1723 2638 1731 2653 ,
1753 2615 1777 2645 si

1043 2678 1075 2709 (a)
1088 2677 1148 2702 Coet.
1163 2677 1223 2702 edit.
1238 2678 1318 2703 omitt.
1336 2679 1460 2709 quantum
1475 2677 1515 2702 ad.
