1991 3006
57 1321 89 1340 Ad
108 1328 160 1347 ‘'PP-

188 193 240 221 174

182 257 362 288 solemnitas
378 257 471 287 fuisse
491 256 522 286 in
539 254 674 286 Ecclesia
693 254 853 294 primitiva
870 264 876 283 z
895 262 948 283 er-

183 318 226 348 go
238 335 245 347 ,
262 312 320 339 etc.

223 362 299 392 Item
326 361 402 392 illud
426 362 457 391 in
481 371 545 401 quo
570 360 764 400 imprimitur
788 359 949 389 character

182 416 328 452 interior,
346 415 436 445 debet
457 415 573 445 habere
598 413 854 444 assimilationem
875 420 947 441 cum

182 468 323 498 interiori
335 468 513 498 charactere
526 477 533 498 ε
548 468 599 497 sed
612 467 772 497 character
784 465 835 494 ille
851 464 947 503 respi-

180 522 220 551 cit
234 522 371 561 aliquam
387 524 589 560 potestatem,
608 519 781 551 benedictio
797 518 947 548 autemut

180 575 218 604 ad
233 575 428 605 sanctitatem
441 598 449 611 ,
465 584 554 613 erge,
571 576 628 604 etc.

220 628 307 665 Item,
323 628 405 667 quod
419 637 480 658 non
491 628 583 658 detur
594 626 785 662 inunctione,
802 624 942 654 videtur:

179 682 252 721 quia
275 682 300 711 si
323 682 428 721 aliqua
449 681 550 720 passio
567 679 727 719 aliquibus
752 679 848 715 inest,
868 677 946 708 inest

179 735 352 764 secundum
362 734 487 773 aliquod
499 742 683 763 commune:
696 732 747 761 sed
758 730 946 761 characteris

179 788 342 827 impressio
368 791 412 817 est
440 788 471 817 in
499 786 648 816 omnibus
677 784 859 820 ordinibus;
891 783 944 813 sed

179 840 320 870 inunctio
342 842 387 870 est
412 840 443 869 in
469 848 532 869 uno
552 838 635 873 solo,
652 837 765 867 scilicet
788 836 819 865 in
841 845 942 866 sacer-

178 893 261 923 dotio
274 902 282 922 :
297 902 391 931 ergo,
411 895 468 922 cte.

218 945 293 975 item
309 946 362 975 ubi
377 948 421 975 cst
442 944 511 974 talis
526 953 619 973 causa
631 967 638 980 ,
654 943 694 972 ibi
710 942 779 972 talis
794 943 941 972 effectus:

175 998 229 1028 sed
237 998 270 1028 in
279 999 456 1037 episcopatu
467 1000 510 1027 est
521 995 751 1027 novaiuunctio
762 1004 769 1025 2
780 1004 857 1033 ergo
868 996 942 1025 novi

176 1051 361 1081 characteris
376 1050 539 1090 impressio
553 1061 559 1080 :
573 1050 631 1079 hoc
642 1051 747 1079 autem
759 1051 802 1079 est
815 1048 941 1086 salsum,

175 1104 248 1143 quia
266 1104 291 1133 si
306 1113 408 1133 novus
422 1103 582 1133 character
595 1102 842 1141 imprimeretur.
859 1102 939 1132 sicut

175 1156 317 1186 sacerdos
333 1160 431 1195 posset
452 1165 517 1185 csse
533 1156 599 1185 siue
614 1155 796 1192 diaconatu,
813 1155 856 1184 sic
873 1155 942 1194 cpi-

174 1218 286 1248 scopus
309 1209 375 1239 sinc
407 1209 578 1239 sacerdotio
592 1219 599 1243 ς
627 1209 719 1246 cujtis
747 1208 941 1238 contrarium

174 1261 417 1292 determinatum
433 1264 479 1291 est
495 1261 525 1290 in
541 1261 697 1297 decretali,
714 1261 795 1290 libro
811 1270 852 1290 111.

214 1318 242 1344 1.
265 1315 341 1345 ltem
356 1315 438 1354 quod
455 1324 517 1345 non
540 1315 630 1344 detur
652 1314 683 1343 in
708 1323 864 1343 manuum
879 1313 941 1343 im-

173 1367 342 1406 positione,
375 1368 500 1397 videtur
530 1367 632 1407 primo
659 1376 714 1406 per
744 1366 939 1397 consimilem

172 1422 338 1458 rationem,
362 1422 437 1460 quia
459 1431 531 1451 cum
549 1430 612 1451 non
635 1421 689 1450 fiat
710 1420 866 1459 impositio
881 1420 939 1449 nisi

173 1474 204 1503 in
221 1474 293 1503 solis
306 1474 430 1504 dnobus
443 1474 616 1511 ordinibus,
630 1483 693 1503 non
704 1473 940 1511 imprimeretur

173 1526 333 1556 character
355 1526 414 1556 nisi
434 1527 465 1555 in
487 1526 536 1555 his
557 1526 681 1556 duobus
707 1525 830 1562 solum3
855 1525 940 1564 quod

173 1581 218 1608 est
234 1579 393 1609 manifeste
414 1579 526 1609 salsum
538 1603 545 1615 ,
562 1579 641 1609 sicut
657 1581 739 1618 patet
761 1588 799 1608 ex
822 1587 937 1617 przece-

173 1632 328 1662 dentibus.

212 1686 241 1714 2.
259 1684 336 1714 Item
351 1685 427 1715 ordo
441 1685 576 1715 traditur
588 1687 712 1715 tantum
724 1685 763 1714 ab
776 1685 936 1723 episcopo:

172 1738 223 1767 sed
239 1737 315 1767 ordo
326 1738 458 1767 traditur
468 1738 499 1767 in
514 1738 721 1777 impressione
735 1737 936 1767 characteris:

172 1800 249 1829 ergo
265 1791 290 1819 si
306 1790 466 1820 character
481 1791 676 1829 imprimitur
691 1791 722 1820 in
739 1791 939 1830 impositione

173 1852 337 1879 manuum,
353 1843 479 1873 videtur
493 1844 577 1883 qnod
597 1844 681 1873 solus
703 1845 866 1883 episcopus
884 1844 939 1874 de-

171 1898 243 1927 beat
258 1906 389 1927 manum
405 1897 567 1936 imponere
579 1897 610 1926 in
621 1896 819 1927 ordinatione
832 1907 838 1927 :
854 1896 937 1936 quod

171 1952 217 1979 est
227 1949 353 1987 salsum,
363 1949 449 1988 quia,
461 1952 497 1979 ut
510 1949 582 1979 dicit
597 1958 698 1979 canon
709 1950 729 1987 ¹,
741 1949 938 1980 distinctione

171 2012 262 2040 xxm,
280 2002 447 2041 Presbyter
461 2011 533 2032 cum
549 2002 724 2039 ordinatur,
742 2004 813 2039 etc„
829 2011 938 2032 omnes

171 2055 344 2086 sacerdotes
361 2055 539 2085 assistentes
554 2054 668 2084 debent
687 2054 720 2084 in
743 2054 938 2085 ordinatione

170 2108 339 2138 sacerdotis
355 2116 466 2137 manus
487 2107 659 2146 imponere.

211 2164 239 2191 3.
255 2161 348 2197 item,
365 2160 447 2199 quod
464 2160 495 2189 in
519 2160 587 2189 libri
605 2159 654 2190 vel
671 2160 754 2190 vasis
772 2161 938 2191 traditione

171 2223 234 2244 non
261 2214 483 2252 imprimatur,
517 2213 660 2250 videtur,
692 2213 842 2252 quoniam
871 2216 937 2244 esto

170 2267 255 2306 quod
276 2266 352 2296 tales
372 2265 461 2302 libri,
478 2265 527 2295 vel
552 2275 645 2301 vasa,
671 2265 830 2303 deessent,
859 2266 937 2297 sicut

171 2320 249 2349 sorte
265 2319 392 2348 deerant
414 2318 445 2347 iu
468 2317 601 2347 Ecclesia
624 2317 794 2356 primitiva,
820 2318 935 2348 nihilo-

171 2371 278 2401 minus
291 2372 367 2400 tates
382 2370 507 2400 ordines
522 2370 588 2400 dari
605 2372 736 2408 possunt
751 2379 759 2399 t
773 2379 862 2409 ergo,
876 2374 935 2402 etc.

209 2426 238 2454 4.
253 2424 329 2454 Item
346 2423 445 2452 multa
460 2422 533 2452 talia
549 2423 667 2452 coui'ert
681 2423 934 2462 archidiaconus,

171 2480 206 2508 ut
223 2476 395 2516 ampullam
411 2478 439 2505 et
454 2484 544 2514 aquae
562 2475 712 2505 manilem
731 2476 933 2515 subdiacono,

171 2531 250 2561 sicut
264 2530 297 2560 in
312 2530 414 2560 littera
428 2528 582 2566 tangitur,
601 2530 631 2558 et
645 2528 748 2558 claves
764 2529 821 2567 ipsi
837 2530 936 2560 ostia-—

171 2584 233 2614 rio:
251 2583 276 2613 si
288 2591 365 2621 ergo
380 2581 477 2611 solius
492 2580 627 2619 episcopi
641 2583 687 2611 est
700 2581 840 2612 conferre
854 2582 936 2613 ordi-

204 2646 210 2660 ¹
226 2646 320 2668 Dect-et.
335 2651 359 2674 p.
380 2644 397 2673 t,
415 2643 472 2666 dist.
488 2647 563 2672 xxm,
579 2648 600 2665 c.
620 2648 671 2665 tiu.

737 185 1043 218 SENTENTMRUM
1070 186 1142 216 ΗΒ.
1169 186 1216 216 tV.

1004 262 1076 287 nes,
1108 253 1233 284 videtur
1261 253 1345 292 quod
1374 252 1405 283 in
1434 252 1489 283 tali
1517 252 1684 284 traditione
1711 262 1775 284 non
1980 264 1985 292 ¹.

1006 305 1208 344 imprimatur
1221 306 1392 336 character.

1045 360 1072 388 5.
1099 358 1192 396 item,
1215 359 1297 398 quod
1323 359 1355 388 in
1379 359 1468 389 verbi
1488 358 1690 398 expressione
1711 367 1775 389 non

1005 411 1218 450 imprimatur,
1235 412 1361 441 videtur
1378 422 1384 441 z
1402 412 1517 451 primo,
1534 411 1609 451 quia
1623 411 1655 441 in
1671 410 1776 442 verbis

1005 463 1064 493 iilis
1087 464 1233 502 signatur
1260 468 1343 494 recta
1368 465 1527 504 potestatis
1552 463 1716 501 executio,
1741 465 1776 494 ut

1003 519 1098 556 patet,
1115 518 1139 546 si
1165 518 1236 556 quis
1256 517 1422 557 inspiciat:
1444 526 1523 556 ergo
1545 526 1618 547 cum
1633 516 1712 547 illud
1726 525 1775 547 se-

1002 572 1118 608 quatur
1145 570 1263 600 ordinis
1288 570 1456 600 essentiam
1485 573 1516 600 et
1539 570 1771 608 characterem,

1003 623 1138 661 videtur,
1158 626 1215 653 etc.

1042 680 1071 706 0¹.
1092 676 1168 706 item
1184 676 1345 706 character
1360 685 1422 706 non
1439 678 1540 715 potest
1555 675 1697 716 imprimi
1712 675 1772 705 nisi

1001 738 1018 758 a
1033 728 1113 759 Deo:
1141 729 1193 759 sed
1210 729 1299 759 verbi
1315 729 1475 768 expressio
1495 731 1541 759 est
1561 737 1616 768 per
1635 729 1772 759 verbum

1001 782 1197 821 imperandi,
1227 791 1300 812 cum
1325 782 1462 812 dicitur:
1492 782 1608 821 Accipe
1629 785 1773 822 potesta-

1000 838 1072 871 tem,
1088 838 1146 865 etc.
1162 846 1168 865 ι
1185 844 1263 873 ergo
1288 835 1322 864 in
1343 834 1396 864 tali
1420 835 1522 864 forma
1536 843 1600 865 non
1622 837 1669 865 est
1682 844 1768 866 com—
1787 851 1878 873 offla„

1000 891 1108 927 petens
1146 887 1282 926 exprimi
1319 887 1545 917 characterem.
1583 886 1636 917 Est
1670 887 1772 926 igitur
1787 883 1891 905 ¹³²²‘⁸¹⁶‘·

999 941 1142 980 qumstio,
1160 949 1259 980 quare
1274 940 1332 971 hoc
1347 942 1582 971 sacramentnm
1597 939 1693 970 habet
1706 939 1770 971 for-

999 1003 1086 1024 mam
1110 994 1198 1024 verbi
1214 1002 1270 1033 per
1285 993 1417 1024 modum
1432 993 1660 1033 imperativum
1671 1017 1680 1031 ,
1697 1002 1770 1024 cum

998 1047 1058 1077 alia
1081 1048 1217 1078 habeant
1237 1056 1291 1086 per
1309 1047 1533 1084 indicativum,
1550 1046 1600 1077 vel
1619 1046 1770 1086 depreca—

998 1101 1110 1130 tivum.
1126 1100 1180 1130 Est
1200 1100 1295 1130 etiam
1317 1100 1468 1139 quaestio,
1485 1099 1569 1130 unde
1589 1101 1696 1130 ortum
1711 1099 1770 1130 ha-
1785 1118 1876 1142 ouaesno

997 1153 1133 1183 buerunt
1146 1153 1214 1183 haec
1227 1153 1309 1183 circa
1319 1153 1475 1190 ordinem,
1487 1153 1603 1183 scilicet
1613 1161 1769 1183 manuum
1784 1148 1858 1200 {2¹2³

996 1206 1171 1245 impositio,
1197 1208 1227 1236 et
1248 1206 1444 1243 benedictio,
1470 1208 1500 1236 et
1522 1206 1640 1236 unctio.
1664 1205 1719 1236 Est
1739 1208 1770 1237 et

996 1260 1146 1298 quaestio,
1171 1268 1270 1299 quare
1294 1259 1454 1298 impositio
1481 1268 1638 1290 manuum
1661 1261 1709 1289 est
1735 1259 1890 1303 inq-ianm-

995 1312 1118 1342 duohus
1145 1312 1328 1350 ordinibus,
1351 1312 1404 1342 sed
1426 1312 1534 1342 unctio
1556 1312 1587 1342 in
1612 1321 1676 1342 uno
1702 1311 1769 1343 solo
1784 1307 1840 1329 ¹⁵⁵³·

995 1365 1122 1402 ordine,
1141 1365 1257 1394 scilicet
1277 1363 1460 1394 sacerdotio.
1478 1363 1532 1394 Est
1551 1367 1664 1404 quarta
1678 1372 1769 1404 quae-
1783 1385 1891 1410 spuma,

994 1418 1069 1455 stio,
1091 1427 1190 1457 quare
1208 1418 1339 1448 diacono
1358 1417 1443 1448 solus
1465 1418 1631 1457 episcopus
1655 1427 1769 1449 manus
1783 1416 1839 1437 ¹³⁵⁴·

996 1468 1148 1507 imponit,
1173 1468 1388 1498 sacerdotibus
1407 1477 1484 1498 vero
1505 1468 1557 1498 alii
1580 1469 1766 1500 sacerdotes.

995 1523 1047 1553 Est
1060 1523 1171 1553 ultima
1186 1523 1330 1562 quaestio,
1348 1523 1380 1552 in
1396 1531 1459 1562 quo
1473 1522 1681 1553 essentialiter
1691 1532 1768 1554 con·
1783 1540 1874 1564 own„

994 1577 1075 1606 sistit
1099 1579 1333 1607 sacramentum
1355 1576 1431 1606 illud
1458 1577 1612 1613 exterius;
1638 1579 1668 1607 et
1693 1586 1766 1607 cum
1782 1570 1820 1593 ¹³²·
1836 1574 1854 1592 ⁵*

995 1639 1058 1660 non
1074 1630 1187 1660 habeat
1201 1630 1410 1666 elementum,
1427 1638 1484 1659 nec
1505 1630 1640 1659 sormam
1665 1632 1768 1660 statu-

994 1687 1070 1720 tam,
1095 1684 1220 1714 videtur
1246 1683 1331 1722 quod
1353 1682 1431 1712 nihil
1452 1682 1617 1713 essentiale
1640 1683 1765 1714 habeat.

994 1736 1030 1767 Et
1045 1737 1128 1776 quod
1144 1746 1207 1767 non
1222 1737 1336 1767 habeat
1351 1736 1486 1766 formam
1502 1736 1743 1767 determinatam
1756 1761 1766 1775 ,

993 1790 1134 1827 videtur,
1152 1799 1225 1820 cum
1250 1791 1380 1830 ant-iqua
1401 1790 1560 1821 ordinaria
1582 1791 1681 1822 atium
1697 1800 1767 1821 mo-

993 1842 1071 1873 dum
1089 1842 1237 1873 habeant.

1245 1954 1507 1986 CONCLUSIO.

994 2040 1138 2066 Character
1158 2040 1261 2066 ordinis
1277 2042 1455 2075 imprimitur,
1473 2049 1531 2068 cum
1548 2042 1649 2069 dantur
1663 2044 1766 2070 instru—

1027 2086 1116 2111 menta
1137 2092 1195 2118 quoe
1210 2084 1361 2111 deserviunt
1381 2092 1426 2111 suo
1446 2087 1593 2112 ministerio
1616 2089 1640 2113 et
1663 2087 1765 2120 officio,

1028 2136 1078 2155 uon
1093 2130 1121 2154 in
1136 2130 1266 2160 unctione,
1283 2136 1364 2162 neque
1380 2130 1408 2155 in
1424 2129 1614 2157 benedictione.

1033 2214 1122 2254 Resp.
1140 2214 1179 2244 ad
1193 2223 1264 2254 arg.
1278 2214 1326 2244 Ad
1341 2215 1567 2254 praedictorum
1582 2216 1765 2256 intelligen-

992 2267 1069 2297 tiam
1085 2267 1282 2305 habendam,
1297 2267 1366 2297 haec
1386 2270 1461 2298 sunt
1475 2269 1761 2308 praesupponenda,

991 2320 1077 2359 quod
1103 2328 1196 2350 omne
1219 2322 1454 2351 sacramentum
1479 2321 1607 2361 aliquod
1635 2322 1763 2361 signum

992 2372 1157 2403 essentiale
1172 2372 1283 2402 habeat
1297 2373 1454 2403 exterius:
1469 2373 1558 2404 nullo
1569 2374 1655 2404 enim
1670 2375 1763 2405 modo

991 2425 1103 2456 accidit
1117 2428 1314 2456 sacramento
1334 2434 1400 2456 esse
1425 2427 1567 2466 signum,
1583 2427 1637 2458 sed
1653 2436 1762 2458 essen-

991 2478 1063 2515 tiale
1075 2480 1121 2508 est
1136 2478 1328 2518 simpliciter.
1353 2478 1499 2518 Amplius
1519 2481 1764 2520 supponendum

991 2534 1048 2568 est,
1065 2531 1148 2571 quod
1164 2531 1196 2560 in
1211 2531 1298 2561 omni
1313 2540 1418 2570 sacro,
1436 2531 1469 2562 in
1489 2541 1554 2572 quo
1568 2533 1764 2573 imprimitur

990 2585 1166 2621 character,
1190 2584 1273 2615 istud
1297 2587 1344 2615 est
1366 2585 1531 2616 essentiale
1552 2589 1761 2625 sacramento,

955 2658 960 2664 .
992 2638 1099 2678 inquo
1113 2638 1180 2667 sive
1195 2646 1250 2677 per
1272 2637 1356 2676 quod
1378 2637 1538 2669 character
1554 2639 1761 2679 imprimitur.
