1991 3006
57 1025 91 1045 Ad
109 1030 159 1052 opp.

68 2519 171 2545 Fundmn,

171 198 228 226 57⁴2

170 264 263 295 modo
287 262 469 303 cognoverit
494 270 581 297 eain,
606 260 661 300 qui
686 269 749 290 non
767 259 881 295 habet,
908 259 936 287 et

169 319 276 347 tamen
301 316 368 346 sine
394 314 572 353 receptione
602 313 715 353 speciei
740 322 758 343 a
782 311 935 341 sensibus.

171 370 306 407 Quilibet
322 370 454 399 istorum
468 367 636 397 modorum
653 366 788 396 multum
805 368 851 395 est
864 373 937 404 pro-

170 423 292 454 babilis,
311 422 379 452 Alia
395 421 458 451 duo
475 422 591 460 patent.

211 479 238 506 4.
254 476 300 505 Ad
314 475 476 511 ultimum,
489 473 668 510 dicendum,
684 472 767 512 quod
780 470 940 502 beatitudo

170 529 327 569 appetitur
349 528 408 558 sub
437 527 557 557 ratione
585 526 757 563 commodi;
786 525 839 555 sed
863 523 941 554 illud

171 581 374 613 commodum
386 583 431 611 cst
447 580 611 620 proprium
626 582 749 609 naturae
766 578 939 615 rationalis⁷

171 636 245 675 quia
260 635 329 665 haec
343 636 407 664 sola
417 636 463 664 est
473 643 573 673 capax
588 633 640 664 Dei
656 642 710 672 per
724 632 941 671 coguitionem

172 690 203 719 et
230 697 382 718 amorem.
419 687 506 718 Unde
532 687 589 717 etsi
618 686 766 716 animalia
795 685 944 724 appetant

172 741 389 779 commodum,
414 740 491 771 illud
512 742 664 780 appetunt
689 739 727 770 ad
752 738 836 778 quod
858 739 941 768 sunt.

431 846 610 884 QUAESTIO
634 846 686 876 llI.

272 931 317 957 An
331 930 404 957 homo
420 931 457 957 sit
473 929 649 956 beatitudinis
664 928 812 962 subJ‘ectum
826 928 845 951 ¹.

217 1011 257 1041 De
291 1010 492 1041 beatitudinis
526 1009 667 1049 subjecto
681 1019 687 1047 ;
726 1010 755 1038 et
790 1007 946 1047 quaerItur

176 1067 285 1096 utrum
306 1065 401 1095 honio
419 1064 458 1093 sit
478 1064 657 1102 subjectum
678 1061 879 1092 beatitudinis
897 1070 944 1091 se—

176 1118 316 1148 cundum
338 1117 478 1148 animam
489 1141 496 1154 ,
526 1126 566 1146 an
596 1117 697 1145 totum
726 1116 944 1154 conjunctum.

176 1171 215 1202 Et
239 1171 321 1211 quod
344 1173 446 1201 totum
470 1172 692 1209 conjunctum,
719 1169 854 1199 videtur.
880 1168 945 1198 Au-

177 1224 341 1264 gustinus,
358 1224 390 1254 in
406 1224 485 1254 libro
500 1223 538 1255 de
556 1224 691 1255 Ciuitate
707 1223 785 1253 Dei²
798 1233 807 1251 :
820 1234 833 1250 α
852 1221 947 1252 Sum-

177 1287 266 1308 mum
289 1278 426 1315 bonum,
444 1287 462 1307 a
477 1286 540 1317 quo
554 1277 650 1307 homo
670 1276 782 1306 beatus
801 1275 946 1312 efficitur,

177 1340 216 1362 ex
232 1331 397 1370 utriusque
412 1331 457 1361 rei
472 1330 562 1361 bonis
579 1331 717 1367 constat,
739 1329 855 1359 animae
870 1328 950 1359 scili-

177 1386 242 1421 cet,
259 1386 289 1415 et
302 1384 452 1423 corporis.

218 1439 247 1468 2.
259 1437 335 1468 Item
350 1437 578 1476 Augustinus³‚
590 1437 627 1469 de
641 1437 766 1476 Spiritu
777 1438 805 1467 et
815 1437 948 1473 Am'ma,

178 1491 265 1529 dicit⁷
286 1491 370 1531 quod
384 1491 466 1522 Deus
485 1492 585 1522 faetus
600 1493 646 1521 est
666 1491 779 1528 honio,
796 1492 832 1520 ut
847 1492 950 1520 totum

179 1545 341 1575 hominem
354 1545 562 1583 beatificaret,
579 1545 718 1575 exterius
733 1553 787 1584 per
802 1543 950 1574 humani-

178 1600 292 1635 tatem,
310 1598 442 1629 interius
457 1608 513 1638 per
528 1599 738 1629 divinitatem.

219 1654 248 1682 3.
274 1651 352 1682 Item
376 1652 576 1690 A11se1mus'·‚
602 1652 758 1682 diffiniens
783 1650 950 1680 beatitudi-

179 1714 265 1741 neru,
281 1705 354 1735 dicit
370 1705 455 1745 quod
471 1709 516 1736 est
531 1705 718 1735 sufficientia
733 1704 878 1735 omnium
893 1704 949 1733 bo-

180 1767 313 1796 norum;
331 1761 362 1789 et
377 1759 459 1789 bona
474 1758 527 1788 illa
542 1758 653 1789 dividit
668 1758 700 1787 in
721 1757 804 1787 bona
824 1757 950 1794 animae,

180 1813 210 1842 et
224 1811 376 1851 corporis.

220 1869 249 1896 4.
276 1866 354 1896 Item
378 1866 499 1897 ratione
522 1866 670 1897 videtur:
689 1864 764 1905 quia
784 1864 953 1904 praemium

181 1920 347 1960 respondet
372 1920 482 1950 merito
507 1931 513 1950 ι
539 1919 592 1950 sed
617 1918 767 1949 meritum
791 1919 837 1948 est
857 1917 954 1947 totius

181 1973 356 2013 conjuncti,
379 1973 454 2012 quia
473 1973 580 2002 anima
595 1974 692 2002 exuta
707 1980 773 2001 non
787 1973 928 2001 meretur
945 1979 953 2000 ε

181 2036 258 2065 ergo
274 2035 339 2056 non
354 2026 579 2056 beatitudinem
595 2025 660 2055 sive
677 2024 857 2064 praemium.

223 2081 251 2109 5.
270 2079 347 2110 Item
362 2079 524 2110 beatitudo
539 2078 711 2118 opponitur
725 2077 861 2107 miseriae
876 2088 882 2106 ε
902 2077 955 2107 sed

183 2132 310 2163 miseria
324 2135 371 2163 est
383 2142 448 2163 non
460 2134 583 2162 tantum
594 2131 720 2167 animae,
733 2130 786 2160 sed
799 2130 893 2160 etiam
909 2131 955 2159 est

183 2185 279 2216 totius
296 2185 471 2225 conjuncti,
493 2185 632 2215 maxime
650 2184 772 2214 ratione
788 2183 929 2222 corporis
947 2193 953 2212 :

184 2249 274 2279 ergo,
291 2242 348 2270 etc.

224 2296 252 2323 6.
280 2293 372 2331 Item,
399 2293 424 2323 si
447 2292 608 2323 beatitudo
632 2292 763 2322 omnino
789 2290 958 2330 respiceret

185 2346 323 2376 animam
346 2348 382 2376 ut
408 2345 605 2385 subjectum,
635 2354 714 2384 ergo
740 2353 804 2374 non
832 2351 958 2374 necesse

185 2402 265 2430 esset
279 2408 394 2439 corpus
409 2409 580 2438 resurgere
595 2411 601 2430 z
619 2399 671 2430 sed
687 2407 813 2430 necesse
828 2400 875 2428 est
889 2406 958 2427 cor-

187 2463 245 2494 pus
260 2462 428 2492 resurgere
446 2464 453 2483 ι
473 2462 561 2491 ergo,
580 2455 637 2482 etc.

227 2508 339 2538 Contra
354 2518 361 2538 ι
375 2506 476 2546 Super
488 2506 565 2537 illud
582 2506 717 2536 Psatmi⁵
734 2518 741 2536 2
759 2507 858 2536 Beata
872 2512 957 2544 qenS,

220 2570 280 2600 ¹Cf·
301 2569 429 2597 Riehard„
448 2569 479 2593 1v
502 2568 581 2598 Sem„
600 2568 656 2591 dist.
676 2573 750 2597 xrlx,
766 2574 790 2597 q.
807 2572 840 2590 vn
856 2568 880 2589 et
896 2571 958 2593 v1113

189 2605 276 2635 steph.
294 2605 396 2633 Brutef.‚
414 2605 443 2628 lv
461 2604 540 2633 Seni„
556 2604 613 2627 dist.
631 2608 700 2628 max,
717 2610 742 2633 q.
759 2608 806 2632 1113
825 2602 913 2624 Petrus
928 2601 959 2623 de

187 2641 299 2671 Terent„
313 2641 342 2664 tv
356 2640 434 2670 Sem„
445 2639 502 2664 dist.
515 2645 590 2669 xmx,
601 2646 625 2670 q.
643 2644 671 2661 u.
686 2651 715 2655 —
729 2638 736 2651 ²
752 2638 827 2667 Aug„
843 2636 871 2658 tle
884 2636 959 2658 sivit.

189 2676 249 2706 Dei,
261 2675 305 2700 lib.
318 2676 384 2707 XIX,
399 2682 422 2700 c.
437 2681 474 2700 111.
485 2688 514 2694 -
530 2675 538 2689 ³
554 2675 606 2699 lmo
620 2675 719 2704 auctor,
731 2671 845 2704 quisquis
859 2670 900 2695 ille
916 2670 958 2701 sit,

723 188 1032 223 SENTENTIARUM
1053 188 1128 220 LIB.
1156 187 1203 217 lv.

991 256 1083 295 cujus
1106 256 1261 287 Dominus
1282 255 1380 293 Deus,
1404 258 1462 286 etc.
1483 254 1590 286 Glossa
1607 265 1614 286 :
1633 268 1647 285 ιι
1663 256 1764 287 Beati-

992 309 1069 339 tudo
1094 308 1233 338 hominis
1258 310 1383 338 tantum
1410 309 1441 338 in
1468 309 1575 338 anima
1601 311 1662 347 est,
1691 309 1766 349 quia

992 363 1098 392 anima
1123 362 1260 392 hominis
1288 364 1411 392 tantum
1439 370 1538 401 capax
1563 364 1625 399 est,
1659 362 1767 393 valens

993 416 1057 446 frui
1081 416 1144 446 illd.
1162 427 1175 443 ))

1035 469 1111 499 Item
1127 469 1248 499 ratione
1264 468 1405 503 videtur:
1427 468 1503 508 quia
1517 468 1676 499 beatitudo
1692 477 1766 499 con·

995 523 1075 552 sistit
1093 523 1124 552 in
1141 522 1216 559 Deo,
1241 522 1316 561 quia
1333 521 1399 560 ipse
1414 524 1459 551 est
1476 521 1547 551 finis
1567 521 1714 559 ultimus,
1735 522 1768 552 in

995 585 1057 615 quo
1073 575 1220 605 standum
1231 577 1295 605 est:
1309 575 1362 605 sed
1377 574 1463 604 solus
1476 574 1605 614 spiritus
1619 574 1658 605 ad
1670 574 1770 605 Deum

996 628 1167 659 videndun]
1194 630 1224 658 et
1248 628 1422 658 arnaudum
1446 627 1642 658 convertitur
1662 638 1668 658 z
1693 636 1770 667 ergo

996 681 1156 712 beatitudo
1172 683 1217 711 est
1234 681 1265 710 in
1282 680 1347 711 solo
1362 680 1486 720 spiritu.

1039 734 1129 771 Item,
1146 734 1305 764 beatitudo
1322 734 1434 772 gloriae
1449 734 1616 774 respondet
1633 734 1745 773 gratiae
1761 745 1768 765 :

998 789 1051 819 sed
1067 788 1181 827 gratia,
1194 797 1267 819 cum
1281 789 1315 818 fit
1331 788 1467 828 qualitas
1481 788 1663 828 spiritualis,
1676 790 1724 819 est
1738 789 1772 819 in

999 842 1128 872 homine
1144 842 1265 872 ratione
1280 841 1378 872 solius
1393 841 1509 872 animae
1525 852 1531 871 ε
1544 850 1624 880 ergo
1638 843 1668 871 et
1679 841 1774 872 beati-

999 895 1093 933 tudo;
1120 896 1195 935 quia
1219 898 1376 935 quantum
1400 905 1432 925 se
1452 895 1591 925 extendit
1614 895 1774 935 dispositio

1001 949 1039 979 ad
1056 950 1202 987 sormam,
1219 952 1343 980 tantum
1359 958 1391 980 se
1406 949 1547 979 extendit
1562 949 1672 979 forma.

1042 1002 1130 1040 Item,
1146 1003 1171 1032 si
1188 1002 1295 1042 aliqua
1310 1002 1413 1041 passio
1431 1002 1511 1032 inest
1525 1001 1684 1041 aliquibus
1699 1001 1773 1032 sub-

997 1056 1104 1095 Jectis‚
1130 1055 1210 1086 inest
1233 1054 1407 1085 secundum
1434 1054 1553 1094 aliquid
1577 1064 1772 1086 commune:

1001 1110 1054 1140 sed
1070 1109 1230 1139 beatitudo
1249 1109 1329 1139 inest
1350 1109 1465 1147 angelo
1485 1111 1514 1139 et
1534 1109 1655 1140 homini
1672 1121 1678 1140 :
1696 1119 1776 1150 ergo

1003 1163 1084 1192 inest
1101 1162 1276 1192 secundum
1293 1162 1411 1202 aliquid
1431 1171 1601 1194 commune
1616 1163 1732 1204 angelo
1747 1166 1778 1194 et

1003 1216 1126 1246 homiui
1145 1227 1150 1246 :
1168 1216 1221 1246 sed
1237 1225 1299 1246 non
1315 1217 1361 1245 est
1381 1215 1510 1255 aliquod
1530 1225 1699 1247 commune
1717 1226 1777 1247 an—

1005 1269 1077 1307 gelo
1102 1271 1132 1299 et
1158 1268 1296 1306 homini,
1322 1268 1382 1298 nisi
1405 1269 1552 1308 spiritus,
1578 1271 1609 1300 et
1630 1270 1778 1309 potentiae

1004 1322 1183 1361 spirituales
1205 1333 1211 1351 z
1237 1330 1314 1360 ergo
1337 1322 1498 1353 beatitudo
1525 1324 1573 1353 est
1596 1325 1720 1354 tantum
1745 1323 1780 1354 in

1005 1375 1144 1414 potentia
1160 1374 1326 1414 spirituali.

1046 1428 1136 1466 Item,
1149 1428 1174 1458 si
1186 1428 1291 1467 aliqua
1304 1427 1366 1458 duo
1377 1428 1616 1458 communicant
1630 1428 1662 1458 in
1676 1428 1781 1469 aliqua

1007 1484 1134 1519 natura,
1151 1483 1181 1511 et
1192 1490 1256 1511 non
1270 1482 1403 1520 possunt
1416 1481 1586 1511 convenire
1601 1481 1633 1511 in
1647 1490 1684 1512 eo
1697 1482 1781 1521 quod

1006 1534 1246 1574 superadditum
1270 1536 1316 1564 est
1339 1536 1478 1570 naturae,
1503 1533 1579 1564 illud
1599 1535 1781 1574 superaddi-

1007 1590 1077 1617 tum
1098 1596 1161 1617 non
1180 1587 1261 1616 inest
1283 1586 1458 1617 secundun]
1474 1589 1621 1617 naturam
1636 1587 1670 1618 in
1685 1597 1782 1628 quam

1008 1641 1246 1671 communicant
1262 1650 1268 1670 :
1287 1640 1339 1671 sed
1359 1641 1456 1671 homo
1476 1641 1690 1672 communicat
1710 1651 1783 1673 cum

1009 1695 1113 1725 brutis
1130 1694 1163 1724 iu
1183 1703 1329 1733 corpore,
1350 1696 1381 1724 et
1399 1694 1433 1723 in
1447 1694 1596 1733 potentiis
1611 1695 1782 1733 sentiendi,

1010 1750 1039 1778 et
1054 1757 1115 1778 non
1138 1749 1239 1786 potest
1258 1747 1494 1778 communicare
1513 1748 1547 1778 in
1566 1748 1781 1779 beatitudine:

1009 1811 1087 1841 ergo
1103 1801 1264 1832 beatitudo
1284 1810 1348 1831 non
1363 1801 1444 1831 inest
1463 1801 1639 1832 secundum
1658 1810 1783 1841 corpus,

1273 1916 1498 1948 CONCLUSIO.

1014 2004 1159 2030 Beatitudo
1184 2006 1221 2030 est
1245 2004 1274 2030 in
1297 2002 1355 2029 sola
1383 2003 1473 2029 anima
1498 2006 1530 2030 ut
1551 2005 1581 2030 in
1605 2003 1718 2038 subjecto
1738 2011 1789 2038 per

1048 2049 1249 2079 inhaerentiam,
1274 2049 1304 2074 in
1332 2055 1439 2082 corpore
1465 2055 1526 2074 vero
1560 2056 1608 2084 pro
1634 2048 1788 2075 redundan-

1050 2095 1127 2120 tiam.

1055 2177 1147 2216 Resp.
1175 2176 1213 2206 ad
1241 2184 1310 2214 arg.
1338 2175 1384 2205 Ad
1411 2175 1469 2205 hoc
1497 2175 1647 2206 dixerunt
1671 2176 1788 2216 aliqui,

1013 2231 1097 2271 quod
1118 2229 1278 2260 beatitudo
1301 2229 1414 2259 dicitur
1435 2229 1601 2269 dupliciter
1620 2241 1626 2260 :
1644 2230 1790 2270 proprie,

1013 2286 1043 2315 et
1073 2283 1283 2314 communiter
1309 2293 1315 2313 :
1340 2283 1466 2322 proprie
1494 2285 1541 2313 est
1567 2283 1724 2322 gaudium
1754 2283 1792 2313 de

1014 2337 1251 2378 participatione
1274 2335 1327 2366 Dei
1347 2335 1483 2375 perfecta
1503 2345 1559 2375 per
1575 2336 1792 2375 cognitionem

1014 2394 1045 2422 et
1058 2398 1218 2426 amorem;
1242 2388 1453 2419 communiter
1467 2397 1544 2419 vero
1558 2388 1674 2419 dicitur
1687 2389 1792 2419 omnis
1808 2401 1885 2427 opinio
1896 2402 1913 2421 ι.

1015 2442 1230 2475 remuneratio
1259 2441 1431 2472 excludens
1457 2451 1585 2472 omnem
1616 2442 1792 2473 miseriam.

1017 2497 1124 2529 Primo
1146 2495 1240 2526 modo
1262 2494 1499 2534 comprehendit
1522 2495 1693 2534 praemium
1716 2495 1791 2525 sub-

1016 2560 1059 2583 lib.
1079 2558 1108 2581 de
1124 2557 1193 2588 spir.
1219 2558 1241 2579 c!
1265 2557 1361 2585 Arum.¹
1383 2564 1404 2579 c.
1431 2562 1472 2586 lx,
1491 2556 1555 2579 inter
1578 2563 1648 2586 oper.
1670 2558 1696 2581 S.
1721 2557 1797 2587 Aug„

1019 2593 1134 2626 Append.
1151 2594 1213 2616 tom.
1238 2592 1284 2621 vt,
1306 2591 1365 2615 edit.
1385 2591 1490 2622 Bened.;
1513 2591 1567 2621 ipse
1590 2585 1653 2615 vero
1669 2592 1745 2622 Aug„
1767 2591 1799 2614 de

1020 2632 1096 2654 Cimt.
1121 2628 1178 2656 Dei,
1196 2627 1240 2651 lib.
1260 2628 1295 2657 X,
1311 2634 1333 2651 e.
1349 2633 1430 2652 xxvu.
1447 2640 1478 2644 —
1494 2627 1503 2643 ⁸
1519 2627 1644 2657 Anselm„
1666 2626 1718 2651 Cur·
1733 2627 1799 2651 Deus

1020 2667 1106 2695 homo,
1124 2663 1168 2688 lib.
1186 2663 1217 2694 u,
1233 2670 1255 2687 c.
1271 2668 1343 2687 xxiv.
1358 2676 1386 2681 -
1402 2662 1490 2688 ιῬειτι.
1507 2668 1589 2693 xxxn,
1606 2663 1643 2687 12.
