1991 3006
190 188 248 217 294

188 253 214 284 si
228 253 436 284 ecclesiastica
449 251 605 282 institutio
625 253 781 291 quantum
801 251 839 281 ad
859 250 955 281 absti-

188 307 328 337 nentiam
362 306 421 336 eibi
456 308 502 336 est
533 305 710 337 necessario
740 304 956 342 observanda,

188 360 288 391 multo
303 359 415 390 fortius
431 361 588 399 quantum
601 359 640 389 ad
654 358 783 389 coitum.

461 474 684 506 CONCLUSIO.

206 557 301 584 Dc'ebits
322 557 483 584 solemnibus
495 558 582 592 petere
597 557 711 583 debitum
726 557 806 590 culpet
825 557 877 588 est,
890 563 940 581 non

462 605 549 629 autem
564 601 680 628 reddere.

228 682 321 722 Resp.
337 682 377 713 ad
391 691 463 721 arg.
481 681 654 712 Dicendum
669 682 772 721 quod,
790 681 872 712 sicut
884 681 959 712 dicit

186 735 338 775 Magister
350 758 358 773 ‚
374 735 516 766 debitum
531 744 656 774 semper
673 736 719 765 est
741 734 879 774 poscenti
894 734 958 765 sol-

185 789 325 820 vendum
338 813 345 827 ,
371 797 437 819 non
457 791 564 819 tamen
585 796 709 827 semper
733 787 805 818 licet
823 790 929 827 petere
948 798 956 819 :

185 843 278 882 cujus
295 841 376 872 ratio
398 844 465 879 est,
482 841 557 881 quia
580 841 711 871 reddere
726 842 772 871 est
788 841 956 871 necessita-

184 896 244 933 tiS,
268 895 321 926 sed
338 896 443 934 petere
465 896 512 925 est
533 894 706 925 voluntatis
725 905 731 924 :
754 897 785 925 et
809 894 842 925 in
860 895 958 925 sacris

184 948 486 980 diebusinordinatae
497 948 670 988 voluptatis
680 950 728 979 est
738 951 843 988 petere
854 960 861 987 ;
872 949 958 988 quod

183 1003 269 1041 patet
283 1001 343 1032 sic:
362 1001 555 1041 conjugium
568 1001 654 1032 enim
669 1002 792 1033 ratione
806 1002 854 1032 sui
870 1004 959 1033 actus

184 1057 230 1085 est
243 1055 421 1085 remedium
434 1079 442 1094 ,
461 1055 514 1086 sed
528 1064 593 1085 non
607 1055 738 1086 omnino
755 1064 886 1093 curans,
903 1056 957 1086 sed

183 1116 347 1139 excusans.
365 1108 454 1139 Unde
477 1109 510 1139 in
533 1110 606 1139 actu
629 1109 793 1148 conjugali
809 1111 854 1139 est
878 1118 958 1148 opus

183 1161 302 1198 carnis,
318 1162 403 1201 quod
418 1161 515 1192 trahit
534 1162 674 1192 animam
695 1162 856 1200 deorsum,
874 1164 904 1193 et
918 1163 957 1193 ad

182 1216 310 1245 terrena
329 1215 533 1254 sapiendum,
550 1216 581 1245 et
596 1214 691 1245 etiam
713 1215 752 1245 ad
777 1215 958 1246 delectatio-

182 1276 257 1298 nem
285 1268 498 1299 sentiendum.
529 1267 689 1305 Quoniam
716 1267 820 1306 igitur
858 1268 958 1308 aliqui

184 1323 259 1352 sunt
275 1321 359 1359 dies,
380 1322 414 1351 in
437 1321 554 1361 quibus
576 1321 669 1352 debet
691 1321 800 1352 anima
821 1322 959 1352 sanctifi-

184 1375 264 1413 cari,
281 1377 312 1406 et
326 1384 498 1413 assurgere
514 1374 553 1405 ad
574 1374 682 1405 divina
696 1397 704 1411 ‚
717 1377 826 1414 utpote
848 1376 958 1406 solem-

184 1428 298 1459 nitates
312 1428 474 1469 praeclarae
487 1452 495 1466 ,
512 1430 586 1459 sunt
601 1428 696 1459 etiam
711 1428 808 1468 aliqui
822 1429 887 1459 dies
898 1453 907 1467 ,
924 1430 958 1460 in

184 1482 300 1521 quibus
323 1482 414 1513 debet
433 1482 542 1512 anima
563 1482 684 1521 affligi,
700 1483 808 1521 utpote
820 1484 863 1522 jej
871 1482 957 1513 unio-

183 1544 258 1566 rum
266 1559 276 1574 ,
294 1537 325 1566 et
339 1535 578 1575 processionum
596 1546 602 1566 ε
619 1535 690 1565 ideo
706 1535 898 1566 conveniens
912 1538 958 1566 est

184 1589 217 1619 in
231 1589 348 1619 talibus
370 1588 568 1628 temporibus
589 1588 629 1619 ab
648 1588 702 1618 illo
722 1590 795 1618 actu
810 1597 931 1619 cessare
949 1600 955 1620 ε

184 1644 215 1672 et
238 1642 308 1672 ideo
328 1642 427 1672 saneti
450 1643 554 1681 patres
576 1641 800 1679 institueruut3
826 1651 890 1672 non
914 1644 957 1673 ta-

186 1703 260 1724 men
267 1693 473 1724 instituerunt
482 1695 637 1733 tanquam
648 1695 843 1733 praeceptum
846 1717 855 1732 ,
866 1702 959 1734 prop-

185 1749 232 1778 ter
262 1746 365 1777 carnis
390 1747 550 1777 lubricum
567 1771 575 1785 ,
602 1747 687 1786 quod
716 1747 748 1776 in
774 1747 882 1777 multis
911 1750 958 1778 est

185 1809 344 1839 magnum
359 1810 366 1830 :
384 1802 414 1830 et
429 1800 503 1840 quia
513 1809 578 1830 non
591 1802 746 1839 tanquam
761 1803 957 1840 przeceptum

184 1854 409 1892 instituerunt,
423 1863 482 1884 nec
491 1843 683 1894 Jus'petendi
695 1853 838 1884 debitum
853 1854 959 1884 ahstu-

184 1908 289 1938 lerunt
300 1931 310 1946 ,
329 1907 399 1938 ideo
422 1916 495 1938 cum
511 1907 629 1947 petitur
640 1930 650 1945 ,
666 1909 774 1937 manet
790 1907 958 1938 necessitas

186 1960 225 1990 ad
246 1960 453 1991 reddendum.
478 1961 549 1991 Ideo
570 1960 738 1991 dicendum
762 1960 846 1999 quod
870 1960 958 1991 reddi

186 2015 288 2053 potest
307 2013 374 2044 sine
389 2014 476 2044 omni
494 2014 586 2054 culpa
605 2014 639 2044 in
657 2013 718 2043 illis
735 2013 862 2051 diebus,
880 2014 957 2044 dum

187 2069 294 2097 tamen
308 2066 458 2097 reddatur
472 2075 545 2096 eum
565 2066 771 2106 displicentia,
789 2068 819 2096 et
837 2066 955 2097 dolore.

189 2119 254 2150 Peti
274 2121 380 2150 autem
396 2128 461 2150 non
476 2121 577 2159 potest
598 2119 666 2150 sine
686 2118 797 2158 eulpa,
818 2121 850 2150 et
872 2119 897 2149 si
912 2129 959 2150 as-

187 2173 295 2212 pectus
310 2172 351 2203 sit
374 2173 413 2203 ad
431 2173 668 2204 delectationem
680 2197 687 2211 ,
708 2173 819 2211 gravis
833 2175 879 2204 est
894 2173 959 2204 cul-

187 2235 243 2266 pa;
266 2226 292 2256 si
312 2228 421 2257 autem
440 2226 479 2257 ad
498 2226 658 2257 lubricum
682 2226 801 2264 carnis,
823 2228 853 2256 et
867 2235 959 2257 suam

187 2279 423 2317 infirmitatem,
446 2281 538 2320 cujus
560 2282 607 2310 est
626 2279 788 2318 conscius,
817 2280 865 2310 vel
889 2289 960 2311 con-

188 2331 318 2362 scientia
336 2332 541 2364 vehementer
562 2333 669 2371 timet,
694 2335 725 2363 et
748 2335 879 2373 propter
899 2333 960 2364 hoe

188 2384 275 2424 petit,
292 2385 415 2416 veniale
425 2388 525 2425 potest
539 2395 605 2417 esse
619 2388 782 2426 peccatum
797 2397 803 2416 :
819 2388 959 2417 attamen

188 2437 244 2468 vix
260 2438 429 2478 contingit,
445 2439 530 2479 quod
542 2440 576 2470 in
587 2440 755 2480 praecipuis
768 2439 880 2470 diebus
894 2448 960 2470 non

189 2491 227 2521 sit
243 2500 343 2530 grave
357 2494 533 2531 peceatum.
546 2493 758 2524 Concedendae
769 2493 871 2532 igitur
887 2495 960 2524 sunt

189 2544 344 2584 rationes,
365 2545 450 2585 quod
474 2545 565 2576 debet
587 2546 692 2583 reddi,
713 2546 790 2586 quia
805 2555 870 2577 non
884 2555 960 2587 pos—

190 2601 263 2629 sunt
273 2608 307 2630 se
316 2599 461 2630 fraudare
476 2598 589 2629 nisiex
601 2607 766 2629 consensu.
782 2599 869 2629 Unde
883 2602 960 2629 tem-

191 2661 251 2692 pus
266 2653 445 2684 orationum
458 2661 523 2683 non
537 2653 655 2683 sufficit
668 2652 707 2683 ad
723 2652 957 2690 abstinendum,

745 181 1056 215 SENTENTIARUM
1078 182 1151 214 LlB.
1175 182 1225 214 lV.

1015 251 1075 281 nisi
1092 251 1172 282 adsit
1186 251 1282 281 etiam
1296 252 1428 282 mutuus
1441 260 1630 290 cousensus,
1646 253 1726 284 sicut
1738 253 1782 284 in-

1015 304 1084 334 nuit
1097 303 1279 343 Apostolus.

1059 361 1067 387 l
1087 359 1118 387 et
1132 359 1162 387 2.
1177 357 1225 387 Ad
1241 357 1318 388 illud
1335 366 1414 397 ergo
1431 358 1516 397 quod
1530 359 1689 398 objicitur,
1700 360 1784 399 quod

1014 410 1184 441 christiano
1212 419 1275 441 nou
1303 410 1374 441 licet
1403 412 1591 449 convenire,
1615 412 1784 443 dicendum

1014 464 1097 503 quod
1113 472 1177 494 nou
1191 463 1266 494 dicit
1285 464 1344 494 hoc
1359 466 1486 504 propter
1506 465 1587 503 hoe,
1602 465 1686 505 quod
1707 465 1785 496 illud

1013 517 1052 547 sit
1066 519 1227 557 peccatum
1245 517 1391 555 mortale,
1414 520 1444 548 et
1465 519 1534 558 ejus
1551 518 1732 558 oppositum
1745 519 1785 549 sit

1014 570 1046 600 in
1062 573 1235 610 p1·a:cepto;
1248 570 1302 601 sed
1316 571 1392 611 quia
1413 572 1586 611 quamdam
1600 571 1783 603 inhonesta-

1012 625 1076 654 tem
1090 624 1200 654 habet:
1214 626 1243 654 et
1253 624 1312 654 hoc
1324 626 1407 663 patet
1422 624 1454 654 in
1463 624 1573 654 eadem
1586 624 1783 662 auctoritate,

1013 677 1089 716 quia
1112 677 1185 707 dicit
1202 701 1209 714 ,
1227 677 1310 716 quod
1332 677 1367 708 in
1382 677 1497 708 talibus
1512 677 1624 708 diebus
1639 677 1752 708 debent
1767 687 1786 708 a

1012 730 1102 761 licitis
1117 732 1302 770 temperare.
1320 730 1356 760 Et
1376 731 1433 761 hoc
1449 731 1535 768 dico,
1553 731 1612 761 nisi
1628 733 1786 771 contemp-

1014 785 1065 814 tus
1081 784 1287 814 solemnitatis
1301 784 1500 823 interveniat,
1516 785 1596 815 sicut
1611 785 1670 815 suit
1684 785 1717 816 iu
1733 785 1785 815 illa

1013 837 1146 868 muliere
1162 861 1171 875 ,
1194 837 1232 868 de
1254 847 1318 877 qua
1341 838 1482 878 loquitur
1503 838 1697 877 Gregorius,
1713 847 1786 878 quae

1014 891 1071 921 ivit
1083 891 1122 921 ad
1137 891 1382 930 processionem.

1055 946 1083 974 3.
1101 943 1150 974 Ad
1166 944 1244 974 illud
1260 953 1337 975 vero
1352 944 1437 984 quod
1452 945 1612 984 objicitur,
1624 945 1709 984 quod
1722 953 1786 976 non

1014 998 1105 1029 debet
1125 998 1212 1029 reddi
1234 1000 1362 1038 propter
1379 999 1640 1029 communionem
1653 1023 1661 1037 ,
1683 999 1787 1030 dicen-

1013 1052 1091 1082 dum
1104 1052 1189 1092 quod
1211 1061 1284 1082 cuin
1304 1052 1438 1082 reddens
1451 1061 1526 1082 cum
1540 1052 1647 1082 dolore
1662 1054 1693 1082 et
1707 1052 1787 1082 invi-

1013 1108 1064 1136 tus
1093 1105 1213 1143 reddit„
1235 1114 1298 1136 nou
1323 1107 1480 1143 arctatur,
1504 1114 1561 1135 nec
1580 1105 1619 1135 ab
1639 1105 1788 1144 ingressu

1013 1159 1150 1190 eeclesiae
1165 1183 1172 1196 ,
1194 1168 1251 1190 nec
1265 1168 1283 1189 a
1304 1159 1550 1190 communione:
1570 1161 1676 1190 tamen
1698 1168 1784 1190 com-

1015 1212 1126 1242 munio
1149 1213 1255 1252 posset
1279 1212 1317 1242 de
1344 1220 1498 1242 consensu
1527 1211 1696 1242 sacerdotis
1727 1211 1787 1242 dif-

1014 1265 1099 1296 ferri.

1054 1322 1083 1350 »1.
1107 1319 1154 1350 Ad
1178 1319 1255 1350 illud
1280 1319 1365 1359 quod
1386 1319 1549 1358 objicitur,
1575 1320 1660 1360 quod
1685 1322 1732 1351 est
1744 1320 1785 1351 ibi

1017 1382 1185 1411 excessus,
1206 1373 1376 1404 dicendum
1395 1373 1480 1413 quod
1503 1382 1568 1404 non
1583 1375 1629 1404 est
1642 1382 1788 1404 excessus

1013 1435 1053 1457 ex
1075 1428 1164 1466 parte
1186 1426 1360 1464 reddentis,
1384 1435 1441 1456 nec
1463 1426 1557 1456 etiam
1580 1435 1620 1456 ex
1635 1428 1723 1466 parte
1738 1435 1788 1466 pe-

1015 1480 1119 1517 tentiS,
1137 1489 1210 1510 eum
1222 1480 1323 1519 exigit
1344 1479 1510 1510 necessitas
1525 1491 1531 1510 ς
1549 1480 1573 1509 si
1592 1479 1678 1510 enim
1691 1488 1786 1519 prop-

1013 1535 1061 1563 ter
1075 1533 1253 1573 periculum
1268 1533 1376 1570 faciat,
1396 1542 1460 1563 non
1477 1535 1522 1563 est
1537 1542 1684 1564 excessus
1699 1541 1783 1564 mor-

1012 1587 1094 1625 talis,
1107 1587 1162 1618 sed
1176 1587 1319 1618 venialis.

1054 1643 1082 1671 5.
1099 1640 1146 1671 Ad
1161 1641 1246 1671 aliud
1262 1641 1431 1671 dicendum
1447 1640 1531 1680 quod
1546 1649 1611 1671 non
1625 1642 1671 1671 est.
1685 1640 1788 1671 simile

1015 1695 1053 1725 de
1067 1695 1153 1733 loco,
1169 1695 1244 1735 quia
1263 1695 1296 1725 iu
1318 1694 1386 1725 loco
1406 1697 1452 1725 est
1471 1694 1662 1725 consecratio
1683 1703 1788 1724 sacra-

1015 1748 1130 1785 menti,
1148 1750 1178 1778 et
1193 1748 1354 1788 deputatio
1370 1748 1408 1779 ad
1424 1757 1519 1788 opera
1536 1748 1646 1779 divina
1663 1748 1785 1779 solum:

1015 1801 1084 1832 idco
1100 1804 1273 1832 temeratur
1288 1801 1376 1832 locus
1392 1810 1480 1832 sacer
1495 1812 1502 1831 :
1519 1803 1565 1831 est
1580 1801 1664 1831 enim
1680 1809 1789 1831 mensa

1015 1855 1141 1894 propria
1158 1865 1164 1885 ε
1183 1854 1236 1885 sed
1251 1856 1378 1894 tempus
1394 1863 1458 1885 non
1474 1854 1518 1885 sie
1532 1854 1662 1885 omnino
1683 1853 1787 1894 depu-

1015 1910 1111 1939 tatur.

1055 1964 1084 1992 6.
1110 1961 1157 1991 Ad
1182 1961 1333 1992 ultimum
1354 1961 1524 1992 dicendum
1548 1961 1630 2001 quod
1655 1971 1720 1992 non
1741 1963 1789 1992 est

1015 2017 1141 2045 tantum
1161 2014 1338 2054 periculum
1357 2023 1415 2044 nee
1434 2014 1594 2045 lubricum
1614 2014 1646 2045 in
1667 2017 1765 2054 gustu
1778 2038 1786 2051 ,

1015 2068 1095 2098 sicut
1109 2068 1142 2097 in
1157 2070 1242 2098 tactu
1257 2077 1264 2098 :
1282 2069 1311 2097 et
1326 2067 1396 2097 ideo
1411 2068 1590 2098 institutum
1613 2070 1659 2098 est
1679 2068 1717 2098 de
1737 2069 1786 2107 J'e-

1012 2122 1105 2160 Junio
1128 2120 1187 2151 sub
1211 2122 1385 2160 praeeepto;
1413 2120 1466 2150 sed
1492 2120 1530 2151 de
1552 2121 1724 2152 cessatione
1749 2122 1788 2152 ab

1016 2174 1166 2214 amplexu
1181 2175 1228 2204 est
1248 2173 1415 2204 consilium
1434 2174 1574 2204 maxime
1593 2175 1787 2214 conjugatis,

1016 2227 1070 2267 qui
1086 2227 1223 2258 invicem
1237 2227 1432 2257 cohabitant.
1446 2227 1510 2257 Hoc
1522 2227 1589 2258 sine
1604 2227 1789 2267 praejudicio

1016 2282 1055 2312 sit
1070 2282 1208 2319 dictum,
1226 2290 1283 2322 pro
1297 2290 1335 2312 eo
1355 2281 1438 2321 quod
1460 2282 1559 2312 saneti
1578 2281 1726 2312 videntur
1741 2283 1788 2312 ta-

1017 2335 1081 2366 lem
1110 2334 1226 2366 coitum
1257 2343 1449 2374 aggravare,
1479 2335 1560 2365 sicut
1587 2334 1788 2365 auctoritates

1017 2387 1202 2427 Hieronymi
1226 2388 1260 2417 in
1280 2387 1383 2418 littera
1405 2387 1553 2417 videntur
1573 2387 1700 2418 sentire.
1726 2387 1788 2429 Sed

1016 2440 1259 2479 intelligendum
1288 2442 1351 2478 est,
1378 2439 1462 2480 quod
1487 2440 1586 2470 saneti
1612 2439 1697 2470 istud
1723 2430 1792 2471 non*

1016 2493 1269 2534 prohibuerunt,
1294 2493 1433 2524 maxime
1452 2501 1525 2523 oum
1546 2492 1716 2532 Apostolus
1738 2493 1785 2524 di-

1017 2548 1065 2577 cat
1076 2571 1085 2584 ,
1102 2546 1186 2586 quod
1201 2548 1328 2586 propter
1344 2546 1518 2576 orationem
1534 2554 1597 2575 nou
1613 2545 1726 2576 debent
1742 2547 1786 2576 iu-

1017 2600 1119 2631 vicem
1144 2598 1290 2629 fraudare
1312 2598 1373 2628 nisi
1397 2608 1436 2628 ex
1461 2607 1615 2629 consensu
1635 2610 1641 2628 :
1664 2601 1695 2629 et
1716 2599 1786 2630 ideo

1017 2652 1252 2684 concedendum
1267 2654 1312 2682 est
1326 2651 1408 2682 istud
1427 2652 1529 2691 magis
1545 2661 1611 2682 esse
1633 2652 1783 2690 congrui—
