1871 2986
730 223 919 255 DISTINCT.
941 223 1029 255 XLV.
1620 229 1678 258 505

90 299 127 327 ut
141 294 263 339 possint
278 293 323 326 eis
340 293 405 326 haec
419 292 514 325 utilia
529 303 595 324 esse
610 295 680 336 post
700 294 848 324 mortem.
865 293 945 324 Nam
961 291 1018 335 qui
1040 291 1109 324 sine
1124 291 1188 324 fide
1204 296 1358 336 operante
1374 303 1431 336 per
1446 292 1653 326 dilectionem
1667 320 1675 335 ,

90 352 226 396 ejusque
239 350 466 391 sacramentis,
484 350 523 382 de
538 361 671 393 corpore
689 350 857 389 exierunt,
876 349 997 381 frustra
1018 348 1081 381 illis
1097 360 1115 381 a
1130 349 1196 381 suis
1219 349 1407 393 hujusmodi
1422 350 1551 394 pietatis
1568 351 1676 384 officia

92 408 351 453 impenduntur3
369 408 418 452 cuj
426 419 462 440 ns
477 407 555 439 dum
572 407 623 439 hic
638 411 742 439 essent
758 407 894 450 pignore
914 410 1102 446 caruerunt,
1119 417 1185 439 non
1202 407 1455 440 misericordiam
1471 408 1532 440 sibi
1548 409 1678 442 thesau-

92 467 249 506 rizantes,
266 465 320 498 sed
336 466 429 497 iram.
448 464 520 497 Non
543 475 619 507 ergo
645 463 782 496 mortuis
803 475 889 496 nova
914 464 1029 496 merita
1049 468 1301 507 comparantur,
1318 476 1392 497 cum
1415 476 1474 509 pro
1489 466 1534 498 eis
1549 466 1675 510 aliquid

91 523 168 556 boni
190 527 367 567 operantur
390 522 468 563 sui;
496 522 550 554 sed
575 533 687 554 eorum
714 521 838 553 meritis
861 521 1118 565 praecedentibus
1142 522 1374 566 consequentia
1397 522 1458 555 ista
1479 523 1673 557 redduntur.

91 580 173 613 Nam
188 581 284 613 istam
304 580 444 624 quisque
465 579 583 611 finiens
601 579 724 619 vitam,
745 578 808 610 nisi
830 579 917 622 quod
935 579 968 610 in
984 590 1021 611 ea
1037 579 1214 619 meruerit,
1237 590 1301 611 non
1324 579 1440 622 poterit
1463 580 1582 613 habere
1609 584 1678 624 post

92 649 208 671 eam.»
227 638 305 670 Ecce
327 637 448 681 quibus
471 640 501 668 et
523 636 665 680 qualiter
689 640 824 679 prosunt
847 636 904 668 illa
919 662 926 676 ,
951 647 1024 680 quie
1049 647 1106 679 pro
1131 636 1292 668 defunctis
1314 636 1499 680 frequentat
1522 638 1674 670 Ecclesia.

91 695 296 728 Mediocriter
316 694 410 727 malis
433 694 656 736 suffragantur
678 693 717 726 ad
736 704 838 737 poenoe
862 694 1098 736 mitigationem
1114 707 1121 733 3
1140 694 1344 726 mediocriter
1366 695 1459 726 bonis
1483 695 1522 727 ad
1546 695 1677 739 plenam

91 753 329 785 absolutionem
343 779 350 793 ‚
368 752 426 796 qui
449 763 514 784 non
536 751 657 784 habent
681 755 778 784 tantae
799 752 1005 795 perfectionis
1027 751 1160 792 merita,
1178 755 1215 783 ut
1231 763 1296 784 non
1310 752 1478 794 indigeant
1494 753 1604 795 juvari
1621 764 1677 796 per

92 821 265 855 pauperes,
289 821 430 854 quornm
455 815 500 842 est
523 821 661 852 regnum
685 809 843 841 coelorum
862 813 894 849 ¹,
921 820 1004 853 quos
1024 809 1086 840 sibi
1113 809 1260 841 fecerunt
1282 809 1402 841 amicos
1426 809 1465 841 de
1492 821 1679 843 mammona

93 868 276 912 iniquitatis
291 869 301 884 ²
315 880 321 899 z
339 879 481 911 qnorum
498 871 587 900 tanta
602 871 649 899 est
664 867 816 910 perfectio
832 892 839 907 ,
858 871 893 898 ut
915 866 965 898 his
980 866 1153 910 adjutoriis
1167 877 1232 899 non
1259 866 1425 909 indigeant
1444 879 1450 899 :
1467 867 1580 911 quales
1604 872 1680 900 sunt

94 925 229 969 apostoli
245 929 275 957 et
292 929 461 969 martyres.
480 925 523 957 Ut
538 925 626 956 enim
642 924 687 956 ait
704 924 911 966 Augustinus
928 927 938 942 ³
952 951 960 965 ,
978 924 1099 967 injuria
1121 927 1168 956 est
1182 935 1240 968 pro
1257 928 1398 968 martyre
1414 935 1506 957 orare
1523 925 1558 957 in
1573 925 1680 958 Eccle-

93 982 140 1015 sia
154 1009 161 1023 ‚
176 982 269 1026 eujus
285 993 343 1015 nos
364 982 519 1014 dehemus
535 982 738 1015 orationihus
753 982 974 1014 commendari
989 995 996 1023 3
1015 993 1072 1025 pro
1089 982 1161 1014 aliis
1177 986 1286 1014 autem
1302 982 1463 1015 defunctis
1478 987 1601 1015 oratur.

139 1040 183 1072 De
209 1039 334 1083 pompis
358 1050 433 1072 vero
458 1039 672 1083 exequiarum
693 1039 777 1071 idem
795 1039 1002 1082 Augustinus
1016 1039 1061 1071 ita
1075 1039 1152 1072 dicit
1167 1040 1175 1054 Δ
1192 1052 1198 1071 ;
1220 1052 1236 1070 ι(
1252 1040 1376 1084 Pompa
1390 1040 1532 1082 funeris,
1550 1040 1682 1084 agmina

94 1097 308 1141 exequiarum
324 1123 331 1137 ‚
352 1100 543 1140 sumptuosa
566 1097 739 1139 diligentia
763 1097 941 1140 sepulturae
956 1123 963 1137 ‚
986 1097 1137 1129 vivorum
1163 1101 1240 1129 sunt
1264 1098 1519 1142 qualiacumque
1544 1097 1681 1139 solatia,

94 1166 159 1188 non
178 1154 340 1199 adjutoria
356 1158 574 1187 mortuorum.
592 1155 677 1193 Quia
698 1154 724 1187 si
740 1154 864 1198 aliquid
880 1154 1010 1198 prodest
1024 1154 1124 1198 impio
1145 1155 1314 1198 sepultura
1333 1155 1474 1199 pretiosa
1485 1181 1493 1196 ‚
1510 1155 1614 1187 oberit
1630 1155 1683 1199 pio

94 1212 169 1245 vilis
185 1239 192 1254 ,
211 1212 263 1245 vel
279 1212 382 1245 nulla.
408 1212 584 1245 Proeelaras
607 1212 761 1256 exequias
781 1212 815 1244 in
836 1216 1010 1256 conspectu
1032 1212 1204 1245 hominum
1219 1216 1400 1256 purpurato
1415 1213 1465 1244 illi
1481 1212 1575 1245 diviti
1594 1212 1684 1244 exhi-

94 1270 166 1302 buit
180 1270 276 1303 turba
299 1269 500 1302 famulorum
516 1283 522 1311 3
541 1269 595 1302 sed
612 1269 716 1301 multo
732 1269 884 1302 clariores
908 1270 941 1302 in
962 1274 1134 1314 conspectu
1152 1270 1282 1303 Domini
1307 1270 1454 1303 ulceroso
1478 1270 1527 1303 illi
1548 1270 1685 1314 pauperi

95 1327 313 1360 ministerium
328 1327 478 1359 exhibuit
493 1327 686 1369 angelorum
702 1353 709 1367 ,
727 1327 785 1371 qui
800 1338 875 1359 eum
892 1328 1083 1359 extulerunt
1098 1339 1163 1359 non
1183 1328 1217 1360 in
1244 1338 1465 1360 marmoreum
1489 1328 1657 1360 tumulum
1675 1353 1682 1368 ,

94 1384 148 1417 sed
163 1385 198 1416 in
213 1384 356 1417 Abrahae
371 1384 546 1427 gremium.
566 1384 616 1416 Sit
631 1388 743 1417 tamen
758 1395 836 1416 cura
852 1388 999 1417 mortuos
1014 1385 1192 1429 sepeliendi
1210 1410 1218 1426 ,
1234 1389 1265 1417 et
1281 1386 1429 1429 sepulcra
1451 1384 1682 1425 construendi;

95 1443 172 1486 quia
187 1443 254 1476 haec
268 1442 302 1474 in
318 1442 494 1486 Seripturis
509 1442 626 1475 sanctis
642 1443 726 1475 inter
742 1443 827 1475 bona
842 1453 941 1486 opera
955 1442 1109 1486 deputata
1125 1446 1221 1483 sunt;
1240 1454 1299 1474 neo
1323 1443 1428 1475 solum
1445 1443 1479 1474 in
1495 1442 1685 1486 corporibus

96 1499 355 1544 patriarcharum
367 1525 375 1541 ,
391 1500 600 1543 aliorumque
616 1503 802 1532 sanctorum
821 1499 830 1514 ⁵
845 1526 852 1540 ,
871 1500 924 1532 sed
939 1500 1035 1532 etiam
1053 1500 1086 1532 in
1108 1500 1212 1543 ipsius
1227 1500 1358 1532 Domini
1378 1511 1512 1543 corpore
1528 1525 1534 1540 ,
1551 1499 1609 1543 qui
1625 1499 1686 1531 ista

95 1557 261 1598 fecerunt,
278 1557 403 1589 laudati
420 1560 508 1589 sunt.
528 1557 690 1601 Impleant
705 1557 807 1599 igitur
821 1556 970 1589 homines
986 1568 1063 1600 erga
1077 1568 1153 1589 suos
1169 1557 1277 1589 officia
1296 1557 1451 1600 postremi
1469 1556 1614 1589 muneris
1631 1582 1638 1597 ‚
1656 1560 1688 1589 et

94 1615 144 1647 sui
157 1614 293 1647 humani
307 1615 485 1647 lenimenta
501 1615 659 1648 moeroris.
681 1615 806 1647 Verum
823 1615 880 1647 illa
895 1626 969 1658 qua»
985 1614 1141 1658 adjuvant
1156 1614 1289 1658 spiritus
1304 1614 1547 1656 defunctorum,
1566 1613 1686 1646 scilicet

95 1672 274 1704 oblationes
287 1698 295 1713 ,
314 1673 475 1704 orationes
487 1698 495 1713 ,
514 1673 617 1705 multo
633 1672 860 1705 observantius
875 1676 1060 1716 procurent.
1084 1685 1099 1701 »

140 1729 229 1762 Solet
244 1730 368 1762 moveri
384 1730 521 1773 quaestio
536 1729 575 1761 de
590 1729 737 1769 duobus,
757 1741 823 1762 uno
839 1730 939 1762 divite
953 1756 960 1771 ‚
980 1730 1082 1762 altero
1099 1741 1240 1773 paupere
1256 1730 1376 1773 pariter
1387 1755 1394 1769 ,
1409 1729 1463 1762 sed
1480 1729 1686 1762 mediocriter

95 1787 206 1828 bonis,
224 1788 281 1831 qui
296 1787 455 1831 praedictis
474 1787 640 1829 suffragiis
657 1787 821 1830 indigent,
842 1791 872 1820 et
889 1792 1081 1819 meruerunt
1102 1787 1223 1831 pariter
1238 1790 1309 1830 post
1325 1790 1461 1819 mortem
1473 1786 1608 1830 juvari3
1625 1798 1684 1830 pro

95 1845 194 1878 altero
210 1855 306 1886 vero,
323 1844 356 1877 id
372 1849 436 1886 est,
454 1856 512 1889 pro
526 1845 626 1877 divite
642 1845 796 1888 speciales
812 1849 843 1877 et
866 1856 1057 1877 communes
1078 1844 1165 1877 fiunt
1188 1843 1350 1876 orationes
1364 1870 1371 1884 ,
1400 1844 1577 1888 multaeque
1602 1844 1685 1876 elee-

95 1913 307 1942 mosynarum
332 1902 543 1945 largitiones3
571 1913 628 1946 pro
656 1913 797 1946 paupere
820 1913 897 1934 vero
923 1914 988 1934 non
1013 1902 1100 1934 fiunt
1116 1901 1177 1933 nisi
1201 1912 1392 1934 communes
1418 1901 1628 1944 largitiones,
1654 1905 1684 1934 et

95 1960 266 1992 orationes.
284 1959 449 1998 Quaeritur
470 1970 547 2001 ergo
571 1971 612 1991 an
637 1963 763 1992 tantum
785 1960 922 2003 juvetur
949 1971 1071 2003 pauper
1095 1959 1304 2003 paucioribus
1328 1958 1503 1999 subsidiis,
1521 1964 1682 2003 quantum

95 2017 185 2049 dives
199 2016 424 2061 amplioribus.
443 2016 478 2048 Si
499 2028 564 2049 non
590 2017 710 2060 pariter
729 2017 868 2064 juvatur
882 2043 889 2057 ‚
907 2028 973 2049 non
989 2018 1017 2049 ei
1042 2017 1189 2049 redditur
1204 2016 1384 2048 seeundum
1411 2017 1545 2057 merita3
1565 2017 1684 2049 meruit

95 2075 182 2107 enim
200 2074 319 2118 pariter
334 2074 464 2117 juvari,
481 2074 559 2118 quia
580 2075 700 2118 pariter
722 2075 799 2107 honi
821 2075 1010 2107 extiterunt.
1037 2074 1071 2106 Si
1094 2085 1169 2107 vero
1191 2078 1320 2106 tantum
1342 2074 1490 2116 suffragii
1512 2074 1685 2118 consequi-

96 2135 148 2165 tur
168 2142 308 2175 pauper,
326 2135 488 2175 quantum
499 2131 590 2164 dives
602 2158 610 2173 ,
629 2132 707 2176 quid
723 2133 936 2165 contulerunt
952 2132 1047 2164 diviti
1071 2132 1129 2164 illa
1151 2131 1332 2175 specialiter
1348 2143 1405 2175 pro
1424 2143 1461 2164 eo
1477 2132 1582 2164 faeta?
1599 2131 1684 2164 Sane

95 2189 158 2222 dici
177 2193 280 2233 potest
294 2200 360 2221 non
376 2189 405 2221 ei
421 2189 524 2231 magis
543 2189 684 2222 valuisse
706 2189 872 2232 generalia
894 2194 925 2221 et
948 2189 1118 2233 specialia,
1140 2200 1240 2233 quam
1264 2189 1400 2232 pauperi
1427 2189 1495 2221 sola
1517 2188 1684 2231 generalia

96 2247 264 2289 suffragia.
292 2247 332 2278 Et
354 2250 463 2279 tamen
479 2247 674 2290 profuerunt
700 2247 794 2279 diviti
818 2247 990 2291 specialia,
1008 2258 1075 2279 non
1099 2246 1233 2290 quidem
1257 2246 1296 2278 ad
1318 2246 1409 2278 aliud
1426 2246 1477 2278 vel
1497 2246 1603 2289 majus
1625 2246 1684 2278 ali-

95 2303 175 2347 quid
190 2330 197 2343 ‚
218 2303 271 2336 sed
291 2303 331 2336 ad
353 2304 438 2336 idem
461 2304 603 2348 adiquod
619 2304 798 2347 generalia,
822 2309 859 2336 ut
881 2316 920 2337 ex
942 2304 1093 2348 pluribus
1116 2307 1147 2336 et
1169 2303 1305 2336 diversis
1326 2303 1432 2336 causis
1455 2315 1558 2335 unum
1582 2303 1685 2347 perci-

96 2365 226 2406 peretur
245 2361 515 2394 emolumentum.
541 2362 649 2394 Potest
675 2366 782 2394 tamen
808 2362 872 2394 dici
896 2362 1006 2402 aliter,
1036 2362 1092 2394 illa
1112 2362 1209 2405 plura
1230 2361 1375 2394 subsidia
1398 2361 1574 2394 contulisse
1589 2361 1683 2393 diviti

95 2419 282 2452 celeriorem
301 2419 539 2451 absolutionem
555 2445 562 2460 ‚
581 2430 645 2452 non
663 2420 854 2464 pleniorem.

140 2477 203 2509 Sed
218 2477 337 2509 iterum
352 2477 511 2521 quaeritur
529 2477 568 2510 de
583 2477 694 2522 aliquo
715 2477 918 2510 mediocriter
936 2478 1019 2509 bono
1033 2503 1041 2518 ‚
1064 2476 1122 2521 qui
1139 2476 1258 2509 talibus
1282 2476 1432 2519 indigens
1459 2476 1625 2518 suffragiis
1650 2476 1683 2508 in

1698 1049 1727 1069 De
1759 1049 1802 1070 offi-

1711 1087 1748 1100 rns
1758 1087 1789 1100 se-

1697 1112 1794 1138 pulturae.

1702 1745 1730 1764 De
1755 1745 1806 1764 duo-

1701 1776 1739 1795 bus
1745 1781 1804 1801 aeque

1720 1807 1787 1831 bonis,

1708 1843 1797 1863 quorum

1699 1868 1805 1894 alter‘plu·

1710 1905 1733 1917 ra
1745 1901 1790 1924 post

1708 1937 1748 1949 inni
1755 1932 1796 1950 tem

1700 1961 1762 1980 habet
1769 1967 1806 1981 au-

1717 1992 1773 2012 xilia.

1711 2485 1791 2509 Quibus

1699 2522 1722 2535 su
1726 2515 1805 2544 [fragiis

97 2534 166 2578 ipso
180 2534 470 2567 consummationis
484 2534 595 2567 saeculi
619 2534 757 2567 articulo
778 2546 853 2567 cum
874 2534 1010 2578 reliquis
1034 2534 1227 2577 migrabitur
1243 2559 1250 2574 ‚
1267 2534 1296 2566 si
1311 2534 1421 2566 salvus
1436 2534 1535 2567 fuerit
1549 2546 1554 2565 :
1573 2544 1631 2577 pro
1647 2544 1683 2566 eo
1695 2547 1801 2573 juvabun-

99 2602 164 2624 non
179 2591 315 2624 offertur
334 2591 472 2624 ulterius
494 2592 691 2625 sacrificium
707 2618 715 2634 ‚
736 2593 787 2626 vel
804 2592 929 2633 oratio,
950 2592 1001 2624 vel
1023 2592 1230 2636 eleemosyna
1248 2603 1254 2623 :
1273 2602 1332 2624 nec
1346 2592 1484 2624 habebat
1499 2595 1598 2624 tantae
1613 2601 1686 2635 per-

131 2663 135 2675 ¹
153 2660 249 2689 matth„
266 2666 289 2691 v,
305 2662 327 2685 3.
344 2675 374 2679 -
386 2662 395 2677 ²
411 2663 476 2690 Luc„
491 2668 544 2691 xvr,
560 2664 582 2686 s»,
599 2676 628 2681 -
645 2663 654 2679 ⁸
671 2664 745 2695 Aug„
761 2664 791 2687 de
808 2665 870 2688 verb.
889 2665 973 2694 Aposl.
990 2670 1065 2688 serm.
1082 2669 1145 2694 xva,
1161 2664 1192 2687 al.
1209 2670 1284 2687 serm.
1300 2669 1368 2693 cmx,
1383 2670 1407 2686 n.
1424 2665 1477 2686 1.—
1494 2663 1562 2693 ⁴1d.‚
1574 2662 1603 2686 de
1618 2662 1685 2686 Cura

99 2703 144 2726 pro
158 2698 230 2720 mort.
243 2696 346 2727 aqencla,
363 2704 383 2721 c.
402 2703 429 2728 11,
445 2705 468 2721 ni
489 2700 518 2728 43
533 2698 563 2722 (Ie
578 2698 652 2722 civit.
670 2699 724 2729 Dei,
739 2699 781 2723 lib.
800 2700 817 2729 1,
833 2707 854 2724 c.
872 2706 920 2724 ΧΗ.
933 2713 963 2717 -
975 2700 984 2716 ⁵
998 2699 1069 2728 Gen„
1081 2705 1155 2730 xxm,
1167 2705 1228 2728 ων,
1241 2704 1319 2728 xxxv,
1336 2705 1360 2723 ι..

1711 2580 1744 2598 tur
1754 2584 1796 2599 me-

1700 2609 1800 2630 ‹lioeriter
