1991 3006
90 2064 121 2084 Ad
141 2071 191 2091 opp.

199 224 236 252 49.

199 290 320 320 aditum
335 288 533 329 praeparabat
547 287 584 317 ad
600 286 773 317 sciendum.
786 285 849 316 Lex
863 287 970 315 autem

200 352 283 373 nova
306 341 518 372 communicat
542 349 615 370 cum
639 339 737 370 veteri
763 339 795 369 in
819 338 967 374 scientia,

199 395 274 435 qula
287 397 421 434 utraque
434 394 484 423 lex
497 393 601 429 docet,
617 392 687 422 licet
701 392 753 422 hic
766 391 882 421 clarius
896 400 971 430 ape-

200 449 324 479 riantur
346 446 495 487 mysteria
514 446 594 485 legis
609 448 639 475 et
654 445 892 485 prophetarum.
910 443 971 474 Sed

200 502 233 532 in
249 500 457 532 redundantia
470 502 500 529 et
514 499 603 539 copia
618 499 741 537 gratiae,
760 501 790 528 et
805 497 973 537 spirituali-

200 557 262 584 tate
277 553 436 593 potestatis
456 553 642 583 differebant
658 563 664 582 z
681 554 712 582 et
726 552 795 582 ideo
812 560 875 581 non
890 550 972 580 valet

199 607 287 638 illud.

241 663 270 690 2.
284 660 331 690 Ad
342 660 418 690 illud
428 659 512 699 quod
524 659 681 697 objicitur,
694 657 778 698 quod
789 659 835 687 est
845 656 972 696 sequela

201 714 334 750 ordiniS,
350 713 516 743 dicendum
531 712 632 751 quod,
645 712 725 741 sicut
739 711 773 741 in
787 710 858 749 lege
872 709 972 740 veteri

201 776 266 797 non
282 766 340 797 suit
354 766 451 797 clavis
468 775 552 803 vera,
570 766 622 796 sed
638 764 800 803 figuralis3
821 763 863 793 ita
878 763 972 793 etiam

201 822 232 850 et
253 820 340 850 ordo.
365 819 402 849 Et
422 819 482 849 hoc
503 821 602 858 patet,
625 818 699 857 quia
719 826 813 848 verus
832 816 909 846 ordo
928 817 974 845 est

202 874 257 913 qui
272 882 381 903 voram
394 873 486 903 oss’ert
501 872 646 905 hostiam,
663 872 694 901 et
705 870 894 900 sacrificium
910 869 973 899 Deo

202 929 363 966 acceptum
381 937 387 955 :
405 928 434 956 et
457 925 516 955 hoc
539 926 586 955 est
608 924 641 954 in
664 932 747 953 novo
770 924 971 959 testamento,

203 980 255 1010 ubi
274 980 406 1010 offertur
427 988 502 1010 vera
521 978 632 1009 Christi
655 986 738 1007 caro.
762 977 797 1006 ln
811 976 883 1015 lege
898 985 973 1006 vero

204 1033 302 1064 veteri
320 1033 512 1063 offerebatur
530 1041 602 1062 caro
618 1031 723 1067 bovis,
741 1031 791 1061 vel
807 1030 901 1068 agni,
918 1029 973 1069 qui

204 1088 271 1117 erat
284 1086 381 1125 hujus
395 1086 535 1125 signum.

244 1141 274 1170 3.
285 1139 333 1170 Ad
344 1139 421 1169 illud
432 1139 516 1178 quod
528 1138 687 1178 objicitur,
699 1136 783 1176 quod
795 1136 975 1166 babuerunt

204 1192 401 1223 discernendi
411 1192 640 1228 auctoritatem,
649 1193 679 1221 et
692 1190 836 1220 similiter
846 1189 974 1229 expian-

204 1247 251 1284 di⁷
269 1245 437 1276 dicendum
458 1244 543 1284 quod
565 1243 643 1274 illud
663 1246 730 1273 erat
750 1243 889 1280 carnale,
910 1252 975 1273 non

205 1299 378 1339 spirituale.
389 1298 478 1335 Quod
486 1298 603 1336 objicit,
614 1297 697 1336 quod
707 1305 770 1326 non
780 1296 975 1326 mundabant

206 1352 441 1382 immunditiam
455 1351 569 1387 carnis,
586 1350 753 1380 dicendum
768 1350 851 1389 quod
866 1349 974 1389 expia-

205 1407 260 1443 tio,
277 1407 307 1436 et
320 1405 373 1435 illa
387 1404 592 1435 sanctificatio
608 1404 733 1443 proprie
746 1412 811 1433 non
825 1405 891 1433 erat
906 1412 973 1433 car-

205 1461 296 1498 nalis,
308 1470 366 1491 nec
377 1460 559 1500 spiritualis,
574 1459 627 1489 sed
639 1458 785 1497 figuralis
798 1469 804 1488 z
818 1457 901 1488 unde
911 1466 975 1487 non

206 1514 299 1545 fiebat
312 1514 351 1544 ad
366 1513 557 1544 munditiam
571 1512 674 1542 carnis
688 1511 739 1542 vel
755 1511 884 1550 spiritus
899 1520 973 1541 con-

205 1567 383 1605 ferendam,
398 1567 451 1597 sed
468 1566 571 1606 potius
586 1565 625 1595 ad
640 1565 829 1604 signandam
846 1565 974 1595 mundi-

206 1620 281 1650 tiam
308 1620 516 1659 spiritualem.
545 1619 662 1650 Dicitur
689 1621 795 1649 tamen
821 1618 956 1648 carnalis
966 1642 973 1656 ‚

206 1682 263 1712 pro
278 1682 314 1703 eo
331 1673 416 1713 quod
436 1673 474 1703 de
495 1673 650 1703 munditia
670 1672 772 1702 carnis
787 1671 977 1702 certificabat

205 1728 389 1758 auctoritate
404 1730 433 1758 et
444 1727 562 1767 Judicio
577 1726 755 1757 sacerdotis.

469 1841 648 1880 QUAESTIO
671 1841 709 1872 II.

247 1926 293 1953 An
311 1926 398 1952 malas
416 1924 538 1952 sacerdos
556 1925 726 1951 communicet
746 1931 803 1950 cam
824 1923 888 1949 bono
909 1923 937 1948 in

457 1970 586 2004 potestate
604 1969 689 1995 clavis
704 1967 722 1994 ¹.

247 2049 360 2080 Utrum
382 2048 485 2079 malus
506 2048 649 2078 sacerdos
670 2046 881 2077 communicet
904 2054 976 2075 cum

207 2103 291 2134 bono
305 2103 337 2132 in
350 2104 501 2142 potestate
515 2101 626 2138 clavis7
644 2109 686 2130 an
698 2100 738 2129 sit
750 2100 782 2129 in
797 2099 863 2129 5010
877 2098 975 2135 bono3

206 2158 237 2187 et
245 2155 327 2195 quod
340 2156 380 2185 sit
389 2157 513 2185 tantum
524 2155 557 2184 in
569 2154 662 2191 bono,
676 2153 820 2183 videtur:
833 2155 846 2182 1
855 2175 862 2182 .
875 2151 910 2181 111
921 2151 978 2181 do-

207 2209 334 2239 natione
346 2208 413 2238 sive
426 2207 634 2248 promissione
648 2205 798 2241 clavium,
813 2213 886 2244 quae
899 2204 978 2234 facta

207 2264 253 2292 est
268 2261 371 2299 Petro,
388 2262 491 2301 primo
506 2259 744 2291 commendatus
759 2260 804 2288 est
821 2257 933 2288 Petrus
943 2256 953 2272 ²
968 2265 975 2286 :

209 2317 326 2347 Beatus
346 2323 391 2352 es,
415 2315 539 2351 Simon,
561 2315 619 2343 etc.
644 2311 681 2342 Et
700 2313 768 2350 post
790 2321 797 2341 z
818 2311 883 2350 qu
905 2309 978 2341 dico

208 2368 284 2402 tibi,
312 2369 370 2398 etc.
396 2367 481 2406 Ergo
505 2366 644 2403 videtur,
671 2363 755 2404 quod
779 2363 805 2393 si
830 2363 978 2393 omnihus

208 2422 289 2452 datae
305 2420 426 2451 suntin
449 2419 555 2457 Petro,
578 2421 608 2449 et
623 2418 705 2448 datae
726 2419 800 2447 sunt
820 2415 912 2446 Petro
926 2424 978 2445 ra-

207 2475 292 2505 tione
310 2473 410 2504 fidelis
431 2475 461 2503 et
481 2473 571 2502 bonae
593 2470 809 2507 confessionis,
831 2469 915 2508 quod
938 2468 978 2498 ad

207 2527 278 2559 illos
292 2527 373 2558 solos
387 2526 567 2563 descendat,
584 2524 639 2564 qui
652 2525 726 2554 sunt
740 2522 832 2553 Petro
848 2521 975 2559 similes,

242 2591 249 2606 ¹
265 2589 306 2620 Cf.
323 2589 392 2612 Alex.
410 2588 504 2617 Alens„
520 2594 544 2617 p.
562 2587 603 2616 lv,
623 2593 643 2616 q,
664 2592 706 2615 xx,
721 2584 830 2607 membr.
849 2585 871 2612 7,
885 2585 931 2606 art.
950 2586 978 2613 13

211 2623 475 2654 S.'ftiou1.,inSuppl.
490 2630 514 2653 p.
529 2623 570 2652 lll,
583 2629 607 2652 q.
624 2627 676 2651 xix,
690 2622 736 2643 art.
746 2618 934 2649 135Riclmrdus,
948 2620 977 2642 tv

210 2662 287 2689 Seni„
305 2660 363 2684 dist.
382 2666 436 2689 xm,
451 2666 476 2689 q.
498 2664 533 2687 11;
555 2656 641 2687 Steph.
660 2655 764 2685 Brulef.‚
778 2655 808 2677 lv
823 2655 900 2681 Sent,
920 2654 977 2677 dist.

211 2702 266 2727 11111,
280 2703 305 2728 q.
320 2702 353 2727 ¹13
373 2696 461 2720 Petrus
475 2694 506 2718 de
518 2694 631 2723 Terent„
642 2692 671 2717 lv
686 2692 765 2721 Seni„
780 2689 837 2715 dist.
849 2695 903 2721 xix,
913 2696 938 2721 q.
948 2695 977 2714 11.

761 215 1069 249 SENTENTIARUM
1090 215 1164 246 LlB.
1189 214 1238 246 IV.

1027 285 1058 313 et
1074 284 1143 322 eJus
1165 282 1348 313 imitatores.
1372 282 1419 313 Ad
1442 283 1539 322 huJus
1560 285 1667 314 autem
1685 285 1797 315 confir-

1027 338 1198 368 mationem
1229 337 1394 367 adducitur
1423 338 1557 368 verbum
1587 337 1796 377 Augusti11i³‚

1027 392 1111 432 quod
1123 391 1237 421 dicitur
1252 400 1347 430 super
1363 390 1438 421 illud
1455 402 1461 421 :
1484 391 1554 423 Tibi
1569 391 1667 423 daho:
1685 403 1699 420 α
1714 392 1801 422 Sicut

1026 445 1145 476 dictum
1154 447 1199 474 est
1208 444 1314 475 Iuda?
1325 455 1332 474 ε
1346 444 1500 484 Pauperes
1510 453 1632 484 semper
1640 445 1800 477 vobiscum

1026 498 1191 534 habebitis,
1207 500 1280 534 etc„
1300 497 1422 535 gerenti
1437 500 1549 537 typum
1566 498 1738 535 malorum3
1756 498 1800 529 sic

1027 552 1147 583 dictum
1166 553 1211 581 est
1231 550 1321 581 Petro
1337 562 1343 581 :
1364 550 1434 582 Tibi
1449 551 1529 583 dabo
1543 551 1658 590 claves,
1676 552 1799 591 gerenti

1027 607 1140 645 typum
1155 605 1322 635 honorum.
1339 615 1352 631 »
1373 603 1469 642 Ergo,
1486 607 1544 634 etc.

1067 661 1096 689 2.
1118 658 1212 695 Item,
1230 657 1283 687 ubi
1301 657 1402 696 primo
1418 657 1498 687 datae
1514 660 1588 688 sunt
1603 658 1654 689 hae
1669 658 1773 689 claves
1790 683 1799 695 ,

1027 712 1179 742 dicitur⁵z
1198 711 1337 750 Accipite
1356 710 1518 749 Spiritum
1533 714 1678 743 sanctum
1695 722 1706 742 .·
1720 720 1798 751 quo-

1028 774 1099 797 rum
1113 765 1301 797 remiseritis
1315 767 1442 803 peccata
1454 787 1463 801 ,
1479 767 1537 794 etc.
1555 773 1562 794 :
1580 774 1669 803 orgo,
1684 765 1709 794 si
1725 767 1798 796 ante

1028 819 1231 850 donationem
1253 817 1412 856 potestatis
1429 817 1514 847 dedit
1536 817 1689 856 Spiritum
1711 827 1800 848 sanc-

1029 875 1116 909 tum;
1150 871 1205 910 qui
1228 879 1291 900 non
1315 869 1433 900 habent
1457 869 1608 909 Spiritum
1634 873 1798 909 sanctum,

1028 934 1092 956 non
1116 925 1235 955 habent
1260 925 1445 962 potestatem
1468 922 1627 953 clavium:
1653 924 1707 954 sed
1727 925 1801 954 mali

1029 987 1093 1009 non
1114 977 1231 1007 habent
1250 976 1404 1016 Spiritum
1427 978 1571 1006 sanctum
1588 986 1595 1006 :
1619 985 1718 1016 ergo,
1741 980 1800 1008 etc.

1030 1032 1065 1062 In
1086 1032 1184 1070 hujus
1206 1031 1312 1060 autem
1335 1029 1611 1060 confirmationem
1635 1030 1803 1061 adducitur

1030 1085 1136 1115 Glossa
1151 1084 1324 1123 Augustini
1342 1083 1459 1113 ibidem
1471 1083 1480 1099 ⁶
1495 1093 1501 1113 z
1523 1094 1537 1111 «
1552 1082 1628 1113 Ecce
1643 1084 1780 1115 charitas
1790 1108 1800 1122 ,

1029 1148 1102 1179 quae
1128 1137 1318 1168 diffunditur
1342 1145 1398 1176 per
1421 1136 1576 1176 Spiritum
1601 1139 1745 1167 sanctum
1769 1138 1802 1168 in

1032 1191 1179 1222 cordibus
1191 1199 1316 1227 eorum,
1334 1190 1366 1219 in
1381 1190 1498 1229 quibus
1512 1190 1607 1220 etiam
1624 1194 1748 1230 peccata
1759 1191 1802 1222 di-

1031 1244 1126 1274 mittit
1141 1254 1148 1275 :
1165 1254 1179 1271 »
1204 1243 1257 1273 sed
1279 1242 1336 1272 soli
1357 1243 1429 1272 boni
1451 1243 1569 1273 habent
1591 1243 1799 1275 charitatem:

1031 1306 1127 1336 ergo,
1144 1298 1202 1327 010.
1223 1295 1271 1325 Ad
1286 1295 1346 1325 hoc
1360 1295 1456 1325 etiam
1475 1298 1550 1326 sunt
1570 1296 1678 1328 multae
1693 1300 1801 1328 aucto-

1031 1351 1139 1380 ritates
1153 1349 1187 1379 in
1200 1349 1315 1379 littera.

1072 1404 1101 1431 3.
1124 1401 1203 1431 Item
1220 1400 1278 1430 hoc
1298 1400 1424 1431 videtur
1443 1401 1585 1439 ratione,
1610 1402 1685 1441 quia
1701 1403 1804 1434 bonus

1031 1454 1215 1485 distributor
1230 1452 1310 1483 nulli
1325 1452 1377 1482 dat
1393 1452 1533 1492 aliquam
1549 1455 1721 1493 potentiam
1735 1456 1802 1486 dis-

1031 1507 1207 1544 tribuendi,
1239 1506 1293 1545 qui
1318 1508 1364 1536 est
1386 1506 1516 1536 omnino
1541 1507 1715 1546 indignus:
1749 1510 1802 1540 sed

1032 1563 1174 1601 peccator
1185 1560 1219 1589 in
1229 1562 1354 1599 peccato
1365 1559 1503 1590 existens
1513 1560 1666 1600 indignus
1680 1564 1727 1592 est
1738 1565 1802 1594 tam

1033 1614 1129 1645 nobili
1145 1615 1309 1653 potestate,
1327 1613 1444 1643 scilicet
1459 1613 1601 1644 solvendi
1615 1616 1645 1645 et
1659 1615 1800 1654 ligandi:

1033 1668 1092 1698 hoc
1112 1668 1257 1706 apertum
1278 1668 1342 1704 est,
1365 1668 1395 1696 et
1415 1666 1495 1696 Deus
1514 1666 1575 1697 hoc
1590 1667 1666 1706 scit,
1690 1671 1720 1699 et
1739 1669 1805 1709 ipse

1033 1723 1080 1752 est
1101 1721 1157 1760 qui
1178 1721 1260 1750 hanc
1280 1722 1464 1760 potestatem
1488 1720 1620 1751 tribuit:
1647 1730 1725 1760 ergo
1750 1725 1805 1754 aut

1034 1774 1116 1805 male
1139 1774 1233 1805 donat
1257 1774 1339 1804 dona
1361 1782 1439 1811 sua,
1462 1775 1517 1804 aut
1537 1773 1606 1804 talis
1626 1783 1691 1805 non
1709 1775 1804 1806 habet

1034 1829 1230 1867 potestatem.

1073 1883 1104 1911 4.
1125 1880 1203 1910 Item
1222 1880 1337 1910 stultus
1358 1882 1438 1910 05501
1459 1888 1517 1910 rex
1535 1880 1589 1919 qui
1608 1880 1729 1911 clavem
1752 1890 1804 1912 ca-

1035 1943 1133 1964 merae
1148 1942 1214 1964 suae
1230 1933 1439 1964 committeret
1451 1932 1580 1963 inimico
1595 1942 1672 1964 suo:
1688 1934 1714 1964 si
1727 1943 1804 1973 ergo

1034 1989 1178 2026 peccator
1194 1986 1341 2017 inimicus
1356 1986 1470 2017 Christi
1490 1988 1553 2023 est,
1576 1995 1650 2017 011111
1664 1986 1805 2019 Christus

1034 2039 1114 2069 nihil
1127 2039 1221 2069 stulte
1235 2041 1324 2077 agat,
1340 2039 1556 2078 peccatoribus
1569 2040 1691 2070 clavem
1705 2050 1805 2071 came-

1034 2101 1078 2122 rae
1102 2100 1170 2122 suae
1191 2100 1254 2122 non
1273 2092 1458 2122 committit:
1481 2093 1534 2123 sed
1554 2092 1622 2123 haec
1642 2095 1689 2124 est
1707 2093 1804 2125 clavis

1034 2145 1103 2176 coeli
1118 2154 1125 2175 :
1142 2154 1221 2183 ergo
1232 2168 1241 2182 ,
1258 2146 1316 2175 ete.

1075 2198 1203 2228 Contra:
1214 2197 1293 2228 Dicit
1301 2197 1453 2228 Dominus
1463 2198 1624 2238 discipulis
1635 2199 1717 2230 suis⁷
1727 2210 1733 2230 :
1745 2199 1806 2231 Su·

1031 2260 1088 2292 per
1098 2251 1282 2283 cathedram
1294 2251 1400 2290 Moysi
1411 2251 1561 2283 sederunt
1572 2253 1683 2284 scriboe
1692 2255 1720 2285 et
1726 2253 1805 2292 plia-

1033 2305 1123 2337 risoei
1133 2315 1145 2343 ,·
1156 2312 1356 2344 quoecumque
1369 2304 1516 2336 dixerint
1531 2305 1631 2343 vobis,
1644 2309 1763 2338 servate
1776 2310 1805 2339 et

1033 2360 1131 2398 facite
1144 2369 1154 2388 :
1174 2360 1321 2388 constans
1339 2361 1385 2388 est
1400 2359 1485 2398 quod
1503 2359 1652 2390 Dominus
1666 2359 1805 2399 loquitur

1035 2414 1072 2444 de
1097 2412 1205 2449 malis,
1232 2412 1312 2442 sicut
1334 2412 1450 2442 ibidem
1474 2415 1575 2452 patet,
1599 2415 1630 2444 et
1647 2413 1709 2444 illis
1729 2413 1805 2444 dicit

1035 2465 1247 2497 reverentiam
1266 2464 1479 2496 exhibendam
1490 2490 1497 2503 ‚
1522 2468 1553 2496 et
1571 2466 1802 2504 obedientiam3

1035 2519 1104 2550 vult
1117 2527 1194 2557 ergo
1206 2517 1359 2548 Dominus
1370 2518 1465 2549 etiam
1479 2519 1616 2559 praelatis
1629 2519 1720 2550 malis
1733 2520 1806 2550 sub-

1035 2593 1064 2597 —
1078 2581 1088 2596 2
1105 2579 1202 2608 Mattio,
1218 2585 1270 2607 xvi,
1286 2580 1312 2603 18
1328 2582 1351 2603 et
1367 2587 1419 2611 seq.
1434 2594 1458 2597 -
1475 2581 1486 2597 θ
1499 2582 1574 2611 Aug„
1591 2581 1682 2605 Eam-r.
1698 2582 1723 2605 in
1736 2582 1803 2606 Psal.

1035 2621 1111 2644 cvni,
1131 2622 1156 2637 n.
1184 2618 1204 2644 1,
1222 2614 1289 2645 quod
1310 2621 1424 2639 5011511111.
1438 2628 1468 2633 -
1484 2618 1491 2629 ·
1513 2616 1612 2645 Manli„
1630 2622 1702 2646 xxw,
1722 2618 1760 2641 11.
1773 2630 1805 2635 —

1035 2652 1045 2668 ¹⁵
1057 2651 1137 2678 Joan„
1155 2655 1198 2678 xx,
1213 2651 1251 2673 23.
1264 2663 1294 2666 -
1312 2650 1320 2663 ⁸
1337 2651 1410 2682 Aug,
1427 2652 1451 2674 in
1466 2652 1547 2682 Joan„
1561 2653 1632 2676 tract.
1649 2658 1725 2682 cxxi,
1739 2659 1764 2676 n.
1794 2670 1801 2676 .

1035 2686 1084 2704 -·¹
1097 2684 1200 2714 Mansa„
1214 2690 1291 2716 xxm,
1306 2687 1328 2709 2.

1820 2211 1922 2232 Fundam.
