1991 3006
37 1684 146 1704 Peccatum

56 1714 133 1734 dicitur

41 1745 123 1764 macuta
132 1761 136 1769 ,

39 1776 106 1798 strtor,
124 1777 145 1795 et

41 1807 143 1827 debitum.

705 182 893 213 DISTINCT.
916 183 1022 214 XVIII.
1048 184 1147 215 PARS
1171 185 1192 214 1,
1719 189 1736 216 5

151 250 338 281 determinat
351 251 394 280 ibi
413 261 418 280 z
438 250 544 281 Claves
557 251 629 282 istae
643 257 707 281 non
721 252 797 282 szmt
811 257 914 289 corpo-

152 302 245 334 rales.
263 303 411 333 Similiter
425 303 564 333 secunda
578 312 650 342 pars
664 305 728 333 tres
742 303 837 333 hahet
853 312 859 332 :
882 303 914 332 in

152 356 254 394 prima
268 355 392 395 opponit
406 355 445 385 ad
467 357 635 394 utramque
653 357 790 394 partem,
808 358 914 385 osten-

153 407 229 437 dens
250 408 351 447 primo
379 408 462 446 quod
494 408 668 438 sacerdotes
698 417 761 438 non
786 409 916 447 possunt

152 460 272 491 solvere
282 469 300 489 a
310 462 445 499 peccato,
458 462 488 490 et
498 460 613 498 ligare3
625 461 655 490 in
668 461 805 491 secunda
815 462 917 490 osten-

152 512 196 542 dit
211 511 295 551 quod
306 513 438 551 possunt
450 521 468 542 a
479 515 603 551 peccato
618 513 739 543 solvere
752 515 781 543 et
796 513 914 551 ligare3

153 565 185 593 in
201 564 290 594 tertia
313 564 501 594 determinat
516 565 645 595 modum
667 575 722 604 per
743 575 838 605 quem
854 566 916 596 sol-

154 618 233 645 vunt
254 618 284 646 et
298 616 415 655 ligant,
437 617 480 646 ibi
500 627 505 647 :
529 618 600 648 Non
620 620 722 649 (tutem
746 618 801 650 ltoc
817 626 919 650 sacer-

153 668 280 700 dotibus
303 669 470 706 concessit,
493 670 606 708 quibus
630 673 750 708 tamen,
774 673 845 708 etc„
864 671 917 701 ubi

155 720 289 751 ostendit
308 721 392 760 quod
414 722 588 752 sacerdotes
609 723 759 753 dicuntur
773 723 874 762 ligare
890 726 920 754 et

155 773 275 804 solvere
299 774 349 804 vel
373 776 528 813 quantum
551 775 590 805 ad
613 776 841 813 ostensionem,
871 776 920 807 vel

153 828 308 866 quantum
323 827 362 858 ad
376 836 502 866 poenam
517 828 733 867 temporalem.

482 923 549 944 DUB.
573 924 592 944 1.

170 980 258 1003 Anima
270 980 306 1003 rei
321 980 446 1004 maculam
460 980 547 1010 habet,
563 982 587 1004 et
603 979 720 1004 foetorem
735 981 842 1011 peccati,
858 982 905 1005 etc.

196 1042 354 1079 Quaeritur
381 1043 433 1073 hic
454 1043 612 1082 quomodo
637 1043 695 1073 ista
717 1043 863 1073 differant
883 1044 923 1074 ab

156 1096 304 1126 Invicem.
333 1095 492 1131 Quaeritur
517 1096 612 1126 etiam
638 1105 735 1135 (su-are
760 1099 922 1136 peccatum

157 1148 261 1187 potius
290 1148 404 1178 (licitur
426 1148 541 1179 habere
565 1149 726 1185 fcetorem,
750 1159 847 1189 quam
872 1160 923 1180 ca-

157 1201 254 1231 lorem
266 1225 274 1238 ,
304 1201 353 1231 vel
380 1201 472 1231 altam
497 1201 720 1240 proprietatem
749 1203 793 1232 rei
821 1204 920 1233 sensi-

159 1253 238 1283 biliS.

198 1305 287 1345 Resp.
306 1306 476 1336 Dicendum
488 1306 583 1345 quod,
600 1307 746 1346 quamvis
762 1310 923 1346 peccatum

157 1367 258 1388 unum
273 1359 312 1388 sit
334 1359 366 1388 in
382 1368 425 1396 se,
442 1361 549 1389 tamen
573 1360 748 1389 secundum
764 1360 924 1390 diversam

158 1411 422 1450 comparationem
435 1412 472 1441 ad
484 1411 640 1450 judicium
656 1421 780 1448 verum,
793 1412 853 1442 tria
863 1422 926 1442 sor-

159 1464 235 1493 titur
251 1463 414 1493 vocabula.
431 1463 589 1493 ι1111110111111
608 1464 692 1494 enim
706 1467 852 1494 nostrum
868 1466 925 1495 tri-

160 1516 280 1556 pliciter
304 1526 336 1546 se
360 1516 472 1553 habet,
498 1517 611 1547 scilieet
637 1517 686 1547 vel
716 1526 771 1556 per
794 1518 925 1547 modum

160 1570 400 1609 speculativum,
419 1570 468 1600 vel
490 1572 583 1609 prout
597 1580 629 1600 se
644 1571 786 1600 extendit
800 1571 838 1600 ad
855 1572 927 1601 affe-

159 1625 263 1659 ctum,
290 1622 340 1653 vel
365 1625 459 1662 prout
483 1632 516 1652 se
539 1623 678 1653 extendit
704 1623 743 1653 ad
766 1624 924 1653 effectum.

161 1675 310 1705 Similiter
320 1675 626 1714 divinumjudicImn
637 1676 667 1705 111
680 1675 793 1714 triplici
807 1676 927 1706 rationo

162 1727 255 1757 habet
275 1728 462 1758 considerari
481 1730 623 1767 respectu
644 1728 760 1768 peccati
778 1739 783 1758 :
802 1731 858 1758 aut
872 1738 928 1767 per

161 1780 291 1810 modum
317 1781 555 1820 speculationis,
581 1784 611 1811 et
629 1781 671 1811 sic
686 1781 802 1811 dicitur
819 1790 926 1820 pecca-

160 1836 228 1863 tum
247 1834 370 1865 mctcula
393 1836 520 1873 propter
534 1835 688 1864 rationem
704 1834 908 1873 turpitudinis
919 1858 926 1870 ‚

159 1895 255 1925 quam
271 1887 313 1915 ibi
338 1887 531 1923 considerat3
550 1887 601 1916 vel
623 1895 678 1925 per
702 1887 833 1916 modum
849 1887 925 1916 alse-

158 1941 237 1976 ctus,
253 1942 283 1969 et
298 1939 341 1968 sic
362 1939 475 1969 dicitnr
488 1941 652 1979 peccatum
667 1940 769 1977 foecor,
792 1948 828 1969 eo
843 1939 927 1978 quod

160 1992 262 2030 ipsum
285 1991 403 2030 refugit
427 1992 556 2022 affectus
571 1994 653 2022 recte
675 1991 852 2028 ordinatus;
878 1992 927 2023 vel

161 2045 253 2083 prout
265 2046 311 2073 est
323 2044 354 2074 in
370 2044 517 2074 effectum
529 2044 696 2083 puniendi,
714 2048 743 2074 et
759 2045 802 2074 sic
817 2054 926 2084 pecca-

160 2098 228 2126 tum
239 2100 362 2128 oeternoe
373 2097 484 2128 mortis
499 2097 638 2129 debitum
648 2097 773 2127 dicitur.
791 2097 928 2128 Sortitur

161 2158 238 2188 ergo
254 2150 314 2179 tria
326 2149 456 2179 nomina
470 2150 644 2180 secundum
659 2150 927 2189 comparationem

161 2202 199 2232 ad
209 2204 315 2232 actum
326 2202 481 2241 triplicem
492 2202 590 2233 divini
603 2202 723 2241 judicii,
737 2202 852 2233 scilicet
869 2203 929 2233 dis-

162 2254 325 2292 cernendi,
343 2255 392 2285 vel
414 2255 604 2294 approbandi
629 2255 679 2285 vel
698 2255 880 2294 respuendi,
899 2257 927 2286 et

162 2307 271 2337 tertios
279 2307 483 2338 ententiandi.
496 2307 547 2338 Vel
563 2307 662 2346 aliter,
674 2310 838 2347 peccatum
849 2317 930 2338 com-

164 2362 294 2399 paratur
310 2360 348 2389 ad
364 2359 454 2390 illum
471 2362 511 2398 (a)
528 2360 559 2389 in
575 2369 638 2399 quo
654 2362 711 2398 est,
729 2362 759 2390 et
781 2361 840 2397 sic,
856 2361 931 2400 qnia

163 2422 236 2443 eum
253 2412 406 2450 maculat,
423 2412 538 2443 dicitur
553 2412 698 2451 maculem
711 2413 761 2443 vel
775 2413 812 2443 ad
833 2413 930 2443 alium

164 2466 361 2505 proximum,
386 2465 419 2495 in
433 2467 526 2505 cujus
547 2466 663 2496 affectu
684 2474 747 2496 non
761 2468 822 2503 est,
840 2468 870 2496 et
889 2466 932 2496 sic

165 2517 278 2547 dicitur
293 2518 382 2556 foetor
398 2517 431 2547 in
445 2527 496 2552 eo;
512 2517 562 2548 vel
577 2518 615 2548 ad
632 2518 741 2556 Deum,
760 2518 847 2549 etsie
860 2519 932 2549 dici-

166 2571 218 2600 tur
232 2573 355 2603 oeternae
369 2571 479 2602 mortis
494 2571 667 2602 vinculum.

203 2631 286 2655 ΙΡεαΙ.
306 2638 393 2662 lxxiv,
406 2635 427 2656 lt.
445 2645 474 2649 —
491 2631 523 2662 (a)
540 2631 608 2656 Edit.
630 2632 685 2656 Vctz.
701 2633 723 2656 'ul

1287 293 1354 314 DUB.
1379 293 1411 314 11.

1001 348 1112 371 Verbum
1127 348 1172 371 Dei
1185 348 1286 372 dimittit
1297 351 1416 380 peccata,
1432 349 1567 379 sacerdos,
1582 351 1606 373 et
1616 350 1704 380 judex.

1010 407 1170 444 Quaeritur
1202 409 1283 439 circa
1312 409 1371 439 hoc
1395 410 1529 440 verbum
1558 409 1736 448 Ambrosii,

970 460 1045 499 quid
1060 463 1189 491 vocetur
1204 471 1259 500 per
1275 463 1407 492 verbum
1425 463 1487 493 Dei.
1505 463 1536 493 Si
1555 463 1651 493 Filius
1666 463 1735 501 Dei,

971 513 1023 543 sed
1046 513 1096 543 ille
1120 513 1204 544 idem
1219 515 1391 553 estjudex,
1411 516 1526 546 scilicet
1541 516 1595 546 Dei
1616 516 1736 547 Filius:

971 574 1049 603 ergo
1063 574 1126 596 non
1142 566 1220 597 bene
1234 567 1344 597 dividit
1360 576 1399 597 ex
1423 568 1576 607 opposito.
1595 568 1672 598 Item
1683 569 1738 607 Ju-

972 618 1047 648 dicis
1074 628 1136 648 non
1157 621 1203 649 est
1225 622 1351 658 peccata
1367 620 1541 657 dimittere,
1559 620 1611 650 sed
1635 621 1740 660 potius

974 671 1085 709 punire
1103 682 1108 701 :
1128 672 1208 702 male
1223 672 1325 711 igitur
1341 672 1466 702 videtur
1486 673 1546 702 1100
1565 673 1737 712 assignare.

974 723 1092 754 Dicitur
1120 725 1203 754 enim
1234 725 1266 755 in
1292 725 1435 756 Psalmo³
1461 736 1467 755 z
1495 725 1571 756 Cum
1597 733 1741 764 accepero

974 780 1104 815 tempus,
1118 777 1325 816 eqojuscictas
1338 777 1497 816 judicabo.
1512 777 1601 814 Item,
1619 778 1743 808 videtur

974 828 1076 859 littera
1097 838 1232 869 sequens
1252 831 1464 861 contradicere
1483 840 1489 860 :
1507 830 1651 860 sacerdos
1673 830 1741 859 offi-

975 881 1059 911 cium
1081 891 1176 912 suum
1198 883 1344 921 exhibet,
1366 883 1419 913 sed
1439 883 1557 913 nullius
1580 882 1744 922 potestatis

972 934 1046 972 jura
1061 938 1196 965 exercet.

1016 987 1107 1027 Resp.
1134 988 1305 1019 Dicendum
1330 989 1413 1028 quod
1434 989 1622 1019 Ambrosius
1641 989 1746 1027 tangit

977 1039 1028 1069 hic
1037 1040 1194 1078 triplicem
1205 1041 1335 1071 modum
1349 1041 1525 1072 dimittendi
1539 1044 1673 1080 peccata,
1689 1041 1744 1072 sci-

977 1091 1046 1121 licet
1068 1093 1241 1123 secundum
1263 1094 1382 1124 clavem
1401 1094 1610 1131 auctoritatis,
1634 1096 1664 1124 et
1678 1094 1746 1125 haec

977 1146 1023 1173 est
1039 1144 1092 1174 Dei
1110 1145 1293 1183 ι]”1111101111115;
1311 1147 1484 1176 secundum
1504 1147 1624 1176 clavem
1642 1147 1744 1176 excel-

979 1197 1093 1234 lentiae,
1109 1200 1140 1227 et
1152 1199 1218 1228 liaec
1229 1201 1276 1228 est
1286 1198 1379 1229 Verbi
1390 1199 1555 1235 iucarnati3
1573 1199 1746 1229 secundum

978 1250 1097 1280 clavem
1121 1251 1301 1287 ministerii,
1323 1253 1353 1282 et
1377 1251 1444 1281 haec
1467 1254 1512 1281 est
1529 1252 1627 1290 ipsius
1644 1260 1745 1281 sacer-

979 1303 1068 1332 dotis.
1087 1303 1124 1333 Et
1141 1304 1184 1333 sic
1197 1306 1282 1343 patet
1295 1314 1358 1344 quo
1374 1305 1467 1335 modo
1477 1304 1530 1334 illa
1541 1305 1745 1343 distinguun—

981 1356 1041 1393 tur,
1060 1358 1090 1385 et
1113 1358 1196 1394 patet
1218 1357 1302 1396 quod
1329 1367 1393 1387 uon
1411 1360 1458 1387 est
1483 1357 1686 1387 contrarietas
1716 1357 1747 1387 in

979 1409 1092 1438 littera.
1111 1409 1185 1439 Vult
1205 1410 1289 1439 enim
1314 1410 1500 1440 Ambrosius
1521 1410 1641 1447 dicere,
1664 1411 1747 1449 quod

980 1464 1106 1500 peccata
1120 1462 1267 1492 dicuntur
1279 1462 1394 1492 dimitti
1409 1472 1427 1492 a
1442 1462 1600 1492 sacerdote
1615 1471 1677 1492 non
1693 1471 1748 1501 per

982 1514 1112 1544 modum
1126 1515 1306 1552 efficientis,
1324 1515 1376 1545 sed
1399 1515 1620 1552 ministrantis;
1645 1516 1676 1544 et
1690 1515 1750 1544 1100

981 1567 1053 1597 dicit
1069 1567 1170 1597 littera
1180 1577 1325 1607 sequens,
1338 1568 1386 1598 Ad
1401 1568 1476 1598 illud
1491 1567 1574 1607 quod
1589 1567 1746 1606 objicitur,

982 1617 1066 1655 quod
1083 1617 1183 1655 Judex
1204 1617 1309 1655 punit,
1332 1617 1500 1647 dicendum
1525 1616 1608 1655 quod
1633 1615 1750 1654 duplex

982 1669 1028 1697 est
1040 1667 1195 1705 judicium
1212 1678 1219 1696 :
1236 1676 1339 1697 unum
1354 1667 1385 1696 in
1407 1667 1571 1706 praesenti,
1588 1669 1618 1696 et
1633 1666 1692 1696 1100
1705 1668 1751 1696 051

979 1720 1136 1758 judicium
1151 1720 1181 1749 in
1198 1720 1392 1759 poenitentiae
1416 1720 1498 1757 foro,
1521 1722 1550 1749 et
1572 1720 1632 1750 hoc
1647 1719 1750 1756 magis

982 1775 1028 1802 est
1042 1773 1262 1803 inisericordIae
1278 1782 1375 1812 quam
1386 1772 1521 1811 justitiae
1533 1795 1540 1809 ,
1564 1773 1638 1811 quia
1658 1772 1750 1802 modo

983 1828 1029 1856 est
1057 1829 1182 1864 tempus
1210 1825 1457 1862 rutsericordiae3
1482 1824 1567 1854 ahud
1594 1823 1751 1863 ,iudicium

983 1881 1194 1918 postremum,
1214 1881 1244 1908 et
1264 1878 1341 1908 illud
1360 1879 1407 1907 est
1419 1876 1568 1915 justitiae,
1587 1877 1671 1916 quod
1687 1877 1751 1915 sig-

984 1933 1096 1961 nanter
1111 1933 1222 1961 notans
1244 1930 1317 1960 dicit
1334 1940 1339 1960 :
1361 1929 1438 1960 Cum
1454 1936 1595 1967 accepero
1611 1932 1730 1968 tempus
1741 1938 1751 1959 :

983 1985 1014 2013 et
1027 1984 1065 2013 de
1080 1983 1132 2013 illo
1147 1982 1294 2022 opponit,
1310 1991 1375 2012 non
1389 1983 1495 2011 autem
1511 1980 1548 2010 de
1563 1980 1623 2011 isto
1639 1990 1646 2011 :
1664 1982 1693 2011 et
1708 1980 1751 2010 sic

983 2038 1068 2075 patet
1082 2035 1169 2066 illud.

1300 2083 1367 2104 DUB.
1391 2082 1436 2104 111.

1108 2137 1227 2162 Ecclesiae
1238 2136 1359 2166 charitas,
1374 2143 1429 2167 quae
1442 2143 1487 2166 per
1502 2136 1631 2167 Spiritum.

1024 2195 1153 2226 Videtur
1182 2195 1234 2224 hic
1265 2194 1465 2233 Augustinus
1492 2194 1605 2224 falsum
1634 2194 1752 2231 dicere,

985 2250 1060 2289 quia
1075 2248 1161 2279 solus
1178 2248 1259 2278 Deus
1274 2249 1399 2287 peccata
1414 2247 1541 2276 dimittit
1560 2257 1565 2277 :
1581 2247 1635 2277 sed
1648 2245 1754 2276 Eccle-

985 2303 1039 2333 siae
1055 2301 1189 2332 charitas
1197 2309 1262 2330 non
1273 2302 1319 2330 est
1329 2300 1421 2337 Deus,
1433 2299 1484 2329 sed
1498 2299 1603 2329 unitas
1616 2299 1755 2338 corporis

986 2355 1111 2395 mystici
1127 2364 1133 2384 t
1154 2362 1245 2392 ergo,
1259 2355 1315 2383 etc.
1333 2352 1411 2382 Situ
1426 2351 1510 2381 dicas
1520 2351 1602 2391 quod
1619 2351 1755 2382 charltas

986 2407 1130 2439 Ecclesiae
1143 2406 1292 2445 accipitur
1302 2413 1366 2435 non
1380 2404 1564 2442 formaliter,
1583 2404 1637 2434 sed
1652 2413 1756 2434 exem-

987 2461 1115 2501 plariter
1129 2468 1186 2499 pro
1200 2458 1361 2495 charitate,
1379 2466 1452 2497 quae
1468 2459 1513 2487 est
1527 2457 1663 2496 Spiritus
1679 2466 1755 2486 san-

987 2516 1073 2550 ctus;
1087 2512 1230 2542 similiter
1241 2512 1344 2550 posset
1357 2510 1471 2546 dicere,
1482 2509 1566 2548 quod
1578 2509 1660 2539 Dens
1671 2507 1754 2544 coeli,

989 2570 1082 2598 terrae
1096 2566 1221 2606 peccata
1235 2563 1372 2600 dimittit,
1385 2565 1415 2593 et
1425 2563 1467 2593 ita
1482 2571 1546 2592 non
1563 2561 1667 2600 magis
1675 2570 1758 2591 com-

991 2623 1108 2665 peteret
1123 2616 1281 2653 Ecclesiae‚
1299 2625 1396 2655 quam
1410 2615 1473 2646 alii.
