1991 3006
80 1764 111 1784 Ad
130 1770 140 1783 o
155 1770 182 1789 P.

186 245 244 274 330

187 311 287 348 visse,
315 309 478 350 proferatis
504 308 691 339 sententiam
720 307 846 338 dlvortii
876 307 958 336 inter

187 374 249 395 eos.
266 375 280 392 ι)

229 417 324 454 Item,
354 415 549 455 ubicumque
576 415 646 445 talis
675 423 786 451 rausa,
816 413 859 443 ibi
888 412 959 442 talis

188 471 333 502 effectus:
355 470 408 500 sed
428 469 600 507 frigiditas,
622 468 670 498 vel
687 467 841 498 arctitudo
860 467 958 506 impe-

189 524 292 554 diebat
304 525 334 554 et
345 523 510 553 dirimebat
524 524 650 562 propter
663 521 880 561 impotentiam
893 520 960 550 red—

189 577 281 608 dendi
296 577 436 607 debitum
455 587 461 606 :
479 584 558 613 crgo
578 585 651 605 cum
673 575 742 605 talis
761 583 853 603 causa
869 573 907 603 sit
928 573 959 602 in

190 631 398 668 maleficiatis,
416 630 551 667 videtur,
569 632 626 659 etc.

230 684 307 714 Item
323 685 428 723 majus
444 683 619 723 periculum
636 686 681 713 est
696 683 727 713 iu
743 682 802 720 liis,
819 682 871 721 qui
889 690 959 721 pos-

190 740 265 769 sunt
279 738 433 777 conjungi
449 737 528 773 aliis,
542 739 571 767 et
584 746 647 767 11011
658 736 727 772 sibi,
743 745 838 775 quam
853 735 883 764 iu
900 734 960 772 his,

191 792 245 831 qui
258 792 355 822 nullis
371 793 499 831 possunt
515 789 681 829 conjungi,
696 789 770 828 quisi
785 790 882 828 potest
895 796 963 818 esse

192 846 299 877 multis
314 845 433 875 occasio
448 843 590 874 adulterii
608 845 637 872 et
654 842 827 878 homicidii,
850 844 907 871 etc.
930 841 962 871 Si

191 909 271 939 crgo
294 901 481 938 separantur
501 899 627 937 propter
647 895 867 935 impotentiam
892 904 961 925 coe-

191 953 268 984 undi
284 962 355 983 cum
371 951 511 991 qualilwt
528 952 655 990 propter
670 949 846 979 naturalem
862 948 961 978 defec-

192 1009 279 1043 tum,
296 1006 363 1045 pari
379 1005 499 1035 ratione
517 1006 643 1044 propter
657 1002 875 1042 impotentiam
893 1010 962 1031 coe-

194 1060 269 1090 undi
284 1068 357 1090 cum
372 1068 436 1089 una
452 1060 578 1098 propter
593 1056 796 1087 maleficium.

234 1113 311 1143 Item
328 1112 481 1142 maleficia
496 1112 577 1141 fiunt
593 1113 658 1140 arte
677 1112 706 1140 et
727 1111 878 1149 potestate
898 1109 962 1138 dfe-

194 1175 342 1203 monum,
364 1166 444 1195 sicut
463 1165 577 1195 dicitur
592 1164 624 1193 in
638 1163 822 1193 auctoritate
837 1162 965 1192 canonis

193 1220 281 1259 prius
303 1219 426 1258 posita:
444 1218 497 1247 sed
518 1216 663 1247 diabolus
686 1218 732 1245 est
755 1216 912 1255 potentior
936 1218 966 1244 et

194 1273 362 1310 versutior,
380 1280 475 1311 quam
492 1271 605 1301 bomo:
622 1270 647 1299 si
663 1278 741 1307 ergo
755 1269 851 1298 homo
868 1269 968 1307 potest

195 1326 329 1356 alterum
343 1325 472 1355 omniuo
484 1323 614 1354 reddere
626 1322 799 1352 inhabilem
810 1321 849 1352 ad
860 1324 966 1351 actum

196 1378 408 1415 matrimonii,
430 1377 478 1408 vel
494 1376 672 1413 castrando,
690 1374 741 1406 vel
760 1374 892 1405 secando
913 1383 968 1414 per

196 1432 397 1469 violentiam,
421 1431 470 1462 vel
490 1430 592 1461 dando
615 1429 822 1466 medicinam,
843 1428 893 1458 vel
914 1437 968 1467 per

196 1487 346 1517 virtutem
376 1484 488 1524 lapidis
516 1484 653 1523 aliquam
683 1482 836 1513 occultam
851 1506 858 1519 ,
890 1481 969 1511 sicut

197 1539 294 1579 aliqui
312 1538 421 1568 medici
444 1538 591 1574 narrant,
616 1535 741 1566 videtur
762 1534 846 1574 quod
869 1534 969 1563 multo

197 1592 311 1623 fortius
330 1592 390 1622 hoc
405 1590 547 1621 diabolus
564 1589 660 1629 possit
677 1599 683 1619 z
701 1597 780 1626 ergo
800 1597 855 1628 per
871 1587 968 1618 male-

198 1646 306 1676 110111111
329 1644 442 1684 poterit
464 1643 604 1683 praestari
625 1643 736 1673 efficax
762 1642 970 1682 impedimen-

198 1701 278 1730 tum.

239 1751 352 1782 Contra
383 1761 388 1780 z
423 1754 447 1780 I.
478 1749 667 1789 Hujusmodi
697 1748 899 1787 sortilegium
926 1750 971 1777 est

200 1805 389 1835 diabolicum
423 1803 614 1834 maleficium
647 1801 700 1831 sed
729 1800 970 1831 matrimonium

199 1861 246 1889 est
265 1857 456 1893 remedium,
477 1858 507 1887 et
523 1855 669 1886 divinum
684 1854 875 1885 beneficium
894 1863 901 1884 t
918 1853 972 1884 sed

199 1911 358 1951 potentius
386 1912 433 1940 est
462 1909 608 1940 divinum
637 1907 844 1945 beneficium,
875 1916 972 1946 quam

200 1965 393 1996 diabolicum
410 1963 602 1994 maleficium
619 1971 627 1992 z
644 1971 721 2001 ergo
741 1961 844 2001 potius
864 1961 972 1990 matri-

201 2019 346 2049 monium
358 2016 663 2053 soIvitmaleficium,
673 2023 769 2054 quam
781 2014 972 2044 maleficium

201 2071 347 2102 excludat
361 2069 613 2100 matrimonium.

242 2127 270 2155 2.
288 2123 364 2154 Item
380 2123 461 2153 nihil
475 2122 605 2162 impedit
623 2121 872 2157 matrimonium,
890 2121 974 2160 quod

203 2180 248 2208 est
262 2180 503 2216 temporaneum
522 2187 528 2206 :
546 2175 599 2205 sed
617 2174 807 2204 maleficium
822 2182 917 2203 omne
929 2175 976 2203 est

203 2230 383 2261 dissolubile
401 2241 407 2260 :
425 2238 503 2267 ergo
518 2237 572 2268 per
588 2227 778 2258 maleficium
794 2236 859 2257 non
873 2227 975 2266 impe-

204 2283 289 2314 ditur
306 2282 556 2313 matrimonium.

245 2338 274 2366 3.
291 2336 380 2373 Item,
396 2335 479 2374 quod
500 2335 539 2364 sit
549 2333 745 2371 dissolubile,
769 2334 921 2373 probatur
936 2342 976 2363 ex

206 2391 295 2429 parte
316 2390 385 2427 ejus
405 2388 456 2418 cui
474 2390 523 2425 111,
546 2390 576 2418 61
599 2387 681 2417 modi
704 2386 853 2424 faciendi,
876 2388 906 2417 et
921 2396 977 2426 per

207 2451 313 2482 quem.
336 2441 382 2472 Ex
398 2443 486 2481 parte
501 2442 570 2480 ejus
587 2440 637 2471 cui
653 2441 705 2478 fit,
728 2440 802 2479 quia
818 2439 891 2470 talia
906 2449 974 2470 ma-

208 2495 307 2526 leficia
328 2495 410 2525 siunt
430 2503 485 2534 per
502 2493 654 2523 diabolica
674 2492 880 2530 commercia,
905 2501 977 2532 quae

207 2559 271 2580 non
285 2548 404 2579 habent
418 2555 507 2587 posse
522 2555 617 2585 super
634 2545 721 2577 viros
738 2547 879 2582 sanctos,
903 2544 978 2585 quia

208 2602 267 2642 ipsi
282 2602 357 2632 511111
372 2600 617 2639 triumphatores
631 2598 745 2628 diaboli
760 2609 765 2628 :
782 2607 859 2637 ergo
874 2598 979 2629 solum

209 2664 304 2693 super
328 2655 504 2694 peccatores
527 2663 533 2682 :
555 2651 608 2682 sed
634 2651 690 2681 iste
712 2652 815 2690 potest
838 2651 980 2683 desinere

210 2717 276 2739 esse
292 2709 434 2748 peccator
450 2717 456 2736 2
475 2714 563 2746 ergo,
581 2707 638 2735 etc.
654 2703 700 2734 Ex
714 2706 803 2743 parte
819 2705 902 2734 modi
918 2715 980 2745 quo

742 238 1051 271 SEN'I‘PINTIARUM
1072 239 1144 270 LIB.
1171 239 1218 270 IV.

1015 307 1068 344 fit,
1084 308 1159 347 quia
1172 307 1276 337 omnis
1291 316 1356 344 res,
1379 309 1415 338 ut
1435 308 1507 338 dicit
1523 308 1785 349 Chrysostomus,

1016 369 1072 399 per
1085 360 1210 391 easdem
1226 369 1277 390 res
1291 361 1475 398 destruitur,
1492 371 1548 401 per
1564 371 1642 402 quas
1656 372 1787 403 compo-

1016 413 1102 443 nitur
1115 424 1122 443 :
1136 422 1216 452 ergo
1231 414 1255 443 si
1267 414 1327 444 hoc
1336 414 1453 444 factum
1465 417 1512 445 est
1528 424 1584 454 per
1596 416 1786 447 maleficium

1016 466 1067 496 vel
1090 467 1260 504 maleficia,
1283 476 1361 506 ergo
1383 476 1438 506 per
1452 468 1530 498 illud
1546 468 1596 499 vel
1616 468 1667 498 illa
1689 470 1790 508 polest

1016 519 1147 550 destrui.
1165 520 1211 550 Ex
1226 522 1314 559 parte
1335 521 1419 559 ejus,
1447 530 1503 560 per
1523 530 1618 560 quem
1639 522 1691 559 111,
1715 522 1791 561 quia

1018 582 1073 612 per
1088 573 1247 603 diabolum
1265 584 1270 603 :
1288 573 1340 603 sed
1363 574 1464 603 virtus
1485 574 1599 605 diaboli
1621 574 1792 614 expellitur

1018 627 1057 656 ab
1078 626 1209 656 homine
1232 635 1286 665 per
1309 627 1520 664 exorcismos,
1537 627 1638 660 >etiam
1663 628 1791 667 quando

1018 679 1139 710 obsidet
1154 688 1285 718 corpora
1299 690 1304 709 :
1317 688 1395 718 ergo
1410 679 1536 710 videtur
1551 681 1633 720 quod
1647 680 1792 712 similiter

1019 736 1175 772 quantum
1193 732 1231 762 ad
1247 732 1392 762 effectum
1409 733 1566 763 maleficii.

1059 788 1088 815 4,
1108 785 1184 814 Item
1200 785 1324 815 videtur
1337 785 1420 824 quod
1436 785 1494 815 isia
1510 786 1662 816 maleficia
1676 786 1794 817 nullius

1020 838 1141 877 vigoris
1157 838 1235 875 sint,
1256 838 1331 877 quia
1350 847 1413 877 qua
1428 839 1549 868 ratione
1565 839 1680 868 babent
1699 839 1792 869 effec-

1021 895 1090 922 tum
1104 893 1136 922 iu
1151 894 1256 922 actum
1270 892 1373 927 illum,
1386 891 1496 921 eadem
1509 892 1630 922 ratione
1643 892 1674 921 111
1687 894 1794 922 actum

1020 954 1147 975 omnem
1161 956 1167 974 ;
1181 954 1260 983 ergo
1278 945 1303 974 si
1319 953 1374 983 per
1391 945 1543 975 maleficia
1557 946 1684 984 possent
1699 945 1797 984 impe-

1020 1000 1088 1030 dire
1111 993 1247 1036 coitum,
1273 999 1315 1028 ita
1338 1001 1463 1038 possent
1485 999 1744 1029 commixtionem
1765 1000 1796 1029 et

1021 1062 1185 1091 gressum,
1217 1054 1247 1082 et
1273 1053 1316 1082 sic
1337 1053 1491 1091 perimere
1515 1054 1615 1082 totum
1639 1051 1795 1082 mundum

1022 1115 1077 1145 per
1092 1115 1187 1136 suum
1205 1105 1404 1145 sortilegium
1424 1116 1430 1136 1
1448 1105 1530 1145 quod
1547 1105 1674 1135 credere
1689 1107 1736 1135 est
1751 1113 1797 1134 sa-

1022 1159 1199 1198 crilegium.

1064 1214 1092 1242 5.
1112 1212 1199 1249 Item,
1217 1213 1243 1242 si
1258 1212 1447 1243 maleficium
1463 1211 1604 1251 impedit,
1621 1212 1677 1241 aut
1690 1210 1799 1241 debili—

1023 1266 1118 1296 tando
1140 1267 1205 1297 vim
1231 1266 1465 1306 generativam,
1488 1268 1543 1296 aut
1563 1264 1734 1295 auterendo
1749 1264 1798 1294 fa-

1023 1320 1172 1350 cultatem
1187 1319 1323 1350 exeuudi
1340 1320 1372 1349 in
1388 1321 1496 1349 actum
1511 1329 1517 1348 :
1532 1318 1556 1347 51
1573 1317 1677 1357 primo
1693 1316 1798 1353 modo,

1024 1382 1103 1412 ergo
1128 1383 1200 1403 cum
1227 1373 1280 1403 illa
1305 1374 1353 1403 vis
1380 1372 1544 1412 aequaliter
1567 1380 1599 1401 56
1623 1371 1738 1401 habeat
1761 1369 1801 1400 ad

1024 1436 1146 1464 omncs,
1159 1427 1185 1456 si
1196 1426 1325 1466 impedit
1338 1425 1455 1456 coitum
1468 1427 1625 1464 quantum
1640 1423 1678 1453 ad
1690 1431 1799 1460 unam,

1025 1480 1157 1519 impedit
1181 1481 1337 1519 quantum
1362 1479 1401 1509 ad
1425 1486 1560 1508 omnes:
1583 1477 1609 1507 si
1633 1485 1710 1515 ergo
1737 1484 1800 1506 non

1026 1533 1156 1572 impedit
1179 1534 1335 1572 quantum
1361 1532 1398 1562 ad
1420 1539 1548 1568 omnes,
1574 1538 1653 1568 ergo
1675 1528 1802 1559 videtur

1025 1586 1108 1626 quod
1123 1588 1277 1625 quantum
1294 1585 1333 1615 ad
1348 1584 1467 1614 nullam
1487 1593 1494 1614 :
1511 1585 1539 1613 et
1555 1583 1596 1612 ita
1613 1581 1692 1612 nihil
1709 1580 1802 1611 vide—

1027 1643 1078 1670 tur
1095 1640 1208 1677 dicere,
1225 1639 1309 1679 quod
1320 1639 1417 1678 possit
1433 1645 1624 1677 cognoscere
1639 1635 1716 1665 alias
1729 1643 1802 1665 mu-

1026 1693 1133 1731 lieres,
1153 1695 1183 1723 et
1204 1702 1268 1723 non
1287 1701 1389 1722 suam.
1409 1690 1558 1722 Similiter
1577 1697 1678 1728 argue
1697 1687 1736 1718 de
1752 1696 1801 1718 se-

1027 1747 1129 1778 eundo
1154 1747 1263 1783 modo,
1287 1746 1402 1776 scilicet
1426 1743 1596 1775 auferendo
1621 1741 1802 1773 facultatem

1027 1801 1165 1831 exeundi
1180 1800 1212 1830 in
1227 1802 1345 1830 actum.

1302 1887 1525 1920 CONCLUSIO.

1028 1966 1189 2000 Impotentt‘a
1208 1964 1320 1991 coeundi
1338 1971 1387 1997 per
1402 1962 1560 1995 maleficium
1572 1981 1581 1991 ,
1602 1959 1803 1986 matrimonium

1064 2009 1193 2043 impedit,
1217 2010 1243 2034 ει·
1265 2007 1398 2042 praecedat
1418 2008 1600 2036 contractum3
1615 2011 1697 2036 secus,
1712 2003 1738 2029 si
1760 2009 1801 2028 se—

1065 2055 1176 2088 quat-ur.

1071 2124 1162 2162 Resp.
1179 2122 1219 2152 ad
1232 2130 1303 2160 arg.
1319 2120 1490 2151 Dicendum
1505 2118 1590 2158 quod
1605 2117 1702 2156 aliqui
1717 2116 1803 2146 dixe-

1031 2179 1122 2214 runt,
1140 2176 1225 2216 quod
1239 2174 1433 2205 maleficium
1448 2171 1527 2202 nihil
1541 2172 1607 2202 erat
1622 2170 1654 2200 in
1670 2168 1801 2206 mundo,

1031 2239 1088 2260 nec
1112 2230 1246 2268 alicujus
1270 2228 1338 2265 vis,
1365 2227 1425 2257 nisi
1450 2226 1483 2255 in
1507 2224 1572 2255 sola
1594 2222 1803 2254 aesumatione

1031 2282 1198 2313 hominum
1210 2305 1219 2319 ‚
1249 2282 1304 2320 qui
1332 2280 1448 2310 multos
1478 2276 1638 2308 naturales
1665 2275 1804 2305 defectus

1031 2335 1208 2365 attribuunt
1226 2333 1388 2364 maleficiis
1402 2332 1586 2363 daemonum
1606 2330 1734 2368 propter
1749 2327 1802 2357 de-

1031 2389 1147 2418 sectum
1163 2387 1246 2418 fidei.
1264 2386 1324 2417 Sed
1341 2386 1398 2416 ista
1410 2384 1521 2424 positio
1537 2383 1666 2421 derogat
1677 2379 1758 2420 juri,
1773 2381 1804 2410 et

1032 2441 1163 2479 derogat
1183 2438 1324 2479 opInioni
1340 2438 1449 2477 vulgi,
1473 2439 1503 2467 et
1519 2435 1602 2475 quod
1621 2434 1726 2473 majus
1740 2433 1801 2469 est,

1033 2493 1250 2533 experimento
1264 2503 1270 2523 ε
1283 2491 1393 2522 6111160
1408 2499 1472 2521 11011
1486 2489 1580 2519 babet
1590 2486 1802 2517 stabilitatem.

1034 2546 1177 2578 Fuerunt
1196 2547 1227 2575 et
1242 2544 1295 2575 alii
1316 2544 1369 2584 qui
1392 2543 1557 2578 dixerunt,
1579 2539 1662 2579 quod
1684 2537 1805 2569 maleti-

1034 2600 1120 2630 cium
1135 2598 1266 2637 impedit
1281 2598 1399 2628 coitum
1413 2595 1450 2625 ad
1470 2597 1610 2634 tempus,
1627 2592 1680 2623 sed
1698 2593 1805 2621 tamen

1034 2652 1160 2683 nullum
1182 2653 1229 2682 est
1249 2652 1452 2690 perpetuum,
1473 2647 1550 2687 quia
1563 2645 1725 2686 quodlibet
1742 2643 1807 2674 dis-

1036 2705 1116 2736 solvi
1130 2706 1231 2745 potest
1244 2703 1294 2733 vel
1309 2711 1364 2742 per
1378 2700 1551 2734 diabolum,
1567 2699 1618 2731 vel
1636 2707 1690 2739 per
1705 2696 1806 2728 male-

1817 2136 1873 2163 Opin
1902 2141 1919 2157 t.

1819 2402 1913 2429 Iinprob.

1820 2562 1886 2588 Opin.
1904 2563 1924 2582 2.
