1991 3006
100 973 204 994 Fundam.

220 207 277 236 536

218 274 368 312 utroque,
390 274 490 312 potest
513 272 613 302 facere
637 281 717 311 opus
741 272 777 302 de
799 271 937 310 justitia,
955 270 985 300 in

219 334 282 364 quo
296 334 361 354 nou
375 325 414 354 sit
429 324 653 355 misericordia.

260 377 336 408 Item
358 379 453 408 tantae
474 377 576 417 eulpae
604 377 734 407 debetur
757 379 842 406 tanta
869 384 984 416 poena:

219 430 372 470 quaeritur
396 440 492 469 ergo,
517 433 625 461 utrum
648 430 729 461 Deus
751 430 848 469 possit
869 431 987 459 tautam

219 483 384 522 infligere:
401 483 426 513 si
442 492 517 521 non,
535 493 613 522 ergo
630 493 694 514 non
711 486 757 514 est
771 483 986 522 omnipoteus;

218 537 242 565 si
266 538 381 575 potest,
402 539 432 567 et
454 537 511 567 hoc
535 537 593 567 erit
621 546 709 576 purae
732 536 880 575 justitiae,
910 544 989 574 ergo

219 592 319 630 potest
334 591 434 621 facere
454 600 534 630 opus
555 599 644 630 purae
660 589 796 629 ,iustitiae
814 599 821 618 ·.
847 588 990 618 similiter

219 643 430 681 concluditur,
453 644 537 684 quod
552 653 632 683 opus
646 651 734 682 purae
751 641 987 672 misericordiae.

262 696 338 727 Item
360 697 457 727 homo
477 699 577 736 potest
601 696 761 726 hominem
782 694 896 734 punire
920 696 989 723 tun-

221 752 304 787 tum,
325 752 481 789 quantum
504 750 639 786 meruit;
662 750 761 788 potest
779 748 873 778 etiam
889 749 990 777 totum

220 803 380 833 remittere
396 812 403 833 :
420 812 500 842 ergo
521 803 545 833 si
562 803 644 833 Deus
663 801 836 841 est-iustior
852 803 881 830 et
897 801 991 830 mise-

220 855 373 886 ricordior
387 856 517 887 homine
527 880 535 893 ,
554 855 653 886 multo
669 855 781 885 fortius
795 854 876 884 Deus
891 856 992 893 potest

220 909 281 940 hoc
294 910 406 940 facere.

262 962 374 993 Contra
388 974 394 992 :
414 965 441 992 1.
459 962 567 993 Justus
580 964 636 999 est,
653 964 683 992 et
700 962 707 977 ¹
726 969 838 1000 neaera
853 961 992 1000 seipsum

221 1023 284 1047 non
312 1018 414 1054 potest
444 1026 455 1046 ,·
484 1015 508 1045 si
538 1023 617 1053 ergo
653 1023 716 1044 non
758 1016 857 1053 potest
893 1014 992 1043 facere

219 1071 327 1099 contra
341 1078 385 1106 se,
408 1078 462 1098 nec
478 1078 511 1098 se
530 1076 662 1105 negare,
679 1076 744 1098 non
759 1069 861 1106 potest
876 1068 991 1103 sas—ere,

219 1122 295 1161 quin
312 1121 421 1161 puniat
438 1132 443 1151 :
461 1123 491 1151 et
506 1121 559 1157 sic,
577 1122 634 1150 etc.

258 1178 288 1206 9..
314 1175 389 1205 item
416 1175 579 1214 proprium
602 1178 648 1204 est
670 1173 721 1203 Dei
747 1174 912 1203 misereri:
940 1173 993 1203 sed

220 1228 383 1268 proprium
399 1237 462 1258 non
485 1230 585 1267 potest
608 1227 786 1265 relinquere
807 1226 886 1256 iilud
902 1227 994 1265 quus

219 1284 264 1311 est
283 1280 448 1321 proprium
466 1292 472 1310 :
495 1289 574 1319 ergo
596 1279 791 1318 impossibile
817 1281 881 1316 est,
908 1278 993 1317 quod

220 1337 359 1376 aliquem
395 1338 576 1366 remuneret
593 1359 601 1372 ,
639 1335 716 1373 quin
754 1334 996 1364 misericorditer

221 1389 322 1419 saciat.

262 1445 290 1473 3.
317 1442 391 1472 item
414 1441 505 1480 culpa
519 1443 565 1471 est
580 1442 678 1471 totam
693 1440 817 1479 culpam
835 1439 993 1479 prosequi,

223 1500 253 1526 et
274 1496 366 1534 culpa
388 1496 433 1525 est
449 1494 568 1523 mulum
586 1493 765 1532 relinquere
780 1493 975 1531 impunitum
990 1501 997 1522 z

223 1558 300 1587 ergo
325 1549 404 1577 sicut
432 1547 511 1577 Deus
536 1556 599 1576 non
623 1548 725 1586 potest
750 1546 896 1581 mentiri,
922 1546 998 1584 quia

225 1601 343 1632 malum
360 1603 405 1631 est
420 1601 486 1631 sive
502 1601 594 1639 culpa
609 1611 615 1636 3
638 1600 681 1629 sic
697 1609 753 1629 nec
769 1598 901 1629 omnino
914 1600 999 1637 justo

225 1653 356 1693 punire·,
375 1653 418 1682 sic
437 1662 494 1682 nec
512 1653 642 1682 omnino
663 1652 907 1682 misericorditer
926 1661 997 1690 par-

225 1715 307 1736 cere.

270 1762 298 1791 4.
334 1758 432 1795 Item,
459 1758 539 1787 sicut
566 1758 647 1788 Deus
671 1760 755 1788 creat
784 1758 816 1788 in
846 1759 1001 1796 (plautum

228 1820 332 1848 unus,
350 1820 461 1847 verus,
478 1812 509 1840 et
531 1811 653 1847 bonus3
675 1810 719 1840 ita
740 1810 824 1848 regit
844 1812 873 1840 et
893 1818 999 1839 remu-

229 1866 334 1902 nerat,
353 1865 385 1894 in
408 1866 561 1903 quantum
579 1864 758 1894 misericors
774 1866 805 1894 et
819 1873 932 1894 verus:
950 1863 1003 1893 sed

230 1917 422 1957 impossibile
449 1919 495 1946 est
518 1917 616 1947 Deum
636 1917 737 1947 facere
762 1917 927 1953 effectum,
949 1917 1004 1956 qui

231 1980 293 2002 non
312 1971 425 2001 habeat
450 1971 580 2001 modum
592 1994 601 2007 ,
618 1971 754 2010 speciem
766 1994 775 2008 ,
792 1973 821 2000 et
837 1970 981 2000 ordinem
992 1994 1001 2007 ,

232 2033 303 2063 quae
318 2024 508 2063 respondent
526 2023 670 2061 bonitati,
689 2023 813 2054 veritati
830 2024 868 2061 (α)
882 2026 912 2053 et
929 2023 1004 2053 uni-

232 2077 287 2107 tati
312 2088 317 2106 :
340 2085 418 2115 ergo
441 2076 634 2115 impossihile
656 2078 703 2106 est
726 2076 811 2115 quod
832 2076 1002 2113 retribuat,

233 2130 309 2168 quin
325 2130 359 2159 in
374 2129 487 2160 effectu
500 2128 552 2158 illo
565 2129 684 2168 aliquid
696 2129 1002 2167 retribuutjustitiae,

233 2182 350 2222 aliquid
369 2182 604 2213 misericordiae.

502 2295 727 2327 CONCLUSIO.

236 2381 267 2407 ln
293 2382 365 2407 omni
386 2389 460 2416 opere
484 2382 666 2408 retributionis
690 2383 748 2407 sim!
773 2381 957 2408 misericordia
984 2383 1008 2407 et

268 2425 375 2459 justitia
391 2427 432 2452 ita
456 2426 628 2459 conjunctim,
645 2425 714 2460 quod
732 2425 895 2459 impossibile
915 2427 950 2450 sst
973 2425 1007 2451 ab

273 2470 384 2496 invicem
397 2477 440 2496 eas
453 2471 588 2504 separari.

278 2553 369 2592 Resp.
393 2552 430 2582 ad
455 2562 526 2592 arg.
557 2552 726 2583 Dicendum
747 2553 831 2592 quod
860 2553 892 2583 in
920 2553 1007 2583 omni

239 2606 444 2636 retributione
460 2605 583 2636 Domini
599 2605 641 2635 sic
660 2607 735 2635 sunt
752 2606 928 2644 conjunctae
946 2607 1008 2636 mi—

272 2668 313 2692 ¹11
329 2668 402 2699 Tim„
418 2674 447 2698 11,
464 2669 501 2692 13.

775 202 1083 235 SlcN'iiNTlAltUM
1111 204 1180 234 MR.
1207 203 1254 234 iv.

1044 271 1213 301 sericordia
1234 272 1263 301 et
1281 271 1422 309 justitia,
1447 271 1530 310 quod
1554 271 1744 310 impossibile
1765 274 1812 302 est

1044 324 1182 363 separari
1204 333 1256 354 eas
1273 325 1312 354 ab
1333 324 1480 354 invicem.
1498 323 1534 354 Et
1553 324 1631 354 ratio
1645 324 1742 362 hujus
1754 326 1811 361 est,

1045 377 1118 416 quia
1140 378 1217 407 sicut
1242 378 1274 407 in
1294 377 1400 414 nohis,
1415 377 1561 417 quaedam
1582 380 1655 408 sunt
1669 377 1812 415 virtutes,

1045 440 1181 470 quarum
1208 431 1352 469 perfectio
1377 430 1550 460 attenditur
1576 439 1630 469 per
1654 439 1814 461 accessum

1045 484 1083 514 ad
1109 487 1310 521 extremum,
1336 486 1449 523 utputa
1478 484 1636 520 charita53
1667 483 1814 523 quaedam

1046 546 1101 576 per
1125 546 1285 567 accessum
1311 537 1348 567 ad
1376 537 1538 569 medium,
1566 539 1600 567 ut
1620 537 1760 576 Justitia,
1785 538 1816 567 et

1047 591 1259 621 misericordia
1276 601 1282 620 ι
1301 590 1384 621 unde
1397 599 1460 620 non
1478 590 1594 621 dicitur
1608 599 1732 621 summe
1743 591 1814 629 jus-

1047 646 1096 673 tus
1121 653 1175 682 pei·
1199 652 1360 673 excessum
1386 644 1580 681 severitatis,
1612 652 1668 673 nec
1692 652 1817 674 summe

1048 696 1226 727 misericors
1263 705 1317 735 per
1352 696 1566 726 omnimodam
1599 696 1816 727 remissionem

1047 748 1168 788 ciilpae3
1185 749 1237 778 sed
1253 749 1327 788 quia
1342 749 1508 778 miseretur
1523 752 1646 779 lantum
1660 751 1816 788 quantum

1047 804 1093 832 est
1107 802 1308 839 conveniens,
1325 805 1352 833 et
1368 802 1511 833 similiter
1527 805 1648 833 tantum
1661 803 1761 842 punit.
1780 802 1818 833 Et

1047 855 1146 894 hujus
1166 855 1245 885 ratio
1262 855 1331 886 haec
1345 858 1406 892 est,
1424 855 1498 895 quia
1510 856 1634 895 ,justitia
1648 857 1677 886 et
1692 856 1816 886 miseri-

1048 909 1154 938 cordia
1178 909 1330 938 ·licuutur
1357 909 1494 939 maxime
1520 910 1664 948 respectu
1687 910 1817 939 actuum

1049 964 1078 991 et
1093 962 1279 992 meritorum
1295 966 1489 992 nostrorum.

1092 1015 1118 1043 1.
1143 1013 1188 1042 Ad
1204 1012 1281 1043 iilud
1296 1013 1379 1052 quod
1395 1013 1468 1043 dicit
1490 1013 1585 1052 Hugo
1597 1037 1604 1049 ,
1621 1013 1706 1052 quod
1720 1014 1820 1053 potest

1049 1068 1146 1096 totam
1174 1066 1299 1106 eulpam
1328 1067 1507 1104 remittere,
1538 1066 1706 1097 dicendum
1735 1065 1820 1106 quod

1051 1129 1163 1150 verum
1181 1122 1227 1149 est
1246 1120 1282 1149 de
1302 1120 1441 1159 potentia
1459 1119 1659 1158 simpliciter;
1682 1119 1735 1149 sed
1758 1127 1820 1148 non

1050 1176 1094 1202 est
1122 1182 1234 1203 verum
1250 1173 1287 1202 de
1308 1172 1446 1212 potentia
1468 1172 1611 1202 ordinata
1632 1172 1670 1202 ad
1695 1171 1818 1202 merita.

1051 1225 1106 1256 Vel
1123 1226 1312 1265 intelligitur
1334 1226 1370 1255 de
1396 1235 1489 1264 poena
1511 1226 1740 1265 subsequente,
1757 1234 1823 1256 non

1051 1280 1088 1310 de
1112 1289 1205 1319 poena
1233 1280 1462 1310 concomitante
1486 1279 1634 1318 culpam:
1666 1278 1759 1318 quia,
1788 1280 1824 1309 ut

1052 1333 1165 1363 dicitur
1178 1334 1209 1363 in
1226 1333 1306 1363 libro
1323 1333 1561 1371 Confessionum
1573 1354 1582 1368 ,
1602 1343 1616 1361 «
1632 1331 1825 1372 impossibile

1053 1389 1099 1416 est
1122 1386 1255 1416 dedecus
1278 1386 1393 1425 peccati
1417 1395 1482 1416 esse
1507 1386 1575 1416 sine
1599 1385 1710 1416 decore
1726 1385 1823 1424 Justi-

1055 1439 1116 1469 [lae.
1132 1450 1145 1467 ))

1094 1496 1122 1522 9,.
1154 1492 1199 1522 Ad
1232 1492 1309 1522 illud
1340 1493 1425 1532 quod
1459 1492 1626 1532 oincitur,
1661 1491 1745 1531 quod
1780 1493 1826 1522 est

1054 1555 1177 1576 summe
1190 1547 1309 1585 justus,
1327 1546 1493 1577 dicendum
1511 1549 1556 1576 est
1572 1545 1656 1585 quod
1671 1554 1736 1576 non
1753 1545 1827 1575 dici-

1055 1602 1106 1629 tur
1129 1608 1252 1629 summe
1272 1601 1378 1638 justus
1400 1608 1455 1638 per
1478 1608 1637 1629 recessum
1657 1608 1676 1628 a
1701 1598 1826 1628 miseri-

1055 1653 1160 1683 cordia
1182 1652 1219 1682 ad
1242 1653 1460 1689 severitatem,
1487 1652 1540 1682 sed
1564 1652 1680 1682 dicitur
1703 1660 1828 1682 summe

1052 1707 1159 1744 Justus
1177 1714 1229 1744 per
1243 1714 1402 1736 recessum
1418 1706 1456 1735 ab
1472 1705 1636 1744 injustitia.

1097 1760 1125 1788 3.
1150 1758 1197 1788 Ad
1214 1758 1292 1788 iliud
1314 1758 1398 1797 quod
1414 1758 1586 1797 quaeritur,
1604 1759 1712 1788 utrum
1732 1757 1829 1797 possit

1059 1812 1107 1841 isti
1122 1814 1241 1842 tantam
1258 1820 1384 1850 poenam
1405 1810 1565 1849 infligere3
1582 1810 1650 1840 dico
1666 1811 1749 1850 quod
1765 1819 1829 1841 non

1058 1866 1178 1904 potest:
1197 1867 1227 1894 et
1242 1864 1312 1901 hoc,
1329 1865 1403 1903 quia
1418 1863 1641 1894 misericordiae
1657 1865 1828 1903 repugnat,

1059 1920 1089 1947 ct
1104 1927 1167 1948 non
1192 1920 1293 1957 potest
1315 1927 1405 1947 suam
1428 1917 1675 1948 misericordiam
1690 1925 1827 1956 negare:

1060 1971 1119 2001 boc
1139 1971 1224 2001 enim
1247 1980 1310 2001 non
1332 1980 1421 2010 posse
1448 1973 1495 2000 est
1519 1981 1524 2000 :
1553 1970 1637 2000 uude
1660 1970 1741 2000 sicut
1763 1978 1828 2000 non

1060 2033 1150 2063 posse
1165 2033 1232 2054 esse
1252 2024 1406 2062 inJustum
1426 2032 1490 2053 non
1510 2025 1600 2053 sonat
1615 2022 1647 2052 in
1662 2022 1831 2061 defectum,

1060 2078 1112 2107 sed
1130 2077 1162 2106 in
1182 2077 1397 2113 nobilitatem;
1416 2076 1460 2106 sic
1481 2075 1513 2105 iu
1538 2075 1696 2114 proposito
1717 2074 1833 2105 intelli-

1062 2130 1214 2168 gendum.
1244 2129 1350 2159 P0<sct
1372 2129 1466 2159 etiam
1492 2128 1567 2164 dici,
1599 2128 1682 2167 quod
1710 2128 1832 2158 ratione

1061 2183 1188 2213 offensae
1205 2191 1276 2221 quae
1291 2184 1337 2211 est
1360 2182 1392 2211 in
1418 2181 1516 2211 Deum
1540 2180 1699 2210 infinitum
1712 2204 1721 2218 ‚
1738 2189 1833 2220 poena

1063 2244 1124 2265 non
1156 2235 1252 2275 possit
1274 2235 1433 2265 sufficiens
1457 2234 1577 2270 taxari,
1607 2242 1664 2263 nec
1689 2235 1833 2272 peccator

1062 2290 1142 2319 esset
1167 2297 1266 2328 capax
1290 2299 1296 2317 z
1325 2287 1409 2318 unde
1439 2287 1576 2317 defectus
1606 2289 1653 2316 est
1680 2295 1720 2316 ex
1745 2288 1834 2326 parte

1063 2344 1185 2372 naturae
1211 2340 1426 2380 suscipientis,
1450 2348 1513 2369 uon
1532 2341 1654 2369 naturae
1680 2339 1834 2378 infligen-

1064 2394 1113 2424 tis.

1104 2449 1132 2476 li.
1157 2447 1203 2477 Ad
1227 2446 1302 2476 illud
1328 2445 1412 2485 quod
1434 2444 1600 2484 objicitur,
1628 2444 1713 2484 quod
1737 2444 1834 2476 homo

1066 2502 1164 2539 potest
1184 2507 1310 2539 parcere
1329 2500 1446 2534 totum,
1470 2497 1656 2535 dicendum,
1680 2497 1765 2537 quod
1789 2500 1836 2529 est

1064 2553 1161 2583 homo
1176 2552 1214 2582 ad
1234 2560 1330 2591 quem
1353 2553 1469 2591 spectat
1484 2551 1645 2588 misereri,
1662 2552 1696 2580 ut
1717 2552 1764 2580 est
1783 2550 1835 2581 ille

1081 2667 1084 2671 Α
1098 2632 1208 2691 (mdctzt.
1224 2631 1284 2655 erist.
1299 2632 1379 2655 onziet.
1397 2630 1504 2654 veritati.
1516 2644 1546 2648 —-
1562 2630 1594 2660 (b)
1612 2630 1671 2654 Cet!-
1685 2630 1745 2654 edil,
1758 2630 1834 2655 mine-

1066 2674 1132 2692 neor
1151 2673 1182 2691 la.
