1991 3006
208 208 265 237 558

208 274 251 304 ita
270 272 442 313 corporalis
464 270 502 301 ad
522 269 718 309 corporalem
743 277 751 298 ι
772 268 822 298 sed
842 268 885 298 sic
911 270 979 304 est,

209 329 293 370 quod
308 328 419 358 oculus
444 325 617 366 spiritualis
634 324 791 355 malorum
817 332 880 353 non
898 323 981 353 videt

207 382 309 412 lucem
324 379 520 420 spiritualem
531 403 538 415 ,
557 379 633 419 quia
648 381 693 408 est
708 376 975 417 improportiona-

209 435 279 464 bilis
298 445 303 464 :
321 442 398 472 ergo
414 432 559 462 similiter
570 440 643 462 cum
659 430 770 461 oculus
784 429 980 467 glorificatus

209 487 250 516 sit
272 484 614 525 improportionabilis,
632 492 696 514 non
712 483 830 513 videbit
851 482 976 512 clarita-

211 542 274 569 tem
290 538 430 578 corporis
445 537 625 576 glorificati.

251 595 280 623 4.
305 592 399 629 ltem,
425 591 450 620 si
472 590 609 628 videbit,
633 598 706 619 cum
721 597 832 619 sensus
848 587 985 617 exterior

212 648 359 686 pascatur
366 645 399 675 in
408 643 670 683 contemplatione
677 641 895 677 humanitatis,
905 641 986 670 sicut

213 699 340 729 interior
351 698 384 727 in
394 697 656 736 contemplatione
668 694 851 731 divinitatis,
861 693 986 723 videtur

212 752 297 791 quod
317 751 453 781 habeant
468 750 706 781 delectationem
723 758 730 778 ι
749 748 801 778 sed
817 756 882 778 non
896 747 985 777 vide-

212 805 292 835 bunt
306 804 519 841 divinitatem,
544 813 583 833 ne
600 803 793 833 delectentur
811 811 818 831 :
837 810 914 840 ergo
931 809 987 830 nec

212 859 455 889 humanitatem.

253 914 280 942 5.
308 911 401 946 Item,
427 909 576 949 quamvis
601 908 743 939 Christus
765 908 805 938 sit
829 908 988 946 benignus

212 964 385 995 secundum
400 963 563 993 veritatem
573 986 581 999 ,
599 964 704 992 tamen
719 960 881 1001 apparebit
895 960 988 990 terri-

212 1018 284 1048 bilis
296 1016 450 1056 reprobis,
464 1016 543 1045 sicut
553 1015 627 1045 dicit
640 1015 796 1045 Isidorus¹
810 1022 906 1052 :ergo
920 1013 987 1053 pari

213 1073 349 1109 ratione,
366 1070 513 1110 quamvis
528 1070 567 1100 sit
584 1069 756 1108 gloriosus,
776 1071 881 1098 tamen
898 1066 988 1098 debet

214 1124 356 1165 reprobis
371 1132 522 1164 apparere
537 1123 740 1162 ingloriosus.

486 1240 710 1272 CONCLUSIO.

217 1328 337 1354 Christus
354 1330 409 1352 tam
427 1326 500 1352 bonis
514 1333 595 1359 quam
611 1325 690 1351 malis
705 1323 846 1358 apparebit
861 1324 891 1348 in
902 1323 990 1355 forma

251 1372 385 1405 gloriosa,
408 1370 467 1396 licet
489 1370 549 1396 bom·
573 1377 630 1395 cum
654 1368 773 1403 flauam,
796 1370 820 1394 et
843 1366 910 1393 mali
933 1372 991 1392 cum

253 1415 406 1448 confusione
420 1415 509 1448 ipsam
524 1414 660 1440 videbunt.

258 1499 349 1538 Resp.
365 1498 403 1528 ad
413 1507 484 1537 arg.
502 1497 673 1528 Dicendum
689 1496 773 1536 quod
787 1495 927 1526 Christus
942 1503 992 1533 ap-

218 1552 339 1593 parebit
354 1553 387 1582 in
402 1551 504 1581 forma
525 1550 680 1589 gloriosa,
702 1552 739 1580 ut
753 1551 799 1579 est
813 1551 991 1584 ostensum⁷

218 1615 281 1636 non
306 1607 429 1635 tautum
452 1604 558 1641 bonis,
585 1604 638 1633 sed
662 1603 756 1633 etiam
780 1601 934 1641 reprobis.
958 1600 993 1630 Et

219 1668 283 1690 non
298 1659 357 1689 erit
373 1657 550 1688 differentia
568 1666 608 1686 ex
624 1658 711 1695 parte
727 1654 923 1694 apparentis,
940 1653 993 1683 scd

220 1722 261 1743 ex
274 1714 362 1751 parte
373 1710 608 1750 respicientium
623 1721 627 1739 :
642 1709 715 1739 boni
731 1708 815 1738 enim
830 1707 996 1746 respicient

223 1765 394 1804 gloriosam
407 1764 543 1793 formam
555 1772 627 1792 cum
641 1762 761 1801 gaudio
771 1763 801 1791 et
813 1760 928 1799 gloria3
942 1759 995 1789 sed

220 1818 308 1856 mali,
322 1827 395 1848 cum
406 1817 591 1847 confusione
602 1818 632 1846 et
641 1824 744 1855 poena.
759 1814 996 1845 Contundentur

220 1872 306 1902 enim
322 1871 355 1901 in
370 1873 497 1910 aspectu
515 1871 602 1909 ejus,
626 1871 655 1899 et
678 1878 742 1899 non
764 1869 912 1908 poterunt
927 1867 997 1904 eius

221 1925 378 1954 sustinere
402 1924 556 1954 intuitum
577 1924 705 1962 propter
724 1920 922 1952 conscientiae
945 1928 995 1949 re-

222 1987 382 2015 morsum,
401 1980 432 2007 et
447 1979 575 2017 propter
593 1975 843 2015 expectationem
862 1973 996 2004 serendae

222 2032 385 2062 sententiae
400 2034 509 2061 contra
523 2040 576 2061 eos
593 2040 599 2061 :
617 2040 634 2060 e
649 2032 757 2060 contra
772 2028 848 2059 boni
864 2027 997 2058 delecta—

222 2086 353 2116 buntur.

264 2141 277 2168 1
291 2140 321 2168 et
332 2140 362 2168 ⁶2.
378 2137 423 2167 Ad
440 2136 516 2166 illud
531 2136 615 2175 quod
631 2135 790 2174 objicitur,
808 2134 892 2173 quod
906 2142 999 2172 appa-

223 2191 303 2221 rebit
326 2200 399 2220 cum
421 2198 515 2219 cruce
538 2190 567 2218 et
590 2188 803 2224 cicatricibus,
829 2186 998 2217 dicendum

225 2244 309 2284 quod
325 2244 406 2273 sicut
421 2242 579 2272 cicatrices
594 2241 627 2271 in
639 2240 831 2280 martyribus
846 2249 911 2270 non
926 2241 999 2269 sunt

225 2297 354 2336 signum
373 2295 567 2325 infirmitatis
587 2294 766 2334 praesentis,
790 2293 843 2323 sed
862 2292 997 2323 infirmi-

225 2350 297 2380 tatis
321 2348 505 2388 praeteritae,
528 2348 592 2377 imo
614 2349 768 2386 quantum
791 2346 829 2376 ad
851 2346 997 2385 gloriam,

227 2405 257 2434 et
271 2402 461 2438 decentiam,
483 2403 513 2431 et
535 2400 801 2440 pulchritudinem
819 2402 893 2430 sunt
908 2400 1000 2437 signa

228 2455 368 2487 victoriae
384 2456 414 2484 et
429 2453 556 2492 gloriam
574 2453 618 2483 sic
637 2453 669 2483 in
685 2453 807 2483 Christo
823 2453 1002 2490 intelligen-

228 2509 318 2545 dum,
331 2507 415 2547 quod
428 2506 490 2537 illae
500 2507 659 2536 cicatrices
672 2508 702 2535 et
716 2515 796 2536 crux
806 2506 898 2544 signa
908 2507 1001 2535 erunt

263 2606 353 2635 ⁸1sid.‚
366 2605 395 2628 de
409 2605 503 2628 Smnm.
521 2604 579 2627 Bon.
593 2621 597 2631 ,
612 2612 633 2626 c.
650 2608 712 2631 xxx,
725 2604 739 2633 ς’
749 2604 771 2625 9.
783 2616 812 2619 -
829 2604 837 2618 '2
852 2604 916 2626 Luc..
931 2608 1001 2631 xxiv,

232 2644 269 2666 ¹13.
284 2653 315 2659 —
330 2641 340 2656 ³
359 2640 398 2669 Cf.
415 2640 441 2663 S.
459 2639 561 2667 Tuom,
576 2638 600 2661 in
618 2637 704 2668 suppl.
722 2644 747 2667 p.
768 2638 808 2667 tn,
825 2645 848 2668 q.
869 2644 1000 2668 Lxxxvni,

231 2678 278 2700 art..
300 2677 331 2706 3;
347 2674 438 2699 Thom.
460 2675 573 2704 Argent.,
593 2672 622 2696 tv
646 2672 713 2701 Sent,
738 2672 794 2696 dist.
816 2678 912 2703 xcviii,
933 2680 958 2703 q.
982 2679 1001 2703 1,

771 199 1077 232 SENTENTIARUM
1100 202 1133 232 Ll
1142 202 1172 233 Β.
1199 203 1247 233 lv.

1038 269 1148 299 mortis
1159 269 1324 300 vilissimae
1335 278 1432 310 quam
1443 269 1604 306 sustinuit3
1622 268 1676 300 sed
1689 271 1806 309 tamen,

1037 323 1110 361 quia
1135 323 1331 362 apparebunt
1350 323 1382 353 in
1403 323 1589 354 excellentia
1612 322 1739 362 gloriae,
1763 322 1809 352 si-

1037 384 1138 414 gnum
1165 379 1257 406 erunt
1282 377 1394 415 gloriae
1420 378 1494 406 tuuc
1522 376 1694 415 praesentis,
1722 374 1811 406 Unde

1038 429 1280 468 Chrysostomus
1295 429 1383 467 dicit,
1401 437 1496 468 super
1514 429 1710 466 Μαῑῑὴωιιηι,
1726 429 1811 469 quod

1038 491 1118 512 crux
1139 482 1234 512 radiis
1256 482 1329 512 solis
1350 483 1410 513 erit
1433 482 1598 520 lucentior,
1620 481 1764 512 similiter
1782 484 1813 513 et

1039 535 1209 565 cicatrices.

1081 590 1098 618 3
1109 591 1139 619 et
1151 592 1180 619 4.
1199 589 1245 619 Ad
1262 589 1338 620 illud
1352 590 1436 629 quod
1451 589 1613 629 objicitur,
1630 588 1715 628 quod
1729 587 1813 620 oculi

1040 652 1150 673 eorum
1175 644 1248 672 sunt
1272 642 1614 682 improportionabiles,
1644 641 1814 672 dicendum

1041 697 1125 736 quod
1149 696 1479 736 iinproportionabiles
1502 698 1595 726 erunt
1622 704 1678 735 per
1705 695 1815 735 priva-

1041 749 1159 780 tionem
1174 748 1360 779 sufficientis
1375 748 1605 788 proportionis,
1621 748 1691 778 ideo
1708 750 1816 778 retun-

1041 803 1156 834 dentur
1180 802 1282 838 visus,
1308 803 1337 832 et
1360 802 1595 832 confundentur
1612 809 1620 830 ι
1636 800 1690 831 sed
1708 803 1816 832 tamen

1042 865 1107 886 non
1130 857 1224 886 erunt
1247 855 1378 885 omnino
1406 853 1736 895 improportionabiles
1761 862 1818 893 per

1043 910 1197 940 defectum
1213 909 1318 939 omnis
1333 909 1557 948 proportionis.
1579 907 1641 938 Nec
1655 909 1702 938 est
1716 906 1818 938 simile

1043 964 1081 994 de
1106 963 1175 994 luce
1200 962 1373 1003 spirituali,
1400 962 1475 1002 quia
1498 961 1552 992 ina
1573 960 1694 992 excedit
1718 959 1819 991 multo

1044 1017 1115 1057 plus
1133 1016 1259 1047 oculum
1281 1015 1467 1056 peccatoris,
1490 1024 1587 1054 quam
1606 1014 1664 1045 lux
1680 1013 1820 1053 corporis

1044 1070 1174 1107 gloriosi
1189 1070 1319 1100 oculum
1335 1069 1476 1108 corporis
1491 1067 1658 1108 passibilis.

1085 1126 1113 1153 5.
1132 1122 1179 1153 Ad
1194 1122 1272 1153 illud
1287 1122 1371 1161 quod
1387 1121 1547 1161 objicitur,
1563 1120 1649 1160 quod
1662 1119 1821 1150 videbitur

1045 1176 1192 1207 terribilis
1203 1178 1234 1206 et
1244 1175 1394 1212 blandus3
1411 1183 1491 1213 ergo
1502 1173 1648 1204 similiter
1663 1172 1821 1212 gloriosus

1045 1232 1075 1260 et
1097 1229 1308 1268 ingloriosus3
1333 1228 1502 1258 dicendum
1525 1227 1612 1267 quod
1631 1235 1697 1257 non
1712 1227 1759 1256 est
1778 1225 1820 1256 si-

1046 1283 1138 1320 mile,
1164 1282 1240 1321 quia
1263 1280 1412 1311 terribilis
1436 1283 1467 1311 et
1489 1280 1624 1311 blandus
1649 1279 1763 1310 dieitur
1783 1278 1824 1309 ad

1047 1337 1201 1372 alterurn,
1227 1335 1310 1365 unde
1336 1335 1514 1373 benignum
1536 1333 1701 1364 hominem
1724 1334 1824 1373 potest

1047 1390 1144 1419 homo
1154 1389 1294 1428 aspicere
1306 1390 1342 1417 ut
1355 1387 1540 1425 terribilem,
1551 1387 1625 1427 quia
1634 1396 1708 1418 eum
1718 1386 1822 1417 timet:

1048 1443 1100 1474 sed
1117 1443 1306 1483 qlorz'osum,
1328 1443 1358 1472 et
1372 1449 1437 1473 non
1452 1441 1623 1481 gloriosum
1637 1440 1746 1471 dicunt
1760 1439 1825 1470 dis-

1048 1497 1237 1537 positionem
1257 1505 1275 1525 a
1294 1497 1383 1535 parte
1406 1494 1540 1524 visibilis
1558 1505 1564 1524 :
1582 1493 1668 1524 unde
1690 1493 1752 1523 nisi
1770 1492 1826 1522 fiat

1050 1558 1105 1589 per
1119 1549 1347 1588 deceptionem,
1363 1548 1415 1578 vel
1430 1557 1486 1587 per
1499 1547 1689 1578 miraculum
1703 1548 1734 1577 et
1748 1545 1827 1576 divi-

1051 1612 1125 1632 nam
1138 1602 1302 1640 virtutem⁷
1317 1610 1389 1641 quae
1404 1602 1511 1631 teneat
1523 1600 1642 1636 oeulos,
1657 1599 1738 1630 sicut
1752 1598 1827 1629 dici·

1051 1656 1123 1686 tur²
1140 1665 1146 1685 :
1167 1655 1257 1686 Oculi
1272 1663 1377 1686 eorum
1398 1654 1601 1687 cenebantur.·
1623 1662 1673 1684 res
1691 1653 1762 1684 talis
1778 1652 1827 1682 vi-

1051 1709 1154 1746 detur,
1171 1709 1274 1748 qualis
1289 1711 1335 1738 cst
1351 1707 1524 1738 secundum
1541 1707 1716 1738 veritatem.

1314 1813 1493 1852 QUAESTlo
1517 1813 1567 1844 lv.

1120 1894 1167 1921 An
1179 1894 1245 1921 hora
1257 1895 1360 1930 Judicz'z'
1374 1896 1412 1921 sz‘t
1426 1898 1489 1921 nota
1501 1894 1587 1921 alicui
1600 1896 1726 1920 creaturoe
1741 1892 1762 1918 ³.

1095 1974 1136 2004 De
1150 1974 1230 2004 hora
1241 1974 1367 2013 judicii;
1385 1976 1415 2004 et
1434 1974 1591 2013 quaeritur
1606 1975 1716 2003 utrum
1735 1971 1830 2002 alicui

1055 2029 1208 2057 creaturae
1232 2027 1271 2057 sit
1293 2029 1377 2057 nota.
1399 2026 1435 2057 Et
1457 2026 1541 2066 quod
1561 2035 1642 2063 non,
1658 2025 1804 2056 videtur*
1823 2036 1829 2055 :

1057 2080 1100 2110 De
1113 2079 1168 2110 illo
1185 2083 1289 2111 autem
1305 2079 1357 2111 die
1373 2083 1401 2111 et
1417 2079 1494 2111 hora
1509 2087 1597 2111 nemo
1612 2079 1719 2117 mvii,-
1733 2086 1832 2117 neque

1055 2132 1170 2172 angeli,
1187 2134 1244 2172 qui
1258 2136 1335 2164 sunt
1349 2134 1384 2164 in
1399 2132 1484 2168 coelo‚
1503 2140 1599 2172 neque
1614 2131 1729 2163 Filius.
1746 2130 1833 2169 Ergo

1056 2186 1181 2216 videtur
1205 2186 1290 2225 quod
1316 2186 1457 2216 Christus
1479 2195 1542 2216 non
1569 2184 1693 2216 noverit
1719 2194 1726 2214 z
1753 2191 1833 2222 ergo

1058 2239 1158 2270 multo
1176 2239 1282 2269 minus
1298 2242 1432 2270 noscunt
1449 2239 1513 2269 alii.

1097 2295 1126 2322 2.
1155 2291 1254 2321 ltem⁵
1276 2303 1282 2321 z
1310 2292 1425 2323 Omnia
1450 2299 1653 2332 quaecumque
1676 2289 1793 2322 audivi
1815 2297 1835 2320 a

1058 2345 1153 2376 Patre
1177 2352 1259 2382 meo,
1286 2350 1363 2377 nota
1385 2346 1446 2383 feci
1467 2345 1572 2383 vobis;
1592 2344 1646 2375 sed
1666 2343 1750 2373 istud
1770 2351 1834 2372 non

1057 2398 1232 2427 notificavit
1256 2398 1405 2437 apostolis
1424 2409 1430 2428 :
1450 2407 1530 2436 ergo
1551 2397 1635 2428 istud
1658 2405 1722 2427 non
1746 2395 1835 2426 novit

1058 2450 1153 2480 etiam
1172 2450 1237 2490 ipse
1253 2450 1406 2481 Christus.

1099 2506 1127 2534 3.
1154 2503 1230 2534 Item
1242 2503 1251 2518 ⁸
1270 2515 1275 2534 :
1296 2504 1372 2534 Cum
1390 2504 1513 2535 venerit
1531 2503 1672 2542 Spiritus
1691 2505 1834 2539 sanctus,

1059 2569 1096 2590 art
1126 2568 1152 2595 :3;
1176 2566 1323 2589 Franciscus
1344 2567 1374 2589 «lc
1398 2566 1488 2596 Masta,
1510 2565 1538 2589 tv
1563 2566 1641 2594 Seni„
1661 2565 1719 2589 dist.
1736 2571 1834 2591 xmtn.

1059 2609 1084 2632 q.
1105 2608 1136 2631 115
1156 2601 1244 2632 steph.
1264 2602 1364 2631 tlt-uter„
1384 2602 1414 2625 lv
1431 2602 1510 2630 s‘ent„
1526 2600 1582 2624 dist.
1600 2606 1695 2631 xuni,
1714 2608 1739 2631 q.
1759 2606 1793 2625 iv.
1806 2614 1832 2618 —

1059 2637 1190 2693 {villaffll1.‚
1212 2643 1284 2668 xxiv,
1306 2640 1345 2661 36.
1367 2651 1394 2654 -
1415 2638 1424 2653 ⁵
1443 2637 1522 2665 joan„
1546 2642 1588 2665 xv,
1614 2637 1649 2660 15.
1671 2649 1699 2653 -
1720 2636 1731 2652 ὅ
1749 2636 1832 2665 loun..

1848 1988 1881 2009 Ad
1899 1994 1952 2015 opp.
