1991 3006
34 1281 128 1302 Fundam
133 1297 138 1303 .

642 192 739 225 DIST.
763 191 841 222 XIX.
865 189 956 222 ART.
978 191 1030 222 III.
1054 191 1206 230 QUAEST.
1232 195 1255 226 I.

144 263 285 295 clavibus
305 260 564 297 sacerdotalibus;
585 268 663 299 ergo
684 259 739 299 qui
759 260 859 299 potest
880 258 913 288 in

144 325 258 353 unum,
274 317 305 346 et
318 315 352 345 in
366 313 539 354 quemlibet
555 312 665 343 alium.

186 370 215 398 5.
241 368 317 398 Item
342 367 385 397 ita
405 365 551 396 videmus
573 365 607 395 in
628 365 912 405 supercoelestibuS,

147 421 231 461 quod
250 419 383 459 angelus
407 418 526 449 ordinis
545 417 702 448 inferioris
722 420 822 457 potest
838 425 913 457 pur-

148 474 229 513 gari,
245 472 432 509 illuminari,
449 473 480 502 et
493 470 603 511 perfici
615 480 633 501 a
648 471 787 510 quolibet
800 470 916 509 angelo

147 526 319 567 superioris
335 524 475 556 ordinis:
501 533 580 563 ergo
600 524 626 553 si
649 524 717 555 haec
737 523 918 554 hierarchia

147 580 234 610 illam
258 579 413 616 imitatur,
436 587 509 608 cum
535 577 611 608 ordo
636 577 849 607 sacerdotibus
878 576 918 607 sit

147 641 244 672 supra
265 631 369 667 laicos,
393 630 519 661 videtur
534 629 619 669 quod
637 629 770 669 quilibet
787 629 886 660 laicus
900 639 919 660 a

148 683 289 724 quolibet
302 682 460 714 sacerdote
474 682 571 722 possit
584 682 716 712 absolvi.

188 739 217 767 6.
243 739 335 774 Item,
361 736 387 765 si
407 745 472 766 non
494 737 595 775 potest
614 734 777 765 absolvere
796 743 917 772 omnes,

148 799 220 820 cum
244 792 351 821 tamen
373 789 469 828 possit
487 797 605 824 unum,
628 796 738 826 quaero
757 787 840 817 unde
861 786 920 816 hoc

149 843 204 873 sit:
229 845 283 873 aut
302 842 387 872 enim
407 843 453 872 est
475 850 515 871 ex
538 840 685 880 potentiae
708 840 867 870 laxatione
891 840 921 869 et

150 895 368 935 corruptione,
385 896 441 924 aut
455 902 495 924 ex
508 893 670 932 ligatione,
687 892 762 932 quia
776 892 921 931 superior

151 950 286 988 potestas
312 956 374 977 non
399 945 570 986 permittit:
598 945 701 984 primo
723 945 817 975 modo
843 953 918 980 non,

151 1001 228 1031 illud
243 1002 341 1039 patet3
364 998 502 1029 secundo
522 998 616 1028 modo
641 1006 705 1028 non
724 997 831 1034 debet,
848 997 923 1036 quia

152 1054 271 1083 bonum
302 1054 348 1082 est
374 1050 632 1088 diffundendum,
655 1053 686 1080 et
708 1050 922 1089 multiplican-

152 1106 245 1141 dum,
268 1107 298 1136 ct
319 1104 507 1135 colendum:
531 1112 609 1142 ergo
633 1112 697 1133 non
719 1104 766 1133 est
789 1103 923 1133 restrin-

152 1159 256 1198 genda
272 1160 426 1197 potestas:
447 1158 478 1186 et
498 1156 540 1186 ita
564 1155 690 1186 videtur
707 1156 792 1195 quod
814 1156 869 1194 qui
891 1155 924 1185 in

152 1221 253 1242 unum
267 1213 379 1250 potest,
397 1209 481 1249 quod
495 1208 592 1248 possit
609 1208 640 1238 in
655 1217 776 1238 omnes.

193 1264 344 1300 Contra¹3
365 1274 379 1291 (ι
394 1262 477 1293 Nulli
498 1261 696 1292 sacerdotum
718 1260 810 1290 liceat
832 1270 925 1299 paro-

154 1318 303 1348 chianum
313 1316 441 1346 alterius
455 1317 510 1345 aut
524 1314 699 1350 absolvere,
715 1316 769 1343 aut
784 1313 894 1351 ligare.
907 1324 921 1341 n

195 1370 271 1401 Item
282 1373 292 1388 ¹
305 1380 312 1400 z
332 1381 346 1397 α
361 1368 474 1399 Nullus
489 1367 619 1397 alterius
635 1366 863 1406 parochianum
874 1367 925 1405 ju-

154 1423 272 1459 dicare,
290 1421 452 1458 ordinare,
474 1422 529 1450 aut
550 1419 826 1450 excommunicare
845 1428 926 1458 prae-

153 1477 268 1512 sumat,
280 1474 357 1514 quia
367 1473 428 1503 tale
439 1472 609 1512 Judicium‚
624 1474 679 1503 aut
692 1471 860 1508 ordinatio,
876 1472 926 1502 vel

153 1529 450 1566 excommunicatio,
467 1537 523 1559 nec
538 1530 607 1558 rata
624 1528 693 1565 erit,
709 1536 767 1557 nec
783 1527 865 1558 vires
882 1527 927 1558 ul-

153 1583 197 1614 las
212 1583 350 1613 habebit.
367 1593 381 1610 n

195 1635 271 1666 Item
285 1635 317 1665 in
326 1634 460 1665 Concilio
470 1633 622 1671 generali,
637 1633 667 1662 E
669 1635 756 1670 oetra,
772 1633 810 1664 de
826 1634 928 1665 Poerzz'-

154 1690 275 1727 tentiis,
286 1691 314 1720 et
325 1686 578 1719 Remissiom‘bus
588 1697 599 1716 .·
609 1698 622 1714 «
634 1686 666 1716 Si
677 1686 748 1726 quis
759 1686 928 1726 aliquando

154 1751 194 1772 ex
211 1750 310 1773 causa
328 1740 463 1771 voluerit
484 1739 573 1770 alteri
593 1739 752 1775 confiteri,
770 1739 928 1770 licentiam

154 1797 254 1834 petat,
277 1797 308 1825 et
325 1794 465 1825 obtineat
480 1802 498 1823 a
518 1793 645 1832 proprio
660 1793 837 1830 sacerdote,
854 1793 928 1832 quia

155 1847 243 1878 aliter
263 1847 370 1887 ipsum
393 1855 458 1876 non
483 1846 596 1885 poterit
619 1845 794 1883 absolvere,
818 1846 869 1876 vel
890 1846 926 1875 li-

156 1909 244 1938 gare.
267 1910 281 1927 n
305 1899 367 1929 Sed
386 1908 448 1929 non
472 1898 604 1937 quilibet
625 1898 769 1928 sacerdos
787 1900 834 1928 est
856 1907 927 1937 pro-

157 1952 261 1991 prius,
278 1952 355 1991 quia
371 1951 533 1990 proprium
552 1950 666 1980 dicitur
683 1951 767 1989 quod
782 1952 929 1982 convenit

158 2005 214 2034 uni
231 2004 305 2035 soli:
327 2013 404 2042 ergo
422 2012 486 2033 non
511 2003 642 2042 quilibet
664 2003 807 2034 sacerdos
829 2005 930 2043 potest

158 2057 329 2097 quemlibet
341 2056 516 2087 absolvere.

200 2111 277 2141 Item
291 2110 412 2140 ratione
424 2109 560 2147 videtur,
572 2109 647 2148 quia
660 2118 718 2139 uos
733 2109 880 2140 videmus
895 2111 929 2140 in

158 2165 353 2195 ordinatione
373 2163 690 2203 praedicamentorum
713 2164 746 2193 in
764 2164 926 2194 rationali-

159 2217 233 2254 bus,
250 2220 280 2248 et
300 2217 333 2247 in
351 2217 459 2247 ordine
478 2225 646 2246 causarum
665 2216 697 2246 in
717 2216 926 2255 naturalibuS,

159 2270 243 2310 quod
264 2269 405 2300 reductio
428 2270 463 2298 fit
484 2277 586 2308 usque
604 2268 643 2298 ad
665 2277 853 2308 supremum
875 2278 930 2308 per

161 2332 262 2353 unum
274 2322 505 2358 immediatum,
519 2321 564 2351 ita
578 2321 663 2360 quod
676 2330 741 2352 non
751 2324 825 2352 sunt
840 2322 931 2362 plura

161 2376 342 2407 immediata
356 2377 499 2414 respectu
506 2374 614 2404 unius.
629 2374 666 2404 Et
676 2374 737 2405 hoc
747 2377 842 2414 patet,
856 2376 931 2415 quia

160 2439 226 2460 una
244 2432 291 2460 est
311 2429 429 2468 species
453 2427 676 2467 specialissima
694 2428 791 2457 unius
812 2428 930 2458 indivi-

161 2483 213 2513 dui
227 2494 233 2512 :
251 2481 396 2513 similiter
411 2483 456 2512 est
472 2481 506 2511 in
520 2480 639 2511 causis:
657 2489 736 2518 ergo
751 2481 777 2510 si
793 2481 870 2511 ordo
885 2484 931 2512 est

162 2535 194 2565 in
215 2535 351 2566 Ecclesia
373 2533 590 2564 descendendo
612 2534 642 2562 et
666 2532 861 2564 ascendendo
882 2543 930 2564 se-

197 2615 424 2645 *eaus.xv1,=1.1.
435 2626 465 2631 -
478 2614 486 2627 ²
497 2613 572 2637 Caus.
585 2618 619 2642 ix,
636 2619 660 2642 q.
678 2618 707 2642 11,
720 2618 740 2636 c.
755 2619 772 2635 1.
784 2626 813 2630 —
829 2613 836 2626 ³
847 2613 930 2643 Cant„

164 2656 198 2680 vi,
213 2651 235 2674 3.

282 2703 356 2725 Tou.
379 2703 423 2725 v1.

1699 201 1738 229 49

971 259 1109 289 cundum
1134 260 1252 298 gradus
1275 270 1294 291 a
1316 269 1442 293 summo
1467 262 1616 294 Pontifice
1637 273 1739 304 usque

971 311 1008 340 ac]
1039 312 1288 351 parochianum,
1318 314 1443 346 videtur
1466 317 1542 346 tuno
1572 317 1657 356 quod
1684 326 1740 357 per

970 373 1072 394 unum
1101 365 1311 404 sacerdotem,
1338 376 1394 406 per
1419 377 1520 399 unum
1548 369 1742 401 archidiaco-

972 425 1065 454 num,
1088 426 1144 456 per
1164 427 1263 448 unum
1284 419 1476 460 episcopum,
1499 431 1555 461 per
1569 431 1671 453 unum
1685 433 1741 463 pa-

973 469 1160 507 triarcham,
1192 471 1243 501 vel
1273 471 1489 512 hierarcham,
1519 475 1688 506 reducatur
1705 476 1744 507 ad

973 531 1137 553 summum
1162 523 1373 555 Pontificem:
1399 535 1478 565 ergo
1507 537 1570 558 non
1598 531 1746 568 poterunt

974 576 1147 606 secundum
1158 579 1279 607 rectum
1291 578 1433 609 ordinem
1450 580 1556 619 plures
1571 582 1746 613 sacerdotes

975 627 1008 658 in
1018 637 1135 658 unum:
1148 638 1213 659 non
1228 638 1306 669 ergo
1315 630 1446 670 quilibet
1461 633 1632 670 quemlibet
1647 637 1748 674 potest

975 680 1148 719 absolvere,
1166 681 1217 712 vel
1231 682 1343 721 ligare.

1017 732 1093 763 Item
1106 733 1149 764 ita
1163 734 1308 766 videmus
1317 735 1351 766 in
1364 737 1565 777 exercitibus,
1578 741 1663 779 quod
1676 743 1751 772 sunt

976 785 1101 816 ordines
1120 787 1275 826 distincti,
1298 791 1333 819 ut
1354 789 1501 820 tribunus
1524 800 1619 831 super
1641 796 1750 825 centu-

977 838 1098 877 riones,
1122 842 1153 870 et
1171 841 1314 872 centurio
1333 850 1429 881 super
1448 843 1751 884 quinquagenarios,

978 893 1008 921 et
1022 892 1320 932 quinquagenarius
1336 904 1432 935 super
1447 895 1643 934 decuriones,
1659 900 1689 928 et
1704 899 1755 929 de-

978 944 1067 974 curio
1088 954 1183 985 super
1205 947 1333 978 decem:
1360 948 1417 987 qui
1443 951 1519 980 sunt
1539 949 1599 980 sub
1615 951 1655 989 (a)
1677 960 1755 990 uno,

978 1005 1042 1026 non
1059 1001 1134 1028 sunt
1147 999 1206 1029 sub
1222 999 1285 1030 alio
1305 1000 1491 1039 decurione,
1510 1011 1568 1033 nec
1585 1006 1687 1042 potest
1701 1004 1755 1035 de-

979 1049 1067 1081 curio
1086 1059 1288 1091 compescere
1307 1053 1366 1083 nisi
1382 1063 1455 1084 suos
1468 1054 1592 1093 decem;
1616 1059 1646 1087 et
1661 1057 1705 1087 sic
1720 1057 1758 1088 de

979 1102 1049 1133 aliis
1069 1105 1290 1136 ascendendo:
1316 1107 1460 1138 similiter
1478 1109 1547 1148 pari
1566 1110 1687 1141 ratione
1705 1111 1756 1141 vi-

981 1156 1090 1193 detur,
1110 1158 1195 1196 quod
1209 1167 1267 1189 nec
1285 1160 1429 1191 sacerdos
1442 1161 1573 1192 alterius
1587 1163 1752 1202 parochia-

982 1218 1070 1247 num,
1087 1219 1145 1241 nec
1159 1211 1325 1252 episcopus
1344 1213 1483 1245 alienum
1498 1216 1670 1248 subditum.

1024 1262 1101 1293 Item
1111 1287 1118 1301 ,
1137 1264 1163 1293 si
1180 1264 1244 1295 duo
1259 1265 1413 1297 haberent
1428 1277 1517 1307 posse
1531 1277 1625 1308 super
1640 1279 1753 1308 unum,

982 1315 1037 1354 qui
1061 1319 1188 1355 possent
1219 1318 1414 1358 discordare,
1446 1324 1572 1361 possent
1597 1324 1755 1355 contraria

978 1368 1111 1407 jubere:
1140 1370 1193 1400 sed
1217 1380 1311 1402 nemo
1339 1376 1439 1412 potest
1467 1374 1590 1406 duobus
1619 1376 1755 1407 dominis

983 1422 1140 1452 contraria
1160 1423 1347 1461 jubentibus
1374 1426 1591 1466 obtemperare
1614 1430 1755 1461 rationa-

982 1474 1086 1504 biliter
1100 1486 1106 1504 t
1124 1484 1203 1514 ergo
1220 1480 1322 1515 posset
1338 1478 1371 1508 in
1383 1479 1442 1509 isto
1457 1480 1582 1511 subdito
1596 1483 1753 1522 perplexi—

984 1530 1029 1556 tas
1043 1529 1212 1566 generari:
1234 1538 1311 1569 ergo
1331 1532 1508 1563 secundum
1527 1536 1649 1565 rectum
1670 1535 1756 1566 ordi-

983 1588 1057 1610 nem
1080 1589 1145 1610 non
1164 1580 1256 1612 debet
1280 1582 1404 1614 duobus
1428 1586 1641 1617 sacerdotibus
1661 1596 1756 1628 super

983 1632 1133 1663 eumdem
1160 1633 1323 1665 subditum
1348 1637 1479 1676 aequalis
1505 1640 1642 1677 potestas
1664 1640 1752 1671 dari:

983 1695 1074 1724 ergo,
1091 1689 1150 1717 etc.

1257 1763 1483 1797 CONCLUSIO.

983 1840 1042 1866 Non
1065 1840 1179 1873 quilibet
1198 1842 1319 1869 sacerdos
1342 1846 1429 1877 potest
1450 1846 1592 1879 quemlibet
1613 1848 1752 1880 absolvere,

1019 1885 1083 1917 quia
1106 1892 1157 1910 non
1181 1885 1242 1911 licet
1263 1887 1366 1913 mittere
1387 1895 1492 1915 manum
1512 1891 1540 1916 in
1561 1899 1668 1918 messem
1688 1894 1754 1920 alie-

1020 1936 1090 1958 nam,
1107 1931 1212 1962 excepto
1228 1931 1316 1956 tamen
1330 1933 1424 1958 mortis
1440 1934 1564 1960 articulo,

1024 2003 1116 2044 Resp.
1133 2004 1172 2034 ad
1193 2013 1264 2044 arg.
1287 2005 1460 2038 Dicendum
1474 2010 1569 2049 quod,
1585 2011 1665 2043 sicut
1681 2013 1754 2044 dicit

984 2057 1168 2097 Dionysius:
1193 2069 1208 2087 α
1227 2057 1292 2089 Lex
1313 2059 1486 2092 divinitatis
1509 2065 1554 2093 est
1574 2065 1677 2097 media
1699 2076 1755 2106 per

983 2110 1101 2150 prima,
1124 2112 1155 2141 et
1178 2110 1292 2141 ultima
1315 2121 1371 2151 per
1396 2114 1500 2145 media
1521 2117 1691 2155 perducere
1715 2119 1755 2150 ad

984 2163 1223 2202 purgationem,
1241 2163 1521 2206 illuminationem,
1545 2171 1576 2199 et
1591 2171 1753 2209 perfectio-

984 2225 1068 2246 nem.
1086 2226 1099 2243 »
1112 2215 1194 2253 Ideo,
1209 2216 1289 2247 sicut
1302 2217 1448 2249 videmus
1462 2220 1495 2250 in
1510 2223 1670 2261 omnibus,
1687 2224 1755 2256 sive

984 2269 1016 2298 in
1030 2268 1250 2307 rationalibus,
1274 2270 1342 2300 sive
1358 2270 1390 2301 in
1407 2273 1621 2314 naturalibus,
1639 2277 1707 2308 sive
1721 2278 1755 2309 in

985 2321 1178 2359 coelestibuS,
1196 2321 1281 2361 quod
1296 2322 1335 2352 ad
1350 2322 1419 2362 hoc,
1436 2325 1520 2364 quod
1536 2326 1575 2357 sit
1589 2330 1755 2361 concordia

985 2376 1015 2404 et
1034 2374 1135 2412 decor,
1159 2376 1281 2414 oportet
1301 2376 1386 2414 quod
1408 2377 1447 2407 sit
1468 2379 1559 2417 ordo;
1578 2381 1622 2411 sic
1636 2382 1754 2414 intelli-

987 2427 1128 2466 gendum
1144 2429 1190 2457 est
1210 2429 1241 2457 et
1260 2427 1294 2457 in
1313 2429 1529 2468 spiritualibus
1549 2435 1754 2472 potestatibus

986 2480 1018 2510 in
1038 2481 1104 2519 ipsa
1124 2480 1280 2511 Ecclesia:
1304 2481 1388 2512 unde
1404 2483 1522 2522 legitur
1535 2487 1545 2504 ⁸
1564 2487 1648 2526 quod
1662 2490 1755 2520 terri-

986 2533 1060 2565 bilis
1082 2538 1126 2565 est
1149 2535 1184 2565 ut
1202 2537 1379 2566 castrorum
1395 2537 1478 2568 acies
1493 2538 1657 2572 ordinata.
1676 2541 1755 2578 Quo-

986 2587 1072 2617 niam
1087 2586 1189 2625 igitur
1202 2587 1279 2618 ordo
1294 2589 1466 2620 attenditur
1484 2593 1657 2623 secundum
1672 2602 1754 2632 prae-

1017 2650 1051 2679 (a)
1069 2648 1130 2673 Caet.
1148 2649 1209 2673 edit.
1225 2650 1265 2673 ab.

1618 2702 1636 2729 4
