1991 3006
771 237 956 268 DISTINCT.
980 236 1112 267 XLVIII.

143 318 253 340 omnes
276 308 358 338 inter
378 306 464 336 illam
490 305 668 335 valliculam
688 305 907 341 includantur,

143 362 220 402 quia
239 361 299 391 hoc
313 363 358 390 est
379 358 514 399 puerile,
531 360 566 388 ut
585 358 658 388 dicit
677 358 908 397 Hieronymum

143 415 197 445 sed
209 413 292 453 quod
305 414 399 442 erunt
409 411 452 441 ibi
467 411 500 440 in
511 411 586 441 loris
596 410 908 450 circumjacentibus:

142 467 172 495 et
190 465 215 494 si
236 472 361 494 necesse
376 462 484 499 fuerit,
502 461 589 491 electi
605 464 699 491 eruut
712 461 745 491 in
760 469 831 491 aere
846 469 911 500 prae

142 525 309 557 corporum
326 515 485 555 agilitate,
510 518 540 545 et
564 515 703 545 damnati
727 515 823 545 etiam
846 522 911 544 esse

142 572 299 610 poterunt,
316 569 423 600 divina
438 568 646 607 suspendente
661 568 789 598 virtute.

461 670 529 692 DUB.
554 671 587 691 11.

171 734 214 759 Sol
231 735 255 758 et
275 734 336 758 luna
351 733 468 757 dicuntur
481 732 628 762 obscurari,
646 739 697 755 11011
719 732 756 755 sui
771 731 872 755 luminis

418 768 559 799 privatione
573 787 580 798 ‚
599 769 647 791 etc.

180 837 310 868 Videtur
325 836 406 867 male
421 836 534 873 dicere,
551 836 626 875 quia
642 835 801 871 Rabanus,
817 842 914 873 super

141 891 345 926 Matthoeum,
364 889 454 919 dicit:
475 900 489 917 (ι
510 887 595 918 Ν11111
610 888 772 927 prohibet,
790 887 911 926 inquit,

142 944 318 982 intelligere
341 942 495 973 veraciter
520 941 616 971 5010111
646 943 677 971 et
701 940 811 970 lunam
839 949 912 970 cum

143 997 296 1027 sideribus
313 995 434 1026 caeteris
458 1003 516 1025 suo
541 994 661 1024 lumine
680 993 817 1033 privari,
834 1002 913 1032 quo-

144 1049 237 1079 modo
252 1049 367 1078 sactum
383 1048 420 1077 de
436 1046 500 1077 sole
519 1048 641 1076 constat
654 1048 798 1084 tempore
813 1045 915 1075 domi-

143 1103 222 1133 nicae
237 1101 401 1140 passionis.
418 1111 431 1128 ›)
452 1099 529 1129 Item
545 1099 664 1129 ratione
679 1098 821 1136 videtur,
839 1098 915 1137 quia

145 1154 339 1186 turbulentia
353 1156 399 1184 est
418 1153 451 1183 in
470 1153 590 1183 mundo
611 1155 738 1192 propter
753 1154 915 1192 peccatum

145 1207 294 1245 hominis,
313 1209 342 1237 et
357 1215 489 1246 corpora
504 1205 611 1236 omnia
626 1205 738 1235 debent
752 1204 916 1235 ostendere

146 1271 179 1292 se
193 1261 232 1292 ad
253 1261 409 1291 honorem
424 1259 585 1296 divinum,
602 1260 629 1287 et
651 1257 731 1288 nihil
746 1258 918 1288 innovatur

147 1315 206 1346 nisi
230 1314 336 1354 aliquo
360 1313 453 1343 modo
484 1314 657 1342 veterascat
681 1322 687 1341 :
717 1312 799 1342 unde
823 1311 918 1341 1101110

148 1378 212 1399 11011
235 1367 448 1407 glorificatur,
464 1366 525 1396 nisi
547 1367 717 1404 resurgat:
742 1365 767 1395 si
793 1374 870 1404 ergo
886 1365 918 1394 in

149 1422 211 1452 fine
237 1422 400 1460 peccatum
422 1419 560 1450 hominis
576 1420 789 1456 excresceret,
812 1420 842 1448 et
865 1427 918 1448 su-

149 1476 257 1516 perbia
268 1474 453 1506 Antichristi
469 1483 564 1513 super
583 1473 676 1504 coelos
691 1473 871 1503 ascenderet
887 1472 920 1502 in

149 1528 346 1568 vituperium
366 1527 435 1563 Dei,
454 1527 602 1566 quamvis
617 1535 681 1556 non
705 1528 809 1565 posset
835 1525 919 1555 vitu-

149 1581 265 1622 perari,
284 1583 314 1611 et
328 1580 382 1611 illa
391 1589 523 1620 corpora
534 1579 649 1610 debent
664 1579 826 1609 renovari:
842 1587 921 1617 ergo

149 1637 233 1665 101115
257 1634 393 1664 mundus
413 1633 504 1664 debet
519 1633 682 1663 obscurari
704 1634 772 1662 tum
795 1634 922 1671 propter

150 1690 313 1728 peccatum
333 1687 488 1724 hominis,
516 1689 584 1716 tum
611 1688 737 1725 propter
755 1688 921 1716 contume-

150 1739 225 1770 liam
242 1739 312 1775 Dei,
330 1741 400 1769 tum
415 1740 543 1778 propter
565 1738 803 1768 renovationem
825 1747 920 1768 mun-

150 1793 180 1823 di
197 1802 204 1823 :
221 1801 300 1832 ergo
314 1792 395 1822 male
410 1791 484 1822 dicit
500 1792 534 1822 in
548 1791 651 1821 littera
662 1815 669 1829 ,
684 1793 742 1821 010.

191 1846 282 1886 Resp.
298 1845 471 1876 Dicendum
487 1845 572 1885 quod
588 1845 637 1874 hic
659 1853 723 1874 non
739 1846 784 1874 est
798 1845 924 1874 contra-

150 1900 265 1930 rietas:
283 1900 383 1938 potest
397 1898 482 1929 enim
504 1907 571 1928 esse
589 1897 673 1937 quod
689 1897 795 1936 aliqua
810 1897 924 1927 obscu-

151 1951 226 1982 ritas
241 1952 273 1981 in
289 1951 385 1981 stellis
402 1951 519 1981 accidet
534 1951 649 1990 primo.
671 1950 731 1980 Sed
744 1952 813 1989 post
828 1959 924 1980 reno-

153 2006 310 2036 vationem
337 2014 377 2036 ex
402 2004 569 2044 praesentia
596 2003 736 2043 corporis
758 2003 872 2034 Christi
895 2005 925 2033 et

153 2058 288 2089 aliorum
303 2066 472 2098 corporum
492 2057 551 2088 erit
571 2056 750 2087 obscuratio
774 2055 876 2086 solum
893 2056 924 2086 in

153 2110 355 2150 apparentia,
379 2110 429 2141 vel
449 2110 543 2140 etiam
560 2110 593 2140 in
617 2109 851 2149 comparatione
870 2120 876 2139 ε
894 2111 924 2139 01

153 2164 195 2195 ita
215 2166 390 2203 utrumque
412 2165 511 2203 potest
530 2172 597 2194 esse
618 2172 732 2194 verum
749 2164 923 2193 secundum

153 2217 276 2248 diversa
294 2219 455 2256 tempora,
471 2219 501 2246 et
518 2217 691 2255 utrumque
713 2215 788 2246 satis
809 2215 923 2254 proba-

155 2269 226 2299 bile.

474 2343 541 2365 DUB.
565 2343 608 2364 111.

181 2411 286 2442 Magnus
300 2418 361 2435 vero
377 2410 467 2434 dicitur
481 2412 586 2442 propter
600 2417 692 2441 magua
707 2417 763 2441 quae
779 2411 813 2435 ibi
828 2411 896 2435 fient.

197 2483 356 2521 Quaeritur
371 2492 443 2523 quae
459 2483 521 2513 sint
541 2482 595 2513 illa
609 2492 742 2522 magna,
760 2493 832 2523 quae
850 2484 927 2514 fient

159 2540 243 2574 tunc,
257 2539 287 2567 et
302 2537 398 2576 signa
412 2545 484 2576 quae
500 2536 689 2576 praecedent.

200 2590 291 2630 Resp.
315 2589 487 2620 Dicendum
510 2589 595 2630 quod
619 2589 661 2620 ita
688 2591 849 2621 consuevit
876 2600 926 2620 re·

160 2644 244 2681 ferri,
262 2643 345 2683 quod
367 2643 469 2683 prima
492 2643 542 2673 die
561 2643 661 2673 maria
678 2644 786 2674 omnia
808 2643 926 2674 exalta-

161 2698 279 2729 buntur
312 2697 491 2736 quindecim
526 2697 643 2731 cubitis
667 2707 762 2737 super
791 2698 929 2729 excelsos

1679 240 1736 268 553

969 306 1090 335 montes
1103 303 1187 334 orbis
1206 305 1311 341 terrae,
1326 306 1356 334 et
1371 303 1644 345 supereffluentia,
1657 303 1738 334 sieut

968 367 1053 388 nunc
1070 366 1198 396 {equora
1212 357 1340 387 faciunt.
1356 356 1499 387 Secundo
1510 357 1618 387 omnia
1633 365 1739 396 aequo-

970 421 1003 441 ra
1019 412 1255 451 prosternentur
1267 410 1299 439 in
1312 410 1414 440 imum
1426 410 1584 450 profundi,
1602 410 1643 440 ita
1654 410 1738 450 quod

970 464 1023 494 vix
1038 466 1156 503 queant
1170 463 1320 493 humanis
1336 463 1499 493 obtutibus
1510 463 1615 502 aspici.
1634 463 1738 493 Tertio

968 516 1075 546 omnia
1097 515 1197 546 maria
1221 516 1406 554 redigentur
1429 516 1461 545 in
1485 516 1653 555 antiquum
1674 517 1736 546 sta-

969 571 1037 598 tum
1050 592 1057 606 ,
1093 568 1199 608 qualia
1225 568 1264 598 ab
1293 568 1423 599 exordio
1457 570 1561 598 creata
1597 569 1735 598 fuerunt.

970 622 1086 658 Quarto
1107 621 1219 652 belluae
1241 630 1372 658 onmes,
1389 623 1419 651 01.
1441 621 1548 651 onmia
1571 630 1643 660 quae
1669 631 1736 652 mo-

970 677 1084 705 ventur
1099 675 1131 704 111
1155 675 1263 714 aquis,
1280 674 1566 713 congregabuntur
1577 698 1584 711 ,
1601 676 1631 704 01
1652 674 1738 705 leva-

970 729 1089 758 buntur
1122 737 1217 767 super
1249 728 1383 767 pelagus
1412 736 1498 757 more
1529 728 1739 758 contentionis

970 781 1106 811 invicem
1135 781 1335 819 mugientes,
1367 780 1570 820 nescientque
1596 780 1741 811 homines

969 835 1043 874 quid
1060 834 1210 873 cogitent,
1226 834 1279 865 sed
1295 836 1418 864 tantum
1433 833 1526 864 Dens.
1539 833 1654 870 Quinto
1670 843 1739 863 om-

971 888 1023 918 nia
1039 887 1176 918 volatilia
1199 888 1268 918 coeli
1292 888 1578 927 congregabuntur
1599 887 1633 917 in
1654 897 1738 918 cam-

971 931 1030 980 pis,
1055 941 1308 981 unumquodque
1337 950 1439 980 genus
1468 941 1501 971 in
1528 941 1636 971 ordine
1665 950 1739 977 suo;

971 994 1081 1024 eodem
1116 995 1209 1024 modo
1244 994 1387 1025 volucres
1419 994 1555 1024 invicem
1584 994 1743 1034 plorantes

972 1049 1082 1084 erunt,
1104 1056 1165 1078 non
1181 1050 1367 1086 gustantes,
1390 1057 1492 1087 neque
1514 1048 1672 1082 bibentes,
1689 1047 1743 1078 sed

972 1101 1145 1131 adveutum
1165 1101 1282 1139 judicis
1307 1101 1465 1131 timentes,
1493 1100 1587 1131 Sexto
1609 1100 1744 1130 fulmina

972 1154 1067 1191 ignea
1082 1156 1218 1192 surgent
1232 1154 1271 1183 ab
1287 1163 1399 1184 occasu
1423 1154 1496 1184 solis
1511 1156 1618 1183 contra
1633 1154 1743 1184 faciem

973 1207 1164 1237 firmamenti
1181 1217 1282 1247 usque
1298 1208 1336 1237 ad
1356 1209 1463 1237 ortum
1478 1207 1648 1237 tendentia.
1665 1207 1743 1246 Sep-

974 1260 1051 1289 timo
1074 1260 1213 1290 errantia
1234 1260 1355 1298 sidera,
1382 1262 1412 1290 et
1436 1260 1617 1291 stationaria
1638 1260 1745 1290 omnia

975 1316 1127 1352 spargent
1141 1323 1181 1344 ex
1197 1323 1229 1343 se
1245 1313 1355 1353 igneas
1375 1322 1498 1351 comas,
1516 1315 1551 1343 ut
1568 1313 1600 1342 in
1616 1313 1745 1343 cometis

975 1371 1104 1406 apparet
1136 1368 1265 1406 signum
1295 1367 1380 1397 orbis
1413 1376 1486 1396 cuni
1518 1366 1746 1397 habitatoribus

976 1421 1052 1451 51115.
1078 1421 1193 1451 Octavo
1214 1423 1306 1450 terrae
1332 1422 1436 1450 motus
1457 1419 1516 1449 erit
1541 1428 1691 1458 magnuS,
1711 1421 1746 1449 ut

976 1474 1083 1504 nullus
1100 1475 1195 1504 homo
1211 1474 1307 1514 possit
1325 1476 1419 1511 stare,
1431 1475 1462 1503 et
1476 1473 1601 1503 nullum
1615 1472 1745 1510 animal,

977 1527 1029 1558 sed
1049 1528 1115 1558 solo
1137 1529 1376 1568 prosternentur
1396 1526 1513 1557 omnia.
1534 1525 1622 1556 Nono
1637 1534 1748 1556 omnes

976 1582 1095 1620 lapides
1109 1583 1172 1611 tam
1191 1581 1294 1620 parvi,
1314 1590 1410 1620 quam
1427 1579 1549 1618 magni,
1567 1579 1748 1609 scindentur

978 1635 1009 1664 in
1024 1636 1160 1674 quatuor
1173 1636 1293 1674 partes,
1311 1636 1341 1664 et
1354 1642 1558 1673 unaquaeque
1574 1641 1646 1672 pars
1661 1632 1747 1662 00111-

978 1689 1027 1718 det
1041 1688 1172 1718 alteram
1183 1690 1317 1728 partem,
1332 1687 1509 1726 nescietque
1522 1686 1618 1716 homo
1633 1694 1747 1715 sonum

979 1741 1080 1779 illius,
1108 1742 1167 1771 nisi
1193 1741 1278 1771 solus
1302 1741 1394 1771 Deus.
1422 1739 1547 1770 Decima
1569 1739 1618 1769 die
1642 1738 1750 1769 omnia

978 1794 1069 1833 ligna
1085 1794 1256 1831 silvarum,
1272 1796 1303 1823 et
1320 1793 1405 1823 olera
1426 1792 1599 1822 herbarum
1615 1791 1747 1829 sangui—

980 1856 1075 1877 neum
1091 1847 1189 1877 fluent
1210 1855 1327 1877 rorem.
1347 1845 1518 1876 Undecimo
1532 1853 1642 1875 onmes
1658 1853 1749 1874 mon-

979 1903 1024 1930 tes
1038 1902 1068 1930 et
1086 1899 1191 1937 colles,
1210 1901 1240 1929 et
1254 1899 1362 1929 onmia
1375 1898 1508 1929 aediticia
1526 1897 1669 1928 humana
1683 1899 1750 1927 arte

979 1954 1158 1983 constructa
1174 1952 1208 1982 in
1228 1951 1392 1992 pulverem
1408 1951 1603 1990 redigentur.
1624 1950 1749 1980 Duode-

980 2005 1062 2034 cinio
1078 2004 1185 2034 omnia
1199 2004 1347 2034 animalia
1362 2005 1454 2033 terrae
1471 2002 1599 2033 venient
1612 2001 1651 2032 ad
1663 2011 1748 2032 cam-

981 2066 1036 2097 pos
1065 2057 1101 2087 de
1129 2057 1226 2097 sylvis
1261 2059 1291 2086 et
1320 2056 1482 2086 montibus
1511 2055 1687 2094 rugientia,
1720 2057 1750 2085 et

981 2110 1158 2149 mugientia
1169 2134 1178 2147 ,
1196 2119 1257 2140 non
1283 2109 1445 2149 gustantia
1457 2133 1464 2146 ,
1482 2117 1584 2148 neque
1599 2107 1748 2138 bibentia.

981 2163 1209 2194 Tertiodeeimo
1231 2163 1280 2194 die
1304 2163 1411 2192 onmia
1436 2161 1603 2201 sepulchra
1625 2161 1664 2191 ab
1679 2162 1751 2191 ortu

981 2217 1054 2247 solis
1080 2226 1178 2256 usque
1201 2217 1240 2247 ad
1269 2225 1414 2247 occasum
1443 2215 1595 2255 patebunt
1618 2213 1749 2244 cadave-

982 2270 1071 2300 ribus
1088 2269 1330 2308 resurgentibus
1344 2277 1445 2308 usque
1463 2267 1501 2298 ad
1517 2268 1630 2297 horam
1643 2267 1752 2307 sepul-

982 2323 1049 2353 chri
1076 2323 1189 2361 finalis‚
1222 2323 1253 2353 id
1280 2324 1345 2360 est,
1371 2322 1455 2352 diem
1481 2321 1605 2361 judicii.
1635 2320 1752 2358 Quarto

982 2377 1102 2407 decimo
1132 2376 1181 2406 die
1209 2385 1302 2406 omne
1332 2376 1510 2405 humanum
1537 2383 1640 2414 genus
1667 2374 1752 2414 quod

983 2430 1147 2460 inventum
1173 2429 1285 2466 fuerit,
1312 2429 1350 2459 de
1373 2428 1560 2459 habitaculis
1587 2428 1752 2459 descendet

983 2483 1142 2521 velociter,
1167 2492 1230 2513 non
1250 2482 1475 2521 intelligentes,
1496 2491 1599 2521 neque
1619 2482 1750 2521 loquen-

984 2539 1045 2574 tes,
1062 2537 1116 2567 sed
1130 2536 1350 2567 discurrentes.
1372 2535 1613 2572 Quintoderimo
1628 2534 1678 2565 die
1694 2534 1751 2565 ho-

984 2590 1086 2620 mines
1101 2589 1287 2627 morientur,
1302 2590 1338 2619 ut
1352 2589 1521 2627 resurgant
1531 2597 1603 2618 cum
1621 2588 1753 2618 mortuis

984 2644 1080 2682 longe
1109 2645 1182 2674 ante
1214 2642 1379 2673 defunctis.
1409 2641 1481 2672 Haec
1513 2643 1621 2671 utrum
1650 2641 1692 2671 ita
1721 2650 1753 2672 se

985 2697 1132 2735 habeant,
1149 2696 1230 2728 Deus
1244 2695 1342 2726 novit.
