1991 3006
67 638 100 658 Ad
119 643 170 664 opp.

81 2341 174 2362 Fau-ian·
180 2356 184 2360 .

586 239 680 270 DIST.
703 238 804 270 XLIX.
829 239 929 269 PARS
953 239 976 269 Ι.

182 315 256 337 rum
270 317 277 337 z
290 305 360 336 ideo
368 314 434 336 non
443 307 490 336 est
503 306 726 345 distinguenda
736 307 775 336 ab
786 307 854 336 aliis
865 317 872 342 3
886 307 949 336 imo

186 359 301 390 dicitur
316 361 380 389 tota
392 364 521 390 merces.

440 466 619 503 QUAESTIO
642 466 692 496 Vl.

238 546 284 572 An
298 553 384 572 omnes
398 545 511 572 habeant
527 547 653 580 <equalem
673 546 864 572 beatitudinem
880 544 898 570 ¹.

227 624 269 655 De
294 625 451 655 differenti
474 625 713 664 participatione
736 625 952 661 beatitudinis3

186 680 215 707 et
231 678 506 716 quaeriturutrum
521 686 632 708 omnes
646 679 780 708 habeant
797 678 954 717 aequalem

187 731 415 761 beatitudinem
429 742 434 761 z
448 734 476 761 et
489 732 574 771 quod
589 733 644 769 sic,
658 732 782 762 videtur
797 741 837 762 ex
853 734 953 769 textu,

187 784 241 814 ubi
256 784 371 814 dicitur
385 787 395 802 ²
410 784 493 823 quod
510 794 621 815 omnes
638 789 826 824 acceperunt
848 786 956 823 sinqu-

186 837 231 869 los
244 837 406 874 denarios,
424 841 453 868 et
468 839 552 878 quod
573 838 721 869 Dominus
735 841 858 869 tantum
875 838 958 869 dedit

186 891 361 922 novissimo
369 894 524 931 quantum
536 893 649 932 primo.
663 892 698 923 Et
707 893 813 923 Glossa
821 892 895 923 dicit
903 902 955 922 su-

186 953 242 983 per
258 944 335 974 illud
346 945 366 981 ³,
380 945 481 977 Stella
491 945 600 985 diflert
613 955 633 977 a
645 946 734 977 stella
745 956 755 974 .·
775 958 788 974 «
804 945 958 976 Eumdem

190 997 356 1028 denarium
376 999 598 1038 paterfamilias
620 999 704 1029 dedit
728 1000 887 1036 omnihus,
905 999 959 1038 qui

187 1051 306 1090 operati
321 1053 439 1082 suntin
454 1053 564 1083 vinea:
578 1063 591 1080 ›)
607 1062 670 1091 quo
681 1053 790 1091 utique
802 1062 863 1082 1101)
875 1052 959 1082 aliud

186 1104 397 1142 significatur,
415 1114 512 1143 quam
535 1105 565 1135 id
581 1105 664 1144 quod
680 1114 791 1135 omnes
814 1114 957 1135 commu-

186 1156 268 1186 niter
283 1157 446 1187 habebunt
463 1168 469 1187 :
488 1157 541 1187 sed
561 1157 637 1188 illud
652 1167 715 1188 non
741 1160 788 1188 est
804 1158 863 1188 nisi
886 1158 960 1188 bea-

187 1209 304 1247 titudo3
322 1219 413 1248 ergo,
430 1212 489 1240 ete.

227 1265 256 1293 02.
284 1263 361 1293 Item
391 1263 511 1293 ratione
535 1263 680 1301 videtur,
698 1264 775 1303 quia
800 1265 960 1295 beatitudo

188 1315 329 1345 consistit
348 1316 381 1345 in
399 1316 472 1353 Deo,
491 1317 545 1355 qui
566 1318 612 1346 est
638 1317 758 1346 bonum
779 1326 960 1355 summum,

188 1368 362 1405 infinitum,
379 1371 410 1399 et
429 1369 559 1399 omnino
576 1369 779 1407 invariabile,
797 1379 860 1400 non
880 1371 961 1401 reci-

189 1422 279 1461 piens
299 1423 404 1461 magis
425 1425 455 1453 et
483 1423 587 1453 minus
611 1434 616 1453 :
635 1426 714 1462 ergo
730 1433 787 1454 nec
802 1424 962 1455 beatitudo

189 1475 298 1514 recipit
314 1475 419 1514 magis
435 1478 464 1505 et
486 1476 602 1506 minus

231 1527 263 1557 Si
285 1528 370 1558 dicas
390 1528 473 1567 quod
503 1529 645 1559 consistit
667 1530 699 1559 iu
727 1530 778 1559 Dei
803 1531 964 1569 participa-

191 1581 285 1620 tione,
301 1591 374 1621 quae
385 1582 490 1620 magis
505 1584 536 1612 et
547 1582 653 1612 minus
667 1583 777 1621 ret-ipit
790 1594 797 1619 3

231 1638 260 1665 3.
279 1635 393 1666 Contra
417 1646 423 1665 z
443 1635 665 1674 Unusquisque
685 1638 810 1666 tantum
834 1636 962 1675 partici-

191 1688 278 1727 pabit
303 1687 399 1717 Deum
422 1688 453 1717 in
478 1688 591 1726 gloria,
606 1689 691 1727 quod
714 1698 778 1718 non
795 1689 889 1727 volet,
906 1699 964 1719 nec

192 1741 306 1781 poterit
320 1740 391 1780 plus
415 1741 622 1780 participare:
640 1750 719 1779 ergo
744 1742 963 1782 unusquisque

195 1794 227 1824 in
251 1803 400 1824 summo:
419 1794 473 1824 sed
499 1794 583 1833 quod
605 1802 769 1824 summum
791 1797 854 1832 est,
871 1796 965 1825 estin

195 1848 348 1884 termino3
366 1849 395 1877 et
410 1847 495 1886 quod
511 1849 557 1877 est
572 1847 764 1883 intermino,
777 1856 841 1877 non
856 1848 966 1887 recipit

196 1901 299 1939 magis
309 1902 339 1930 et
356 1900 461 1930 minus
477 1911 482 1929 :
501 1909 591 1939 ergo,
609 1902 666 1929 etc.

237 1956 265 1983 4.
285 1953 362 1983 item
375 1955 499 1983 tantum
510 1953 621 1991 diliget
636 1953 856 1992 unusquisque
870 1953 965 1984 homo

196 2006 379 2046 proximum
390 2006 471 2036 sicut
485 2006 639 2045 seipsum:
653 2015 732 2045 ergo
747 2009 872 2036 tantum
885 2016 966 2045 gau-

196 2059 281 2090 debit
297 2059 391 2089 Linus
406 2059 444 2089 de
463 2059 565 2097 gloria
583 2059 678 2097 Petri,
695 2062 725 2089 et
745 2062 867 2089 tantum
884 2060 968 2090 volet

197 2121 268 2142 eam
284 2112 386 2148 Petro,
403 2114 560 2151 quantum
576 2112 634 2142 sibi
648 2123 654 2142 :
673 2115 702 2142 ct
717 2113 743 2142 si
756 2113 825 2150 hoc,
840 2115 966 2144 tantum

199 2165 350 2205 gaudebit
370 2165 408 2195 de
429 2165 531 2204 gloria
552 2165 649 2203 Petri,
673 2168 829 2206 quantum
849 2167 874 2196 si
897 2177 967 2197 eam

198 2219 328 2249 haberet
348 2230 354 2249 :
372 2219 425 2249 sed
448 2219 473 2248 si
492 2218 635 2255 haberet,
655 2222 778 2250 tantum
802 2221 966 2259 gauderet,

199 2274 356 2311 quantum
371 2272 482 2302 Petrus
497 2273 651 2310 gauderet
667 2283 673 2303 ι
687 2282 776 2311 ergo,
793 2276 852 2303 etc.

240 2325 353 2355 Contra
368 2328 377 2343 ⁶
395 2335 400 2355 :
419 2326 457 2355 ln
473 2325 564 2357 domo
581 2325 687 2357 Patrr'x.»
708 2327 770 2357 mei
788 2327 970 2358 mansiones

200 2379 308 2411 mulcoe
323 2381 417 2417 sunu
437 2379 637 2417 Augustinus
652 2380 661 2395 ¹⁵
681 2391 686 2410 :
715 2392 728 2407 «
750 2380 856 2410 Multae
879 2389 968 2409 mau-

201 2432 304 2462 siones
318 2432 351 2462 in
374 2441 440 2462 una
460 2432 525 2463 vita
545 2435 656 2470 erunt,
678 2433 752 2472 quia
774 2434 872 2464 variae
889 2442 969 2472 prze-

203 2485 342 2515 miorum
356 2485 537 2524 dignitates.
552 2496 565 2513 η

246 2538 323 2569 ltem
337 2538 507 2577 Apostolus
521 2538 531 2553 ⁶
551 2549 557 2568 :
573 2538 666 2570 Stella
681 2538 791 2578 differt
805 2547 825 2570 α
839 2539 927 2570 stella
938 2540 973 2570 in

238 2637 245 2652 ¹
265 2636 305 2665 Cf.
320 2635 447 2665 Richard„
464 2636 493 2659 lv
511 2636 589 2663 Seni„
608 2636 666 2659 «list.
683 2642 753 2665 xcix,
770 2645 794 2668 q*
812 2643 867 2666 viii,
881 2640 926 2660 art.
947 2640 972 2666 :3;

207 2671 294 2702 steph.
312 2671 414 2699 erulos..
435 2671 465 2695 lV
484 2671 562 2700 Sene,
580 2671 636 2695 dist.
657 2678 730 2702 xmx,
750 2680 774 2703 q.
797 2679 835 2702 v1;
858 2674 922 2696 Petr.
943 2673 974 2695 de

206 2707 317 2737 Tan-snt„
337 2707 367 2730 lv
384 2706 462 2736 Seni„
477 2706 532 2730 dist.
549 2712 620 2736 xmx,
640 2715 664 2737 q.
686 2714 719 2731 VI.
736 2721 765 2726 —
785 2709 795 2723 ²
813 2708 916 2738 Manli„
931 2714 975 2737 xx,

325 2759 400 2782 ΤΟΜ.
422 2759 467 2782 vl.

1000 237 1089 269 ART.
1116 239 1137 268 l.
1162 238 1311 275 QUAEST.
1336 240 1385 271 Vl.

1005 306 1160 337 claritate.
1182 305 1213 336 Si
1229 316 1307 346 ergo
1327 307 1450 338 claritas
1462 307 1655 346 cognitionis
1675 317 1771 346 gene-

1007 361 1057 389 rat
1076 359 1230 397 gaudium
1250 363 1280 389 et
1302 361 1556 398 delectationem,
1575 363 1606 392 et
1628 361 1775 392 differens

1008 415 1069 449 est;
1088 421 1165 450 ergo
1180 412 1328 442 differens
1342 414 1402 443 erit
1418 414 1585 451 gaudium.

1050 465 1126 495 ltem
1145 465 1265 496 ratione
1286 467 1421 503 videtur,
1439 467 1514 506 quia
1530 467 1696 506 praemium
1714 476 1777 497 res-

1009 518 1124 555 pondet
1138 518 1266 555 merit03
1285 519 1336 549 sed
1351 522 1473 550 constat
1488 520 1610 559 aliquos
1624 529 1691 550 esse
1706 529 1776 549 ma-

1006 570 1087 608 joris
1101 571 1202 600 meriti
1219 582 1224 600 :
1243 580 1322 610 ergo
1338 575 1368 601 et
1383 573 1516 611 praemii.

1052 623 1127 653 Item
1141 632 1196 662 per
1213 624 1432 662 Augustinum
1451 636 1456 654 z
1476 637 1489 653 «
1505 625 1537 655 Si
1555 626 1661 656 omnia
1676 628 1781 656 essent

1011 676 1156 715 aequalia,
1187 677 1294 707 omnia
1318 686 1380 708 non
1407 681 1509 708 essent
1532 679 1676 709 omnia.»
1696 678 1781 717 Ergo

1012 730 1089 759 ordo
1105 730 1175 759 facit
1195 730 1233 759 ad
1251 731 1491 769 perfectionem:
1508 732 1561 762 sed
1582 741 1719 771 superna
1738 733 1780 762 ci-

1013 783 1094 813 vitas
1109 786 1155 813 est
1170 784 1394 823 perfectissima
1413 796 1419 814 z
1437 793 1525 823 ergo,
1543 788 1600 816 etc.

1715 244 1770 270 577

1287 899 1510 931 CONCLUSIO.

1014 983 1156 1009 Beatitudo
1183 984 1315 1017 objectiva
1343 993 1397 1011 una
1425 987 1476 1012 erit
1505 987 1632 1017 omnium,
1662 987 1786 1018 formalis

1049 1035 1108 1054 vero
1133 1036 1185 1054 una
1208 1030 1313 1056 unitate
1336 1031 1532 1062 conformitatis
1553 1033 1576 1057 et
1601 1032 1783 1062 conneoez‘onz's,

1051 1073 1175 1106 differens
1190 1081 1250 1100 vero
1263 1075 1292 1100 in
1303 1076 1456 1108 quantitate
1470 1075 1576 1108 qaznlz'z'.

1058 1156 1146 1196 Resp.
1159 1157 1196 1187 ad
1213 1167 1283 1196 arg.
1302 1158 1473 1189 Dicendum
1484 1160 1567 1199 quod
1578 1159 1741 1190 diversitas
1755 1162 1786 1190 et

1016 1209 1174 1240 distinctio
1189 1213 1235 1241 est
1250 1211 1282 1240 in
1294 1212 1435 1250 praemiis
1450 1212 1624 1243 secundum
1640 1214 1745 1252 majus
1756 1215 1786 1243 et

1016 1263 1135 1300 minus7
1154 1263 1233 1294 sicut
1252 1264 1310 1294 fuit
1330 1265 1360 1294 in
1378 1265 1508 1295 meritis.
1534 1265 1581 1296 Ad
1604 1266 1787 1304 intelligen-

1016 1315 1091 1345 tiam
1119 1318 1225 1346 autem
1251 1317 1460 1355 objectorum,
1483 1319 1659 1349 notandum
1682 1319 1785 1358 quod,

1018 1368 1098 1398 sicut
1113 1369 1284 1407 beatitudo,
1302 1373 1338 1400 ut
1353 1371 1473 1401 dictum
1489 1374 1535 1401 est
1549 1382 1654 1412 supra,
1672 1372 1787 1402 dicitur

1018 1421 1208 1460 dupliciter:
1227 1423 1276 1452 vel
1300 1424 1417 1454 satians
1441 1424 1600 1462 effective⁷
1628 1425 1704 1455 sicut
1730 1425 1788 1455 ob-

1015 1475 1151 1511 jectum3
1171 1476 1219 1505 vel
1233 1476 1351 1506 satians
1374 1477 1593 1515 inffirmative,
1614 1478 1695 1508 sicut
1713 1487 1785 1517 per-

1019 1528 1109 1558 fectio
1125 1538 1131 1558 :
1151 1529 1195 1558 sic
1209 1531 1240 1559 et
1263 1530 1432 1568 praemium
1445 1554 1453 1567 ,
1470 1531 1537 1561 sive
1557 1531 1687 1561 donum.
1708 1531 1787 1562 Nam

1019 1581 1043 1610 si
1065 1581 1187 1611 dicatur
1210 1582 1292 1612 sicut
1312 1583 1484 1621 obiectum,
1508 1584 1638 1614 omnino
1654 1593 1719 1614 una
1742 1587 1789 1614 est

1019 1643 1154 1671 merces,
1172 1644 1256 1665 unus
1281 1636 1377 1673 Deus,
1395 1645 1460 1666 una
1481 1637 1658 1675 beatitudo,
1683 1646 1787 1668 unum

1020 1687 1203 1726 pi‘aemium3
1227 1688 1252 1717 si
1273 1691 1379 1719 autem
1404 1689 1588 1728 formaliter,
1612 1691 1656 1720 sic
1673 1691 1789 1722 dicitur

1020 1740 1179 1770 beatitudo
1206 1750 1270 1770 una
1298 1742 1420 1772 unitate
1448 1744 1695 1782 conformitatis,
1724 1755 1789 1775 una

1020 1793 1139 1823 unitate
1156 1794 1360 1824 connexionis
1367 1806 1374 1831 3
1388 1795 1440 1825 sed
1457 1797 1562 1826 tamen
1578 1797 1725 1828 differens
1742 1800 1789 1828 est

1020 1846 1195 1885 quantitate
1222 1847 1326 1884 gaudii
1349 1850 1378 1878 et
1401 1850 1675 1881 remunerationis.
1704 1850 1791 1882 Unus

1021 1899 1106 1928 enim
1125 1898 1187 1928 alio
1207 1899 1323 1929 clarius
1346 1900 1431 1931 videt
1452 1901 1566 1939 Deum,
1587 1905 1617 1933 et
1633 1904 1737 1942 magis
1753 1904 1791 1934 de

1022 1952 1074 1982 illo
1091 1952 1221 1991 gaudet,
1238 1955 1268 1983 et
1282 1954 1419 1985 strictius
1433 1956 1531 1986 tenet.

1066 2008 1076 2034 l
1095 2007 1125 2035 et
1148 2008 1177 2035 Ξ.
1198 2005 1234 2035 Εῖ
1255 2006 1299 2036 sic
1320 2008 1405 2046 patet
1428 2008 1568 2047 primum
1591 2009 1629 2040 de
1649 2011 1789 2042 denario.

1024 2058 1112 2088 Patet
1128 2058 1222 2089 eliam
1246 2060 1437 2097 secundum,
1455 2062 1613 2101 quomodo
1636 2064 1792 2102 gaudium

1023 2120 1081 2150 par
1095 2111 1223 2149 dicitur;
1242 2121 1318 2149 non,
1332 2113 1474 2152 inquam,
1491 2115 1657 2153 intensive,
1673 2117 1726 2148 sed
1740 2127 1794 2148 ex-

1024 2164 1154 2202 tensive,
1171 2165 1245 2204 quia
1260 2165 1297 2195 de
1320 2166 1437 2197 eisdem
1453 2170 1483 2198 et
1498 2170 1544 2198 tot
1558 2170 1677 2207 gaudet
1696 2180 1792 2209 UHUS,

1025 2217 1062 2247 de
1077 2218 1194 2257 quibus
1210 2222 1239 2249 et
1254 2222 1330 2258 quot
1344 2220 1462 2258 gaudet
1475 2221 1564 2252 alter.

1067 2274 1095 2301 3.
1113 2271 1159 2301 Ad
1176 2272 1251 2301 illud
1276 2273 1360 2311 quod
1380 2273 1539 2313 objicitur,
1559 2277 1644 2315 quod
1663 2278 1797 2317 quilibet

1027 2325 1192 2364 participat
1204 2325 1302 2355 Deum
1323 2326 1356 2355 in
1371 2335 1508 2365 summo,
1528 2328 1696 2361 dicendum
1711 2332 1795 2370 quod

1028 2380 1074 2407 est
1089 2388 1252 2409 summum
1272 2379 1465 2419 simpliciter,
1483 2384 1514 2412 et
1533 2392 1695 2414 summum
1712 2386 1794 2415 huic.

1030 2430 1142 2462 Nullus
1153 2432 1319 2471 participat
1334 2433 1433 2464 Deum
1452 2435 1482 2465 in
1503 2445 1630 2467 summo
1645 2438 1796 2477 simplici-

1030 2487 1087 2521 ter,
1105 2485 1158 2514 sed
1178 2485 1210 2515 in
1228 2495 1356 2516 summo
1371 2487 1429 2516 sibi
1456 2499 1461 2517 :
1479 2489 1611 2527 quilibet
1625 2491 1709 2520 enini
1725 2494 1796 2521 tan-

1031 2540 1098 2568 tum
1121 2539 1296 2578 participat,
1321 2548 1385 2570 non
1401 2541 1478 2580 quin
1503 2543 1599 2581 possit
1619 2544 1796 2584 participari

1032 2591 1112 2630 plus,
1131 2592 1183 2621 sed
1200 2601 1263 2621 non
1282 2592 1353 2631 plus
1368 2593 1407 2623 ab
1422 2593 1506 2632 ipso,
1524 2596 1598 2634 quia
1616 2605 1680 2627 non
1701 2600 1799 2636 potest

1035 2674 1109 2694 ῖυ.-
1124 2671 1133 2686 ³
1146 2672 1152 2694 l
1165 2672 1234 2700 Cor„
1251 2678 1292 2699 xvv
1307 2674 1344 2696 41.
1356 2686 1383 2690 —
1399 2674 1408 2688 4
1423 2674 1504 2703 joan„
1522 2680 1572 2704 xiv,
1587 2677 1650 2699 2.-
1662 2677 1671 2692 ¹⁵
1685 2678 1757 2708 Aug„
1775 2680 1799 2702 iu

1032 2707 1099 2729 Joau.
1119 2709 1321 2737 t1·act.1.xv11‚n.
1333 2710 1355 2732 2.
1366 2722 1395 2725 —
1410 2710 1418 2722 ⁰
1431 2710 1436 2731 l
1451 2709 1520 2739 Cor„
1534 2716 1574 2740 xv,
1591 2713 1628 2735 41.

1645 2760 1680 2787 37

1804 1287 1890 1314 Explic.
