1991 3006
100 893 133 913 Ad
153 900 204 920 opp.

216 191 274 220 106
767 188 1075 221 SENTENTIARUM
1095 189 1168 221 LIB.
1193 190 1243 220 IV.

216 259 263 287 est
288 257 418 293 falsitas.
446 261 477 289 et
507 258 684 298 hypocrisis
713 258 877 288 manifesta
899 268 905 287 z
933 265 985 287 er-

216 318 269 349 go⁷
288 312 346 341 etc.

257 363 335 394 Item
351 364 504 394 confessio
523 365 559 394 fit
580 366 708 404 propter
730 363 982 394 absolutionem:

216 416 370 447 absolutio
393 419 499 447 autem
524 417 691 447 sacerdotis
715 417 844 453 signum
867 418 913 445 est
935 415 984 445 di-

217 469 300 499 vinae
320 469 544 500 absolutionis:
566 470 620 500 sed
643 470 724 500 Deus
742 478 907 509 nunquam
928 469 985 499 ab-

216 521 309 551 solvit
323 521 362 551 ab
377 530 442 551 una
457 521 563 561 culpa,
585 522 661 561 quin
678 522 819 551 absolvat
839 522 878 551 ab
898 522 984 551 0111111

217 574 308 613 culpa
323 574 465 605 mortali:
486 584 564 613 ergo
578 574 732 605 absolutio
748 574 914 604 sacerdotis
931 576 986 605 :iut

217 626 304 657 nulla
329 629 393 664 est,
409 630 463 658 aut
480 630 526 657 est
539 628 578 657 ab
600 628 687 657 omni
703 628 794 666 culpa
816 638 821 657 :
848 627 900 657 scd
920 637 984 657 non

218 682 356 711 meretur
377 681 497 711 absolvi
521 691 540 711 a
563 681 721 711 sacerdote
746 683 904 720 peccator,
929 681 985 720 qui

217 733 296 764 celat
311 733 337 763 ei
354 736 516 773 peccatum
530 745 536 764 :
560 742 637 772 ergo
653 733 740 763 nulla
758 736 803 763 est
818 733 984 771 absolutio,

217 786 278 816 nisi
296 786 481 817 confiteatur
499 787 650 817 sacerdoti
665 786 721 816 11111
738 786 860 823 omnia,
879 795 897 816 a
913 786 983 825 qui-

218 839 278 869 bus
291 839 411 877 indiget
425 839 557 870 absolvi.

258 891 385 923 Contra:
401 895 428 923 1.
440 892 557 923 Omnes
569 893 745 923 sacerdotes
760 894 868 922 tenent
881 892 986 922 locum

218 946 331 984 unius,
349 946 463 976 scilicet
483 946 595 977 Christi
609 955 616 976 :
640 955 718 985 ergo
734 946 816 976 idem
829 948 875 975 est
889 947 986 976 conti-

217 999 277 1029 teri
290 999 437 1037 diversis,
459 999 543 1039 quod
562 999 704 1029 confiteri
726 999 802 1029 uni:
824 1008 902 1037 crgo
918 1001 987 1028 tau-

217 1055 285 1083 tum
302 1053 386 1083 valet
400 1053 425 1083 si
441 1055 584 1092 peccator
600 1053 727 1084 divisim
742 1052 875 1082 diversis
891 1053 987 1082 conti-

216 1109 320 1139 teatur
334 1107 452 1144 omnia,
468 1108 624 1146 quantum
639 1106 664 1136 si
678 1106 785 1137 omnia
801 1106 987 1136 confiteatur

215 1161 282 1192 uni.

217 1238 223 1240 -
256 1217 285 1245 2.
304 1214 381 1244 Item
401 1214 554 1244 confessio
575 1213 668 1243 estin
689 1211 866 1242 remedium
883 1222 889 1241 ς
909 1220 986 1250 ergo

216 1278 280 1299 non
299 1268 389 1298 debet
403 1268 471 1298 fieri
489 1267 520 1297 iu
540 1266 741 1297 scandalum:
767 1265 819 1295 sed
841 1265 987 1304 possibile

216 1324 262 1353 est
275 1322 358 1361 quod
373 1321 530 1361 poenitens
542 1321 728 1350 confiteatur
744 1318 871 1358 proprio
887 1328 987 1349 sacer-

216 1376 279 1406 doti
304 1374 433 1414 aliquod
459 1376 623 1414 peccatum
655 1372 740 1412 quod
766 1372 987 1403 scandalizabit

215 1438 306 1466 eum,
335 1430 444 1467 utpote
473 1428 498 1457 si
524 1428 660 1465 cognata
690 1425 860 1455 sacerdotis
893 1425 988 1455 fuerit

215 1482 371 1513 adultera:
384 1490 462 1519 ergo
473 1480 600 1511 videtur
612 1479 697 1519 quod
708 1479 805 1519 possit
821 1481 985 1518 peccatum

215 1536 276 1567 hoc
290 1543 469 1572 reservare,
487 1536 516 1564 et
531 1534 592 1564 alia
606 1533 663 1563 sibi
678 1533 793 1569 dicere,
811 1535 841 1562 et
854 1532 899 1562 ita
912 1541 985 1562 0011-

214 1589 383 1620 fessionem
398 1587 574 1618 dimidiare.

256 1644 285 1672 3.
307 1641 385 1672 Item
403 1640 516 1680 aliquis
538 1641 699 1670 confessus
718 1642 764 1670 est
786 1639 842 1669 uni
858 1639 984 1677 decem,

216 1698 246 1726 et
264 1694 421 1725 commisit
444 1693 626 1729 duodecim,
653 1695 684 1723 et
708 1692 823 1723 oblitus
847 1692 986 1723 duorum

216 1751 286 1789 post
302 1747 499 1785 recordatur,
525 1756 590 1777 non
604 1746 724 1776 habens
745 1746 868 1785 copiam
884 1754 987 1775 sacer-

216 1802 314 1839 dotis;
330 1801 386 1831 iste
401 1800 460 1831 fuit
475 1799 618 1838 legitime
631 1799 793 1829 confessus
808 1798 846 1828 de
860 1798 983 1829 decem:

216 1864 295 1894 ergo
310 1854 336 1884 si
351 1862 414 1884 non
429 1853 520 1884 debet
534 1853 583 1882 bis
597 1851 702 1891 puniri
716 1860 772 1890 pro
787 1851 909 1887 eodem,
925 1852 987 1881 suf-

217 1908 280 1938 ficit
295 1916 379 1937 nunc
393 1906 536 1936 confiteri
551 1905 633 1936 duo:
655 1914 733 1944 ergo
756 1905 882 1935 videtur
903 1905 988 1944 quod

217 1960 368 1992 confessio
382 1959 482 1999 possit
496 1958 664 1989 dimidiari.

256 2016 286 2044 4.
302 2013 380 2043 Item
395 2012 509 2042 sufficit
523 2011 548 2041 si
564 2011 635 2050 quis
652 2010 819 2041 confitetur
834 2010 988 2040 sacerdoti

217 2065 345 2107 proprio
363 2064 458 2102 illud,
484 2073 502 2094 a
525 2072 589 2103 quo
609 2064 711 2103 potest
731 2062 912 2093 absolvere:
934 2063 987 2093 sed

217 2117 364 2159 possibile
378 2119 424 2148 est
438 2117 522 2157 quod
536 2116 650 2156 aliquis
671 2116 786 2146 habeat
799 2125 921 2154 casum,
939 2117 988 2147 vel

218 2174 399 2212 peccatum,
422 2180 441 2201 a
459 2180 521 2211 quo
543 2179 608 2201 non
628 2172 728 2210 potest
747 2169 910 2200 absolvere
929 2169 988 2200 nisi

219 2225 380 2265 superior:
404 2233 482 2263 ergo
504 2224 619 2254 sufficit
639 2223 723 2263 quod
744 2223 868 2253 minora
888 2223 986 2253 confi-

218 2281 323 2309 teatur
349 2279 423 2317 uni,
456 2281 486 2309 et
509 2280 672 2318 peccatum
700 2278 778 2308 illud
800 2278 987 2308 confiteatur

220 2331 354 2371 maiori:
378 2340 456 2370 ergo
475 2330 599 2361 videtur
618 2331 703 2370 quod
722 2330 873 2360 confessio
894 2329 989 2369 possit

219 2384 386 2415 dimidiari.

252 2448 256 2461 '
275 2448 326 2471 {mo
339 2448 428 2471 auctor
438 2447 481 2471 libr
498 2447 528 2470 de
542 2454 590 2470 ver.
606 2448 628 2470 rt
642 2446 701 2476 fala.
719 2447 819 2477 Ptenis„
833 2454 855 2470 c.
869 2446 910 2470 cit.

1315 319 1538 351 CONCLUSIO.

1046 412 1169 439 Veniatia
1184 414 1251 439 sicut
1265 421 1317 440 nou
1337 416 1375 440 est
1393 421 1490 441 necesse
1509 416 1640 448 confiteri,
1657 416 1696 442 sic
1710 421 1763 441 non
1775 417 1813 442 est

1078 464 1177 483 neccsse
1188 457 1269 483 simul
1285 459 1308 484 et
1321 459 1411 484 omnia
1424 459 1526 492 integre
1540 460 1659 492 confiteri
1667 468 1675 490 ,·
1689 466 1763 486 secus
1777 462 1814 486 est

1077 500 1107 526 (Ic
1126 501 1291 532 mortalibus,
1309 510 1365 536 quoe
1384 503 1432 528 ιιιιί
1451 502 1584 529 sacerdoti
1604 504 1694 529 omnia
1715 510 1814 530 necesse

1078 546 1116 570 est
1131 545 1259 579 confiteri,
1271 553 1328 579 qum
1342 553 1393 571 non
1411 548 1449 572 esc
1465 547 1536 573 alias
1549 548 1609 581 quis
1623 548 1738 580 quitz‘me
1753 555 1815 574 con-

1077 589 1170 620 fessus,
1184 597 1241 622 quw
1254 590 1333 615 simul
1346 589 1421 616 hahet
1437 592 1525 617 omnia
1541 592 1569 617 in
1583 592 1756 618 conscientia.

1083 680 1174 721 Resp.
1191 682 1229 712 ad
1248 691 1319 721 arg.
1339 682 1510 714 Dicendum
1530 684 1613 724 quod
1630 685 1663 714 in
1677 684 1812 715 veniali-

1043 734 1102 764 bus
1117 744 1180 765 non
1195 738 1241 766 est
1257 736 1322 767 vis:
1341 737 1519 767 sicutenim
1540 746 1604 768 non
1624 740 1671 768 est
1688 746 1815 768 necesse

1042 796 1078 817 ea
1092 789 1250 826 confiteri,
1274 790 1317 819 sic
1337 798 1400 820 nou
1417 793 1461 820 est
1477 799 1603 821 necesse
1620 799 1656 821 ea
1670 790 1766 821 simul
1785 792 1816 820 et

1043 842 1151 871 omnia
1170 842 1292 880 integre
1311 843 1464 873 confiteri.
1486 842 1547 873 Sed
1569 843 1607 873 de
1628 843 1815 874 mortalibus

1043 894 1167 932 dicitur,
1179 895 1262 934 quod
1277 905 1401 926 necesse
1417 898 1463 926 est
1477 896 1583 926 omnia
1602 896 1745 926 confiteri
1759 896 1815 927 uni

1042 948 1209 985 sacerdoti3
1234 949 1351 985 omnia,
1376 948 1517 987 inquam,
1535 957 1674 987 quorum
1688 951 1736 979 est
1748 957 1816 980 me-

1043 1009 1128 1037 mor,
1152 1003 1180 1031 et
1204 1001 1242 1031 dc
1264 1002 1381 1040 quibus
1409 1011 1473 1031 non
1492 1001 1551 1031 fuit
1575 1001 1651 1031 alias
1673 1001 1816 1040 legitime

1042 1054 1213 1084 consessus.
1231 1055 1268 1085 Et
1286 1057 1359 1085 tunc
1376 1064 1453 1085 voco
1466 1054 1607 1093 legitime
1622 1056 1814 1093 confessum,

1043 1107 1170 1145 quando
1190 1108 1269 1138 nillil
1291 1108 1461 1138 intervenit
1479 1108 1563 1147 quod
1586 1107 1816 1138 absolutionem

1043 1162 1212 1191 sacerdotis
1228 1162 1351 1192 irritam
1370 1162 1504 1191 taceret:
1525 1161 1612 1200 quod
1627 1162 1673 1191 est
1691 1160 1725 1190 in
1741 1170 1818 1200 qua-

1044 1214 1115 1242 tuor
1129 1214 1265 1251 casibus,
1282 1217 1312 1244 et
1332 1214 1395 1244 duo
1416 1216 1491 1243 sunt
1507 1222 1526 1243 a
1546 1215 1633 1253 parte
1652 1212 1818 1243 absolven-

1043 1265 1101 1295 tis:
1120 1275 1216 1303 unus,
1233 1267 1336 1297 sinon
1351 1266 1442 1303 sciat;
1464 1266 1553 1302 alter,
1576 1266 1601 1296 si
1616 1274 1680 1296 non
1698 1265 1815 1305 possit:

1044 1327 1146 1356 1111115,
1169 1322 1277 1350 contra
1305 1319 1426 1350 clavem
1449 1319 1602 1356 scientiae;
1619 1319 1698 1349 alter
1710 1320 1819 1349 eontra

1043 1372 1164 1402 clavem
1187 1374 1345 1412 potentiae.
1374 1373 1441 1403 Duo
1463 1383 1481 1403 a
1505 1375 1592 1412 parte
1615 1372 1815 1403 confitentis:

1043 1436 1143 1463 unus⁷
1163 1427 1187 1456 si
1205 1427 1273 1456 ficte
1288 1428 1490 1463 confiteatur;
1508 1426 1597 1463 alter,
1615 1426 1639 1455 si
1662 1427 1732 1465 post
1746 1434 1819 1456 eon-

1042 1476 1226 1515 fessio11em‚
1244 1479 1488 1509 satisfactionem
1507 1481 1727 1516 contemnem,
1750 1479 1819 1518 ejus

1042 1532 1259 1563 obliviscatur.
1290 1532 1322 1563 Si
1349 1535 1456 1562 autem
1484 1532 1626 1571 legitime
1658 1532 1818 1562 consessus

1043 1588 1099 1622 est,
1123 1594 1186 1615 non
1208 1587 1330 1624 oportet
1350 1586 1465 1615 iterare
1488 1585 1548 1615 nisi
1568 1585 1601 1615 111
1623 1585 1815 1623 universali;

1043 1638 1069 1668 si
1084 1648 1157 1669 vero
1174 1647 1249 1676 nou,
1265 1640 1389 1677 oportet
1408 1638 1493 1677 quod
1513 1638 1621 1668 01111113
1635 1638 1736 1676 dicat,
1758 1647 1816 1678 pro

1042 1701 1079 1722 eo
1103 1692 1186 1731 quod
1211 1691 1355 1721 sacerdos
1380 1691 1514 1721 absolvit
1535 1690 1575 1720 ab
1601 1690 1687 1720 omni
1709 1690 1816 1730 culpa,

1043 1747 1097 1775 aut
1112 1744 1201 1775 nulla
1215 1747 1261 1775 est
1281 1744 1449 1774 absolutio.
1466 1743 1579 1774 Nullus
1594 1745 1700 1773 autem
1716 1752 1818 1774 sacer-

1042 1799 1100 1828 dos
1124 1798 1257 1829 iutendit
1283 1798 1446 1828 absolvere
1468 1797 1672 1836 poenitentem
1697 1797 1736 1827 ab
1761 1806 1815 1835 eo,

1043 1853 1128 1892 quod
1141 1852 1199 1882 sibi
1214 1852 1303 1883 celat.
1326 1852 1373 1882 Ad
1387 1852 1448 1882 1100
1469 1860 1546 1889 ergo
1566 1850 1651 1890 quod
1665 1850 1818 1881 confessio

1043 1905 1081 1935 sit
1097 1906 1223 1943 integra
1234 1929 1241 1942 ‚
1259 1914 1384 1935 necesse
1397 1906 1443 1934 est
1461 1904 1546 1943 quod
1560 1904 1668 1934 omnia
1686 1912 1758 1943 quae
1773 1903 1819 1933 si-

1043 1958 1111 1989 mul
1125 1959 1220 1989 habet
1235 1959 1269 1988 in
1284 1957 1474 1988 conscientia
1485 1981 1492 1993 ,
1509 1956 1547 1987 (10
1562 1956 1678 1996 quibus
1691 1958 1820 1987 tenetur

1043 2011 1196 2047 confiteri,
1214 2011 1268 2040 uni
1282 2009 1434 2040 sacerdoti
1450 2009 1550 2039 dicat:
1568 2009 1722 2048 alioquin,
1737 2009 1819 2040 sicut

1043 2073 1190 2103 expresse
1208 2063 1282 2094 dicit
1302 2062 1503 2101 Augustinus
1519 2063 1539 2099 ¹,
1565 2062 1717 2101 probatur
1741 2070 1816 2092 con-

1043 2117 1138 2148 fessio
1152 2117 1235 2147 ficta.

1090 2174 1115 2201 1.
1145 2170 1194 2200 Ad
1218 2169 1295 2200 illud
1318 2177 1397 2208 ergo
1425 2168 1510 2208 quod
1536 2167 1705 2207 objicitur,
1733 2167 1818 2207 quod

1046 2233 1156 2254 omnes
1174 2222 1351 2253 sacerdotes
1364 2223 1472 2252 tenent
1488 2221 1594 2252 locum
1609 2220 1715 2259 11111115,
1732 2219 1818 2251 ’50111-

1044 2280 1092 2309 cet
1108 2276 1242 2314 Christi,
1260 2275 1427 2306 dicendum
1447 2274 1531 2314 quod
1552 2282 1666 2304 verum
1679 2275 1745 2304 est:
1763 2273 1818 2305 sed

1042 2331 1089 2362 ita
1112 2331 1220 2361 tenent
1244 2329 1350 2359 locum
1373 2328 1491 2366 unius,
1521 2327 1606 2367 quod
1632 2335 1696 2357 non
1721 2326 1817 2357 simul

1045 2392 1167 2419 omnes,
1182 2383 1237 2413 sed
1256 2382 1391 2421 quilibet
1405 2390 1460 2421 per
1475 2391 1507 2412 se
1521 2392 1528 2412 ε
1549 2383 1580 2411 et
1593 2381 1663 2412 ideo
1675 2380 1735 2420 qui
1748 2381 1817 2412 vult

1046 2436 1187 2468 confiteri
1203 2435 1355 2465 sacerdoti
1370 2437 1520 2473 tanquam
1537 2433 1675 2470 Christo,
1692 2432 1718 2462 si
1732 2434 1817 2463 recte

1044 2490 1231 2526 confitetur,
1258 2496 1386 2518 necesse
1414 2488 1461 2517 est
1485 2485 1570 2526 quod
1598 2485 1706 2516 omnia
1734 2485 1817 2516 dicat

1045 2543 1120 2580 uni;
1147 2541 1233 2581 quod
1260 2541 1286 2570 si
1314 2539 1433 2579 aliquid
1456 2538 1536 2570 celat
1561 2538 1617 2568 uni
1631 2561 1639 2575 ,
1666 2537 1815 2578 quamvis

1045 2595 1126 2626 dicat
1139 2594 1202 2632 alii,
1221 2594 1378 2633 quantum
1392 2594 1438 2623 est
1452 2592 1486 2622 in
1498 2600 1542 2629 se,
1558 2591 1721 2622 mediatori
1737 2590 1816 2622 cela-

1045 2649 1110 2687 vit,
1127 2647 1215 2678 etita
1230 2646 1367 2679 Christo.

1964 2737 1977 2862 ·'2›.5-1=
1965 2637 1978 2709 ω
