1991 3006
210 224 268 253 (336
726 221 958 253 SENTENTIAE
979 219 1297 252 SENTENTIARUM.

448 347 665 380 DISTINCTIO
688 347 738 379 XI.

211 432 286 464 Quod
300 439 406 466 qumque
421 432 513 458 anima
527 432 648 466 angelum
663 432 757 458 bonum
780 430 817 456 ael
829 431 873 456 sui
889 432 978 456 custo—

244 477 319 502 diam
343 476 491 510 delegatum
514 477 607 508 habet,
637 478 660 503 ct
689 477 788 502 malum
818 475 854 502 ad
880 476 979 502 exerci-

245 522 320 548 tium.

277 601 338 624 Illud
350 607 450 632 quoque
463 601 594 625 sciendum
609 603 655 631 est,
671 601 737 632 quod
750 601 848 632 angeli,
861 603 909 624 etc.

248 665 300 696 Est
320 665 443 696 homini
465 665 581 705 duplex
608 666 698 696 datus
719 666 874 705 augelu53
894 674 979 695 unus

288 719 399 758 iniqua

208 773 378 812 Suggerst,
403 782 439 803 ac
460 773 540 804 alius
567 776 675 804 monet
697 773 734 812 (a)
761 773 800 803 ad
832 772 978 802 sectanda

287 826 411 865 pudiea.

209 879 311 920 Usque
325 879 408 910 diem
423 880 506 918 finis,
524 880 594 920 plus
609 881 744 910 noscunt
759 879 893 919 plusque
910 888 976 909 me-

287 935 397 964 rentur

208 986 297 1018 CiVes
311 987 462 1026 coelestes,
479 988 563 1028 quod
585 987 690 1027 plures
706 986 788 1018 nolle
811 986 973 1017 videntur.

207 1040 297 1071 Multi
322 1042 510 1081 mysterium
542 1041 643 1071 crucis
667 1049 685 1070 a
713 1040 829 1070 sanctis
860 1039 978 1071 didice-

289 1097 380 1129 runt,

208 1147 305 1187 Cuius
321 1148 432 1179 notitia
446 1148 537 1188 plena
552 1148 653 1188 primo
668 1149 848 1178 caruerunt.

440 1259 658 1291 DISTINCTIO
680 1259 746 1290 XII.

209 1342 269 1368 Post
293 1343 465 1376 cognitionem
490 1342 522 1368 (Ie
544 1342 645 1376 atzyclis
673 1342 808 1374 habitam,
833 1343 924 1375 agitur
947 1342 979 1368 de

243 1387 359 1413 aliarum
376 1394 462 1413 reram
478 1388 625 1420 creatione,
650 1389 672 1413 cr
692 1388 826 1421 praecipue
848 1386 880 1413 cle
902 1394 979 1420 opere

242 1439 288 1458 sea:
302 1432 402 1459 dierum
416 1434 439 1459 et
456 1431 634 1458 distinctione.

300 1516 358 1541 Haec
371 1517 401 1541 de
415 1516 535 1548 angelicae
550 1518 645 1540 natur-‘e
661 1515 821 1547 conditione,
836 1518 884 1540 etc.

247 1579 382 1619 Spiritus
397 1580 560 1619 angelicus
571 1589 626 1619 per
636 1579 752 1609 coelum
763 1579 975 1618 significatur.

210 1633 288 1673 Hyle
303 1642 359 1673 per
374 1636 492 1663 terram
507 1633 594 1663 velut
610 1633 784 1671 inspeciosa
796 1634 935 1662 notatur.

209 1686 245 1716 Et
261 1686 335 1725 quia
349 1686 490 1723 confusa,
507 1695 562 1725 per
579 1686 729 1725 abyssum
744 1685 936 1716 notificatur.

208 1739 286 1770 Cum
301 1740 340 1769 sit
354 1739 510 1779 possibilis
522 1740 561 1770 ad
577 1741 693 1770 formas
703 1763 712 1777 ,
727 1739 814 1769 nuda
828 1741 975 1776 vocatur,

208 1792 285 1829 Quae
313 1795 389 1823 tunc
411 1796 484 1823 ante
512 1793 578 1824 dies
594 1818 601 1831 ,
633 1793 722 1833 quasi
753 1802 817 1824 nou
845 1793 979 1823 formata

288 1849 424 1877 creatur.

209 1900 270 1931 Aer
285 1899 438 1931 obscurus
453 1900 592 1931 tenebrae
606 1900 795 1940 quandoque
811 1902 953 1931 vocatur.

208 1953 244 1983 In
262 1953 363 1984 forma
377 1963 442 1985 non
455 1954 605 1994 disposita
618 1956 691 1984 sunt
700 1956 813 1984 cuncta
827 1956 947 1991 creata;

210 2006 317 2038 Primo
341 2007 447 2045 simul,
471 2008 523 2038 sed
545 2010 615 2047 post
637 2007 780 2038 distincte
801 2010 875 2038 511111
899 2007 976 2047 pha-

288 2061 397 2092 lerata.

208 2113 298 2144 Nunc
311 2114 367 2144 ubi
380 2114 533 2151 consistit,
546 2114 605 2145 fuit
620 2115 693 2155 hyle
704 2114 807 2155 primo
822 2116 936 2144 creata.

209 2166 320 2197 Omnia
335 2176 390 2206 per
406 2166 547 2197 Verbum
569 2167 714 2198 divinum
731 2167 824 2198 credo
842 2169 977 2207 patrata.

210 2219 312 2250 Verbo
326 2220 489 2260 disposuit,
508 2221 561 2251 sed
584 2221 615 2250 in
632 2221 705 2260 hyle
720 2223 834 2251 cuncta
849 2221 976 2252 creavit.

211 2273 356 2304 Distinxit
370 2274 497 2313 species,
515 2274 580 2305 vim
593 2275 769 2305 seminibus
784 2274 925 2305 sociavit.

435 2380 651 2413 DISTINCTIO
672 2381 752 2413 XIII.

308 2458 372 2491 Ouoe
383 2460 437 2492 fuit
446 2461 540 2494 prima
556 2460 738 2487 distinctionis
754 2460 884 2494 operatio.

286 2538 370 2563 Prima
380 2541 464 2564 autem
476 2528 644 2564 distinctionis
658 2540 772 2571 operatio
785 2540 839 2570 fuit,
855 2541 903 2564 ete.

250 2597 319 2628 Lux
335 2607 408 2629 cum
424 2599 590 2637 formatur,
608 2607 683 2629 mox
703 2607 722 2628 a
736 2598 874 2629 tenebris
888 2606 977 2637 sepa-

289 2654 389 2684 ratur.

245 2714 276 2745 ln)
293 2715 330 2738 Ita
346 2714 414 2739 Edit.
431 2715 521 2746 Luqd.;
535 2717 587 2739 coet.
604 2715 662 2740 edit.
677 2714 734 2739 add.
751 2714 826 2738 aliud.

1035 286 1123 318 Tunc
1138 288 1277 318 tenebrae
1292 296 1368 326 11011,
1385 288 1504 329 luxque
1518 289 1584 321 dies
1597 292 1734 331 profecto
1749 301 1807 323 vo-

1117 343 1217 371 catur.

1036 395 1105 425 Lux
1123 395 1294 434 corporalis
1306 395 1416 433 fertur,
1429 396 1478 427 vel
1493 397 1676 436 spiritualis.

1034 448 1128 479 Facta
1151 449 1210 479 fult
1231 449 1306 481 lux.
1333 458 1416 480 nunc
1439 450 1492 480 ubi
1520 450 1573 481 Sol
1603 451 1708 482 lucere
1733 461 1808 490 pro-

1113 504 1220 533 batur.

1038 556 1097 587 Nec
1114 557 1243 593 mirum,
1261 557 1285 587 si
1303 557 1358 587 lux
1373 557 1405 587 in
1420 558 1512 597 aquis
1526 558 1630 589 lucere
1643 561 1785 598 putatur,

1034 609 1235 649 Diversisquc
1252 611 1352 641 modis
1364 612 1549 651 praescripta
1561 612 1626 642 dies
1640 612 1805 644 habeatur.

1035 663 1140 694 Prima
1155 664 1219 694 dies
1235 664 1299 694 sola
1313 665 1380 695 sine
1396 675 1488 695 mane
1501 665 1597 696 fuisse
1608 666 1771 705 probatur.

1034 716 1066 747 Si
1082 717 1141 752 vis,
1158 718 1223 757 ipsa
1234 718 1298 748 dies
1314 718 1476 749 moraliter
1489 719 1672 758 achpiatur.

1035 770 1145 801 Utrum
1158 771 1195 801 de
1210 771 1280 801 luce
1294 771 1333 801 sit
1348 771 1394 801 sol
1410 772 1520 810 factus,
1532 772 1724 803 dubitamus.

1035 823 1139 855 Solem
1156 834 1229 855 cum
1250 824 1346 855 stellis
1366 825 1487 855 sactum
1506 825 1544 855 de
1559 826 1629 856 luce
1644 827 1804 865 putamus

1034 877 1129 915 Dixit,
1151 878 1181 908 id
1200 880 1255 915 est,
1273 877 1412 909 Verbum
1434 878 1525 909 Pater
1540 881 1680 910 aeternus
1701 889 1800 920 gene-

1113 933 1207 971 ravit,

1034 985 1069 1016 In
1086 995 1149 1026 quo
1165 986 1216 1017 vel
1234 995 1289 1026 per
1310 996 1406 1027 quem
1417 1012 1424 1021 ,
1442 988 1530 1019 velut
1550 990 1669 1027 auctor,
1694 991 1807 1020 cuncta

1115 1040 1242 1070 creavit.

1261 1146 1478 1180 DISTINCTIO
1502 1148 1580 1180 XIV.

1092 1224 1129 1250 De
1156 1231 1232 1258 opere
1256 1224 1375 1250 secundoe
1402 1224 1473 1257 diei,
1503 1233 1556 1259 qua
1581 1227 1682 1259 factum
1708 1229 1745 1254 est

1316 1270 1523 1302 firmamentum.

1106 1352 1171 1376 Dixit
1186 1359 1286 1383 quoque
1299 1353 1367 1376 Deus
1379 1361 1384 1376 :
1400 1353 1453 1377 Fiat
1467 1354 1654 1379 firmamentum
1664 1374 1672 1386 ‚
1686 1358 1734 1380 etc.

1076 1416 1123 1446 Fit
1138 1417 1386 1455 firmamentum,
1408 1417 1446 1448 de
1461 1418 1552 1458 aquis
1575 1419 1691 1450 sactum
1707 1429 1806 1460 repu-

1116 1473 1211 1502 tatur.

1035 1524 1123 1555 Tunc
1138 1534 1221 1565 aqua
1239 1525 1398 1557 subterior
1413 1526 1452 1557 ab
1467 1535 1550 1567 aqua
1569 1536 1695 1558 summa
1715 1536 1807 1568 sepa—

1115 1581 1220 1616 ratur,

1035 1631 1111 1668 01131
1127 1631 1224 1662 veluti
1239 1632 1356 1671 glacies
1379 1642 1434 1663 seu
1455 1633 1621 1672 crystallus
1636 1633 1802 1666 solidatur.

1035 1684 1119 1714 Inter
1133 1694 1233 1724 aquas
1246 1685 1315 1715 illas
1328 1686 1568 1716 firmamentum
1585 1687 1731 1718 situatur.

1035 1737 1139 1768 Tertia
1151 1738 1261 1777 jungit
1280 1748 1390 1778 aquas,
1407 1739 1577 1779 herbisque
1597 1740 1700 1771 solum
1715 1750 1807 1782 repa-

1115 1793 1212 1829 ratur,

1035 1844 1154 1875 Coelum
1183 1845 1359 1876 luminibus
1389 1848 1568 1886 quartaque
1594 1846 1644 1877 die
1669 1856 1807 1878 renova-

1114 1900 1174 1928 tur.

1035 1950 1151 1987 Quinta
1165 1951 1249 1981 dedit
1266 1951 1375 1991 pisces,
1393 1961 1447 1982 aer
1461 1953 1574 1983 avibus
1592 1953 1771 1994 populatur.

1269 2057 1485 2090 DISTINCTIO
1508 2059 1571 2091 XV.

1036 2133 1072 2159 Dc
1086 2140 1162 2167 opere
1175 2137 1257 2160 seaetoe
1270 2133 1335 2166 diei,
1354 2135 1459 2169 quando
1475 2140 1565 2163 creata
1579 2140 1641 2164 sunt
1655 2138 1805 2170 animalia,

1295 2180 1318 2205 et
1333 2180 1445 2214 reptilia
1461 2181 1548 2207 terroe.

1099 2262 1231 2293 Sequitur:
1248 2263 1314 2287 Dixit
1328 2264 1395 2287 Deus
1411 2272 1416 2287 :
1436 2265 1579 2289 Producant
1594 2272 1682 2297 aquae,
1696 2268 1743 2290 etc.

1076 2324 1173 2355 Sexta
1197 2325 1263 2356 dies
1286 2326 1402 2357 animal
1427 2330 1578 2358 cunctum
1604 2329 1754 2368 produxit
1772 2329 1806 2359 in

1116 2387 1195 2409 esse.

1038 2431 1118 2462 Hinc
1132 2432 1167 2462 fit
1182 2432 1289 2469 h0m0‚
1307 2433 1427 2464 cunetis
1441 2434 1557 2465 debens
1575 2434 1612 2465 de
1632 2436 1705 2475 jure
1721 2443 1804 2475 prae-

1115 2493 1194 2515 esse.

1036 2538 1094 2576 Qui
1120 2538 1180 2568 nisi
1206 2541 1384 2577 peccasset,
1415 2540 1532 2571 animal
1562 2540 1620 2571 sibi
1654 2549 1717 2571 non
1745 2549 1805 2571 no-

1116 2591 1241 2628 cuisset,

1036 2646 1097 2678 Sed
1111 2645 1169 2676 sibi
1184 2645 1360 2684 subiectum
1375 2647 1484 2678 divina
1498 2647 1568 2687 lege
1582 2648 1704 2679 fuisset.

1038 2699 1178 2739 Septima
1192 2707 1307 2739 nempe
1321 2699 1387 2731 dies
1401 2702 1448 2731 est
1462 2703 1545 2732 recte
1557 2701 1761 2739 sanctificata,
