1991 3006
194 167 252 195 AEb'in

195 231 349 270 mulieris,
375 233 514 272 seipsum
538 232 665 272 subjicit
687 233 777 271 viro,
804 235 833 262 et
858 233 966 272 ipsum

196 294 304 316 semen
319 288 503 325 susceptum
518 286 720 325 transfundit,
741 289 771 317 et
786 288 962 322 conservat,

196 338 274 368 sicut
289 338 388 375 novit,
405 347 461 378 per
477 338 584 378 aliqua
603 339 758 376 remedia,
776 349 814 369 ne
835 338 919 368 calor
935 341 964 368 et

196 391 326 431 spiritus
342 395 519 423 evanescat.
536 393 596 423 Sed
608 393 667 423 hoc
681 395 782 423 totum
799 393 903 431 magis
919 394 966 422 est

197 446 397 484 conjecturae,
417 455 513 485 quam
528 446 658 476 rationis
673 448 776 476 rectre.

520 539 587 560 DUB.
613 539 644 560 11.

215 597 289 621 Absit
305 597 372 621 enim
390 599 416 621 ut
433 597 502 621 illum
519 597 701 627 bimembrem,
721 597 764 628 qui
782 603 875 627 nuper,
896 598 944 620 etc.

237 658 407 695 Quaeritur,
426 658 554 698 quando
571 659 684 698 aliquis
700 661 748 689 est
769 659 801 689 in
818 661 905 698 parte
920 659 969 688 hi-

200 711 368 748 membris,
390 711 423 742 in
448 713 535 751 parte
565 712 660 742 habet
689 712 833 742 membra
855 711 967 749 divisa,

199 766 306 794 utrum
322 764 432 795 debeat
446 774 617 804 resurgere
628 774 724 802 unus,
741 765 791 795 vel
804 765 879 801 duo,
891 765 967 804 quia

198 827 260 857 qua
275 818 397 848 ratione
412 818 503 848 debet
518 827 684 856 resurgere
702 818 825 855 unicus,
844 818 970 848 videtur

199 871 282 911 quod
297 871 370 909 duo,
388 874 419 902 et
433 881 450 902 e
467 881 629 903 converso.
653 873 729 903 Item
750 872 864 903 similis
879 882 970 903 casus

200 926 245 954 est
259 925 385 964 quando
401 928 448 955 est
462 926 740 966 hermaphroditus
751 950 758 964 ‚
777 929 807 956 et
824 928 917 956 natus
939 927 970 956 in

201 979 337 1017 utroque
352 987 448 1015 sexu3
473 979 628 1018 quaeritur
650 979 682 1009 in
705 988 768 1019 quo
791 978 901 1009 debeat
921 988 969 1009 re-

201 1039 333 1070 surgere
344 1055 352 1069 ,
369 1032 443 1071 quia
462 1041 525 1071 qua
540 1032 660 1063 ratione
676 1035 822 1071 resurget
847 1033 879 1062 in
894 1042 968 1070 uno,

202 1085 278 1115 etin
297 1085 417 1116 altero:
442 1094 521 1125 ergo
546 1086 595 1116 vel
616 1088 763 1125 resurget
788 1087 819 1116 in
846 1089 968 1123 neutro,

203 1137 252 1168 vel
267 1138 299 1168 in
315 1140 459 1178 utroque.

242 1191 334 1231 Resp.
352 1192 525 1223 Dicendum
537 1193 618 1232 quod
632 1193 663 1222 in
677 1195 829 1230 monstro,
840 1193 924 1232 quod
941 1194 971 1223 in

203 1246 289 1283 parte
307 1244 404 1275 habet
421 1245 484 1275 duo
506 1246 668 1282 membra,
694 1246 725 1275 in
747 1248 835 1285 parte
856 1255 971 1281 unum,

203 1297 235 1326 in
255 1299 343 1336 parte
367 1297 530 1333 distincta,
556 1297 589 1328 in
614 1300 702 1337 parte
731 1299 836 1335 unita,
860 1299 974 1329 (listin-

205 1350 371 1389 guendum
384 1352 440 1388 est,
457 1351 532 1390 quia
548 1353 603 1382 aut
624 1352 718 1382 habet
739 1352 972 1383 distinctionem

203 1403 236 1433 in
260 1403 410 1434 membris
433 1404 680 1444 principalibus,
709 1407 740 1434 et
763 1405 917 1435 unionem
941 1405 972 1435 in

204 1464 266 1486 non
288 1456 531 1496 principalibus,
551 1459 581 1487 et
603 1466 619 1487 e
635 1466 801 1488 converso.
827 1457 858 1488 Si
880 1458 974 1489 habet

203 1509 434 1539 distinctionem
468 1510 503 1539 in
538 1510 690 1540 membris
727 1510 972 1550 principalibus,

203 1564 278 1592 sunt
292 1562 334 1592 ibi
349 1562 421 1592 duae
437 1563 564 1599 animae,
581 1565 612 1593 et
628 1566 705 1593 tunc
722 1566 895 1602 resurgunt
910 1564 973 1594 duo

202 1623 351 1654 corpora;
374 1615 400 1644 si
424 1618 531 1645 autem
552 1615 646 1646 habet
667 1616 822 1646 unitatem
845 1617 879 1646 in
899 1617 973 1654 illis,

202 1667 436 1698 distinctionem
456 1668 487 1697 in
508 1668 587 1706 aliis,
605 1671 753 1708 resurget
774 1678 877 1700 unum
901 1679 973 1700 cor-

202 1731 272 1762 pus.
290 1721 337 1752 Ad
353 1721 429 1752 illud
446 1722 531 1761 quod
547 1722 704 1762 quaeritur
718 1723 756 1753 de
767 1723 974 1762 hermaphro-

202 1775 278 1812 dito,
307 1775 474 1805 dicendum
506 1776 591 1815 quod
620 1776 795 1807 secundum
826 1779 973 1808 naturam

203 1828 396 1868 impossibile
411 1831 459 1859 est
473 1829 557 1868 quod
572 1829 611 1858 sit
628 1829 759 1860 omnino
779 1830 972 1867 indifferens,

202 1882 282 1912 sicut
300 1882 409 1912 dicunt
433 1882 566 1919 medici,
584 1883 732 1922 quamvis
756 1883 891 1914 discerni
910 1894 973 1915 non

202 1934 299 1973 possit
317 1944 324 1963 :
342 1936 372 1964 et
386 1934 455 1964 ideo
470 1933 562 1964 dehet
578 1943 747 1974 resurgere
771 1935 805 1965 in
829 1944 866 1966 eo
881 1945 972 1974 sexu,

201 1986 256 2026 qui
271 1986 452 2017 dominatur
472 1996 527 2026 per
546 1990 707 2018 naturam.
727 1987 759 2019 Si
782 1998 858 2019 vero
879 1999 972 2029 quae—

202 2041 290 2069 ratur
309 2039 347 2070 de
371 2042 523 2078 monstro,
550 2040 634 2079 quod
658 2041 774 2080 partim
797 2044 843 2072 est
863 2043 971 2080 homo,

202 2092 319 2131 partim
339 2094 386 2122 est
409 2092 519 2130 bestia,
536 2093 705 2124 dicendum
724 2094 809 2133 quod
829 2095 854 2124 si
871 2099 975 2134 partes

201 2144 389 2184 principales
410 2147 484 2175 sunt
507 2145 664 2183 hominis,
691 2147 715 2176 si
742 2147 831 2185 vixit,
863 2148 974 2179 habuit

202 2196 342 2228 animam
358 2198 544 2236 humanam,
556 2200 587 2229 et
601 2199 671 2230 ideo
683 2200 864 2231 ordinatum
877 2205 925 2232 est
935 2203 973 2234 ad

202 2251 475 2289 resurrectionem3
487 2254 517 2282 et
533 2254 679 2291 resurget
688 2253 785 2285 homo
798 2256 972 2287 secundum

202 2304 314 2333 totum.

439 2373 681 2408 ARTICULUS
705 2376 730 2408 Ι.

241 2464 288 2495 Ad
305 2463 546 2502 intelligentiam
563 2464 660 2504 hujus
684 2468 797 2506 pann,
817 2471 972 2509 quaeritur

201 2517 239 2547 de
254 2516 458 2557 passibilitate
478 2517 712 2549 damnatorum.
729 2519 889 2556 Quaeritur
908 2524 971 2563 igi-

235 2599 241 2613 ¹
257 2597 295 2628 Cs.
310 2598 335 2622 S.
355 2597 456 2627 Thom,
469 2597 494 2621 in
516 2597 603 2628 Suppl.
618 2605 642 2628 p.
662 2598 703 2628 lll,
726 2606 750 2629 q.
776 2606 856 2631 xcvii,
874 2607 921 2627 art·
946 2607 965 2634 ῖς

199 2632 348 2663 meinardus,
366 2633 397 2658 lV
413 2633 493 2663 sent„
508 2632 564 2656 dist.
578 2638 648 2664 Χιιν,
660 2634 706 2657 art.
721 2635 752 2664 2;
767 2635 854 2666 Steph.
867 2638 971 2670 Brulel.,

751 163 1061 197 SENTENTIARUM
1085 166 1159 198 LIB.
1184 167 1234 198 lv.

1026 236 1078 263 tur
1093 234 1226 273 qualiter
1237 235 1414 273 patiantur,
1431 238 1460 266 et
1471 236 1553 266 circa
1568 236 1627 267 boc
1639 237 1699 267 tria
1708 247 1793 278 quae-

1024 289 1140 317 runtur
1163 298 1169 317 ς
1200 288 1301 326 primo
1325 289 1479 328 quaeritur
1504 289 1542 319 de
1566 290 1750 329 punitione,
1766 291 1792 321 si

1023 342 1084 376 θεῖς
1097 341 1235 371 secundo
1247 342 1413 380 quaeritur,
1431 342 1506 381 quid
1521 345 1583 379 est3
1597 343 1698 381 tertio,
1713 352 1793 383 qua-

1025 393 1096 423 liter
1117 394 1195 432 agit.
1222 394 1308 425 Circa
1330 394 1470 433 primum
1493 398 1685 435 quaeruntur
1704 396 1790 427 duo:

1024 446 1290 484 primoquaeritur
1301 449 1406 477 utrum
1418 448 1560 479 infernus
1573 448 1628 485 sit;
1643 449 1791 487 secundo,

1026 498 1079 528 ubi
1095 499 1144 529 sit.

1293 562 1473 600 QUAESTIO
1497 564 1519 594 Ι.

1200 639 1243 665 An
1264 640 1386 671 infernus
1405 641 1441 666 sit
1460 640 1594 675 ponendus
1608 642 1625 668 ¹.

1067 712 1179 743 Utrum
1207 713 1245 743 sit
1274 723 1391 753 ponere
1422 716 1594 746 cruciatum
1627 718 1794 756 aeternum,

1026 776 1122 807 quem
1139 776 1290 798 vocamus
1306 767 1481 804 insernum3
1503 771 1533 799 et
1553 769 1637 808 quod
1653 778 1728 807 non,
1745 770 1796 800 vi-

1027 820 1119 850 detur
1140 821 1150 836 ²
1174 831 1180 850 ι
1207 821 1308 851 Juxta
1332 829 1514 852 mensuram
1538 823 1662 861 peccati
1680 823 1741 854 erit
1769 826 1797 854 el

1026 874 1195 913 plastarum
1216 873 1329 904 modus-
1345 883 1355 904 :
1373 875 1427 905 sed
1448 874 1555 905 nullus
1576 878 1683 914 peccat
1703 877 1798 906 aeter-

1028 926 1140 957 naliter
1157 938 1163 957 2
1185 936 1264 966 ergo
1280 927 1388 957 nullus
1408 927 1568 958 cruciatur
1593 928 1796 960 aeternaliter.

1068 982 1096 1010 2.
1116 979 1192 1010 Item
1209 982 1218 998 ³
1238 991 1243 1010 :
1264 980 1543 1020 Conyreqabzmtm·
1561 981 1798 1021 conareqatione

1031 1035 1126 1065 unius
1143 1035 1252 1072 fascis,
1271 1038 1297 1065 ez
1313 1038 1383 1073 post
1406 1034 1519 1065 mullos
1537 1034 1605 1066 dies
1622 1034 1799 1067 visitabun-

1029 1091 1082 1119 την
1105 1098 1117 1119 .·
1138 1087 1189 1117 sed
1210 1087 1417 1126 congregatio
1440 1087 1597 1118 malorum
1618 1090 1664 1118 est
1690 1088 1722 1118 in
1749 1087 1799 1118 die

1025 1141 1151 1180 jiulicii,
1166 1140 1340 1171 secundum
1357 1140 1441 1180 quod
1456 1140 1571 1171 dicitur
1586 1141 1607 1171 ⁴:
1624 1150 1704 1180 ergo
1718 1141 1794 1171 visi-

1029 1194 1105 1224 tatio
1121 1194 1177 1224 erit
1193 1196 1263 1233 post
1273 1194 1430 1233 judicium
1448 1205 1453 1224 ι
1474 1193 1525 1223 serl
1544 1203 1609 1224 non
1623 1194 1683 1224 erit
1697 1194 1736 1224 ad
1751 1194 1798 1225 in-

1030 1248 1205 1279 tensionem
1222 1248 1365 1288 supplieii
1383 1259 1389 1277 2
1407 1256 1487 1287 ergo
1504 1247 1564 1278 erit
1580 1248 1619 1278 ad
1640 1248 1800 1279 liberatio-

1031 1312 1104 1333 nem
1121 1313 1127 1332 :
1148 1311 1227 1341 ergo
1243 1310 1305 1331 non
1320 1302 1549 1332 cruciabuntur
1563 1301 1763 1332 aeternaliter.

1071 1358 1099 1386 3.
1130 1355 1205 1386 Item
1231 1355 1290 1385 hoc
1317 1355 1423 1394 ipsum
1450 1354 1576 1385 videtur
1600 1363 1656 1394 per
1679 1363 1800 1386 novum

1030 1409 1265 1440 Testamentum
1281 1408 1290 1424 ⁵
1307 1416 1314 1437 :
1334 1408 1401 1442 Qua
1416 1415 1566 1438 mensura
1582 1407 1683 1438 mensi
1700 1408 1802 1446 fueri·

1030 1464 1090 1500 tis,
1112 1461 1219 1493 eadem
1244 1461 1422 1492 remetietur
1444 1460 1532 1491 vobis
1548 1471 1557 1489 :
1580 1462 1700 1490 constat
1724 1460 1801 1491 illud

1030 1525 1097 1546 esse
1109 1515 1226 1545 dictum
1239 1516 1394 1553 quantum
1405 1513 1442 1543 ad
1451 1513 1566 1553 peccati
1577 1513 1776 1552 punitionem
1789 1524 1795 1543 :

1030 1569 1083 1600 sed
1098 1568 1202 1599 omnis
1225 1567 1340 1607 peccati
1366 1576 1513 1597 mensura
1536 1567 1626 1597 finita
1647 1568 1704 1602 est,
1728 1575 1802 1597 cum

1030 1623 1069 1652 sit
1098 1632 1115 1652 a
1139 1622 1257 1651 virtute
1286 1621 1391 1657 finita3
1422 1629 1500 1659 ergo
1527 1619 1650 1659 punitio
1684 1619 1801 1658 peccati

1031 1676 1121 1705 finita
1139 1677 1185 1705 est
1208 1685 1214 1704 :
1237 1682 1316 1712 ergo
1336 1673 1444 1703 nullus
1463 1673 1621 1703 cruciatus
1641 1674 1687 1703 est
1706 1674 1801 1703 aeter-

1030 1737 1101 1759 nus.

1071 1784 1100 1811 4.
1119 1781 1195 1822 Item
1207 1784 1216 1798 ⁶
1230 1791 1236 1811 :
1251 1779 1475 1812 Misericordia
1489 1778 1802 1819 superexaltamudi-

1030 1836 1116 1867 cium
1133 1844 1143 1865 .·
1158 1843 1235 1873 ergo
1251 1834 1356 1873 magis
1368 1833 1545 1863 misericors
1553 1834 1599 1863 est
1611 1831 1691 1862 Deus
1704 1841 1801 1871 quam

1027 1889 1135 1927 justus
1150 1888 1182 1917 in
1198 1887 1309 1918 effectu
1324 1898 1330 1916 ε
1348 1895 1428 1925 ergo
1444 1886 1470 1916 si
1481 1885 1671 1916 aeternaliter
1688 1885 1801 1925 punire

1030 1941 1090 1972 hoc
1113 1943 1160 1971 est
1181 1949 1316 1971 summae
1333 1939 1521 1976 severitatis,
1538 1938 1733 1978 impossibile
1755 1940 1801 1969 est

1030 1992 1113 2031 quod
1129 1992 1210 2022 Deus
1225 1991 1414 2022 aeternaliter
1428 1990 1549 2031 puniat.

1070 2048 1099 2075 5.
1115 2045 1192 2076 ltem
1210 2046 1270 2075 hoc
1284 2045 1389 2084 ipsum
1411 2044 1536 2074 videtur
1556 2043 1679 2073 ratione
1700 2052 1707 2072 :
1725 2041 1801 2081 quia

1029 2099 1067 2128 ad
1082 2098 1142 2128 hoc
1157 2097 1406 2137 quodJudicium
1421 2096 1460 2126 sit
1472 2097 1608 2134 Justum,
1626 2095 1799 2134 requiritur

1025 2153 1131 2192 Justus
1147 2152 1239 2187 ordo,
1260 2152 1346 2190 justa
1361 2159 1471 2187 causa,
1487 2152 1516 2179 et
1533 2150 1641 2188 justus
1655 2148 1795 2179 animus.

1028 2208 1137 2236 ,Justus
1152 2208 1259 2235 autem
1275 2204 1403 2235 animus
1417 2204 1542 2241 dicitur,
1555 2202 1611 2242 qui
1626 2202 1718 2242 punit
1733 2211 1796 2233 non

1029 2259 1158 2289 libidine
1182 2259 1344 2292 vindictae,
1369 2258 1421 2288 sed
1446 2259 1573 2297 propter
1597 2256 1722 2296 aliquod
1742 2256 1798 2286 bo-

1029 2322 1106 2343 num
1122 2323 1128 2343 z
1142 2321 1219 2351 ergo
1232 2312 1313 2342 Deus
1324 2320 1387 2341 non
1401 2310 1535 2340 intendit
1550 2309 1733 2346 vindictam,
1746 2308 1799 2339 sed

1028 2366 1135 2405 potius
1150 2365 1386 2396 correctionem.
1405 2362 1438 2394 Si
1448 2371 1527 2401 ergo
1542 2362 1673 2392 intentio
1689 2361 1799 2392 divina

1028 2428 1092 2450 non
1112 2419 1292 2455 frustratur,
1308 2418 1404 2448 hoino
1425 2416 1595 2457 aliquando
1615 2415 1798 2455 corrigitur,

1027 2472 1104 2503 dum
1120 2481 1138 2502 a
1158 2472 1219 2502 Deo
1236 2471 1384 2511 punitur3
1402 2471 1455 2501 sed
1477 2479 1550 2500 cum
1565 2470 1724 2499 correctus
1739 2469 1796 2504 est,

1028 2536 1059 2558 lv
1072 2534 1151 2563 Sent„
1166 2534 1223 2557 dist.
1237 2539 1307 2563 xmv,
1319 2539 1343 2564 (Ι.
1359 2539 1409 2562 νιι;
1425 2534 1490 2556 Petr.
1504 2532 1534 2555 dc
1546 2532 1660 2560 Tarant„
1673 2530 1704 2554 lV
1717 2530 1799 2556 Seni..

1027 2570 1086 2593 dist.
1104 2576 1172 2598 an',
1187 2577 1210 2600 q.
1228 2575 1274 2593 x11.
1286 2582 1315 2586 —
1334 2569 1463 2598 menter„
1478 2574 1539 2596 xxv,
1554 2570 1576 2591 2.
1591 2579 1620 2585 —
1635 2566 1713 2595 ³Isa.,
1727 2571 1798 2594 xxiv,

1027 2606 1065 2629 22.
1076 2618 1107 2622 ——
1117 2606 1127 2622 ὓ
1137 2604 1235 2634 amalr,
1253 2611 1311 2634 xxv,
1328 2606 1365 2629 32.
1377 2617 1406 2622 -—
1417 2605 1427 2621 ¹⁵
1440 2603 1541 2631 Mauh„
1556 2604 1635 2631 V11,2.
1645 2615 1675 2620 —
1686 2602 1695 2616 ⁸
1706 2600 1799 2630 Jacob„

1027 2646 1056 2671 11,
1073 2642 1110 2665 13.

1813 731 1845 751 Ad
1865 737 1916 757 opp.
