1991 3006
658 223 750 254 DIST.
772 222 879 253 XXIII.
903 220 992 251 ART.
1019 220 1040 251 l.
1064 220 1211 257 QUAEST.
1238 220 1273 250 ll.
1706 222 1761 250 137

170 295 307 335 potuerit
327 304 412 331 esse,
432 292 633 322 manifestum
649 292 710 327 est,
729 298 801 320 cum
818 290 883 328 ipse
899 288 937 317 sit

169 348 277 378 doctor
300 346 496 386 praecipuus,
518 344 598 374 sicut
625 346 656 373 et
684 342 824 373 Christus
845 341 868 370 ¹.
901 340 937 370 Et

170 399 314 439 exemplo
329 400 429 438 patet:
440 397 515 436 quia
530 396 672 436 apostoli,
684 394 803 434 Spiritu
820 393 937 424 scilicet

169 453 320 489 dictante,
337 452 471 481 formam
491 449 638 488 baptismi
662 457 680 478 a
702 447 824 477 Christo
845 447 934 477 insti-

169 508 271 536 tutam
291 507 320 535 et
338 504 557 533 confirmatam
577 502 615 532 ad
639 504 763 540 tempus
790 502 935 530 mutave-

168 560 258 594 runt,
274 559 391 597 quanto
406 556 511 595 magis
531 555 614 594 quod
637 554 778 584 Christus
797 553 937 583 insinna-

168 611 212 641 vit
233 611 395 640 instituere
410 609 596 648 potuerunt!
616 607 652 637 Et
672 607 756 645 quod
778 606 821 636 ita
843 606 936 636 fuerit

168 672 363 701 congruum,
386 648 588 692 manifestum
617 662 673 697 est,
702 659 728 688 si
755 659 936 689 attendatur

166 715 330 746 diversitas
352 716 621 744 sacramentorum
647 723 653 742 z
679 712 824 751 quasdam
851 711 935 741 enim

166 771 239 799 sunt
254 770 450 799 sacramenta
470 766 652 798 communia
675 765 741 805 legi
770 765 868 796 veteri
884 789 891 803 ,
907 769 935 796 61

166 830 274 858 novae3
305 821 451 860 quaedam
481 820 698 860 propriissima
731 818 795 857 legi
824 827 931 854 novae;

166 874 312 914 quaedam
327 874 431 904 medio
448 873 554 904 modo.
571 872 759 903 Communia
779 873 853 901 sunt
870 871 933 908 illa,

166 936 238 967 quae
254 929 327 958 sunt
338 926 476 966 quodam
498 925 591 955 modo
607 934 646 955 cx
661 924 830 955 dictamine
845 926 935 954 natu-

165 989 222 1018 rae,
238 980 322 1019 quod
336 980 411 1019 quia
425 987 549 1018 semper
563 978 646 1008 idem
671 980 791 1014 manet,
809 977 862 1007 illa
882 986 935 1006 sa-

164 1035 325 1063 cramenta
347 1032 386 1062 ab
404 1031 494 1061 initio
515 1032 741 1066 cucurrerunt,
765 1032 798 1059 ut
823 1029 931 1059 matri-

164 1086 309 1116 monium
323 1087 353 1115 et
368 1084 565 1124 poenitentia,
583 1083 756 1113 secundum
773 1083 857 1122 quod
872 1082 934 1112 Deo

163 1138 359 1175 reconciliat;
376 1140 406 1168 et
428 1137 497 1167 haec
514 1137 643 1176 quidem
669 1136 822 1166 Dominus
844 1135 934 1166 Jesus

164 1191 396 1221 consummavit
417 1193 448 1221 et
470 1189 670 1220 confirmavit
693 1189 726 1219 in
748 1189 819 1227 lege
837 1197 932 1225 nova,

163 1253 226 1274 11011
249 1244 427 1274 evacuavit.
454 1243 604 1280 Quaedam
621 1245 694 1273 sunt
715 1242 933 1281 propriissima

163 1297 227 1336 legi
242 1306 345 1335 novae,
354 1300 385 1327 et
397 1297 466 1327 haec
481 1298 555 1326 sunt
567 1305 639 1335 quae
656 1295 783 1334 signant
795 1295 933 1333 gratiam

165 1351 195 1380 in
212 1351 265 1380 tali
280 1352 363 1381 statu
374 1374 382 1387 ‚
399 1358 471 1389 quae
489 1349 614 1389 proprie
631 1348 778 1388 competit
793 1347 857 1386 legi
876 1356 931 1377 no-

165 1412 213 1434 vae
233 1415 239 1434 :
260 1403 329 1433 haec
353 1404 459 1433 autem
480 1402 542 1432 duo
566 1404 658 1439 sunt,
682 1401 879 1431 confirmatio
904 1402 933 1430 et

165 1456 281 1493 unctio,
298 1456 353 1486 ubi
367 1456 514 1494 signatur
534 1454 638 1493 gratia
659 1454 795 1494 Spiritus
816 1454 931 1487 sancti,

163 1509 337 1540 secundum
353 1518 449 1548 quam
463 1507 633 1546 inungitur
643 1507 714 1546 quis
728 1507 760 1537 in
776 1507 930 1546 pugilem,

162 1564 197 1592 ut
212 1571 268 1601 pro
283 1562 404 1592 Christo
418 1561 532 1591 audeat
546 1560 639 1598 mori7
656 1562 685 1590 et
701 1560 735 1590 in
756 1569 878 1598 regem,
898 1562 933 1589 111

162 1615 194 1645 111
207 1624 346 1654 regnum
354 1614 508 1644 coelorum
519 1613 764 1653 possitintroire,
778 1615 932 1652 tanquam

162 1668 194 1698 in
207 1677 313 1698 suum.
331 1667 449 1697 Hocest
461 1666 647 1705 novaelegis
662 1666 827 1706 proprium
840 1676 846 1695 ς
862 1665 932 1695 ideo

162 1720 195 1751 in
209 1719 313 1751 Veteri
329 1720 529 1750 Testamento
541 1728 605 1749 non
621 1720 802 1749 habuerunt
812 1721 931 1749 certam

162 1773 301 1812 figuram
326 1773 394 1803 haec
414 1773 477 1803 duo
498 1774 694 1803 sacramenta
713 1783 719 1802 :
739 1775 769 1802 et
790 1772 864 1811 quia
890 1772 932 1801 si-

162 1829 262 1865 gnant
291 1826 428 1866 Spiiitus
459 1826 557 1856 sancti
593 1826 731 1865 gratiam
759 1826 793 1856 in
824 1827 932 1865 aliqua

161 1880 372 1917 abundantia,
389 1881 420 1910 et
435 1879 570 1918 Spiritus
593 1882 718 1909 sanctus
734 1879 933 1909 abundanter

161 1941 224 1962 non
241 1932 298 1962 t'uit
313 1932 415 1969 datus,
425 1940 591 1970 quousque
605 1931 619 1961 J
623 1940 696 1961 esus
710 1940 773 1961 non
787 1931 846 1961 fuit
860 1932 929 1969 glo-

162 1985 312 2022 rificatus,
335 1984 416 2014 sicut
439 1984 562 2021 dicitur,
583 1984 688 2020 Jocm„
712 1993 772 2019 vu,
793 1986 845 2021 39;
862 1985 932 2015 ideo

162 2037 231 2068 haec
245 2037 308 2067 duo
319 2038 514 2068 sacramenta
528 2046 547 2066 a
562 2036 684 2067 Christo
706 2037 837 2067 fuerunt
854 2037 929 2067 insi-

161 2092 269 2127 nuata,
287 2089 340 2120 sed
354 2092 423 2129 post
438 2099 456 2119 a
474 2089 593 2129 Spiritu
609 2091 716 2119 sancto
731 2090 860 2120 fuerunt
879 2090 930 2119 in-

161 2143 279 2173 stituta.
306 2142 455 2179 Quaedam
482 2145 555 2173 sunt
582 2145 777 2173 sacramenta
807 2143 929 2180 media,

161 2204 233 2236 quae
247 2195 279 2225 in
293 2196 390 2226 veteri
407 2195 477 2234 lege
491 2204 554 2225 non
574 2196 704 2225 fuerunt
729 2196 760 2225 in
785 2196 926 2234 veritate,

161 2249 288 2279 fuerunt
311 2250 417 2279 tamen
440 2248 473 2277 in
496 2249 604 2287 figura
627 2250 657 2278 et
684 2249 928 2287 significatione,

162 2301 241 2332 sicut
254 2301 438 2340 baptismus,
452 2299 648 2331 Eucharistia
662 2304 692 2331 et
702 2302 796 2331 ordo:
811 2304 841 2332 et
857 2303 931 2341 quia

163 2354 302 2385 Christus
316 2353 421 2393 legem
436 2353 588 2393 implevit,
605 2356 635 2384 et
652 2356 773 2392 figuras
789 2364 930 2385 evacua—

161 2407 218 2444 vit,
234 2407 301 2437 haec
320 2406 380 2436 tria
399 2408 595 2437 sacramenta
616 2416 670 2446 per
686 2407 823 2447 seipsum
843 2409 929 2438 insti-

162 2459 232 2490 tuit.
268 2459 318 2490 Sic
345 2461 428 2499 patet
455 2460 614 2499 quomodo
643 2462 929 2499 congruentissime

162 2515 277 2543 statuta
295 2515 325 2543 et
342 2513 485 2543 instituta
508 2516 582 2543 sunt
602 2513 807 2545 ecclesiastica
823 2524 928 2545 sacra-

163 2566 279 2601 menta,
294 2566 330 2594 ut
343 2564 423 2594 nihil
439 2564 478 2594 sit
492 2567 619 2603 gestum
636 2574 691 2604 per
714 2566 907 2597 oblivionem
920 2590 928 2603 ,

197 2645 202 2659 ¹
222 2643 299 2673 Hujus
319 2643 377 2666 dieti
398 2651 426 2667 ac
450 2644 569 2668 doctrinae
591 2645 785 2669 declarationem
816 2647 839 2670 in
869 2648 930 2670 Bre-

165 2679 249 2709 vzloq„
275 2686 299 2709 11,
324 2679 370 2708 Vl,
394 2686 415 2702 6.
441 2685 474 2709 ιν,
500 2680 585 2703 videre
608 2682 662 2711 cst;
685 2681 773 2705 clarius
798 2685 882 2706 autem
904 2683 928 2706 111

993 288 1045 317 sed
1061 287 1235 317 secundum
1255 287 1498 316 inenarrabilem
1523 286 1577 316 Dei
1601 286 1761 325 dispensa-

992 340 1123 370 tionem.
1150 339 1361 370 Concedendae
1391 340 1489 378 igitur
1521 341 1595 369 sunt
1624 339 1763 369 rationes

992 393 1160 432 probantes
1183 392 1335 431 Spiritum
1360 394 1504 421 sanctum
1521 400 1578 431 per
1607 391 1763 430 apostolos

992 445 1051 475 hoc
1066 446 1301 475 sacramentum
1316 443 1500 474 instituisse.

1033 501 1060 528 ⁴1.
1077 498 1124 528 Ad
1140 497 1216 528 illud
1237 497 1320 537 quod
1344 497 1512 535 objicitur,
1529 497 1613 536 quod
1634 497 1693 527 hoc
1718 499 1763 527 est

992 552 1193 591 legislatoris,
1206 552 1375 582 dicendum
1386 552 1469 590 quod
1485 551 1621 590 Spiritus
1636 554 1763 582 sanctus

991 605 1149 644 supplevit
1167 605 1235 642 1106,
1255 604 1339 643 quod
1354 604 1420 643 ipse
1437 604 1586 634 Dominus
1600 604 1763 635 dimiserat

991 659 1024 687 in
1048 658 1199 694 doctrina,
1219 658 1300 688 sicut
1314 657 1459 687 dieitur&
1478 657 1581 688 Multa
1602 657 1697 688 habeo
1712 666 1763 689 vo-

992 711 1039 742 bis
1058 711 1178 747 dicere,
1194 718 1264 749 quae
1286 718 1350 741 non
1365 711 1495 748 potestis
1512 714 1638 749 portare
1652 711 1741 742 modo
1751 721 1764 749 ,-

991 765 1022 793 et
1044 766 1111 802 post
1129 773 1136 793 ;
1154 763 1232 794 Cum
1254 764 1390 800 venerit,
1407 765 1465 793 etc.
1494 762 1580 793 Unde
1595 763 1675 793 516111
1690 773 1763 803 sup-

991 815 1088 855 plevit
1114 816 1199 855 quod
1223 816 1328 846 deerat
1355 816 1393 845 de
1421 816 1562 846 doctrina
1589 817 1763 847 secundum

991 868 1043 898 Dei
1059 869 1237 899 ordinatam
1255 869 1538 909 dispensationem,
1555 869 1598 899 ita
1612 870 1706 899 etiam
1727 870 1764 900 de

990 922 1195 958 institutione,
1213 931 1253 952 ex
1268 932 1363 952 causa
1377 931 1532 961 congrua,
1551 922 1635 961 quod
1651 922 1762 952 dimis-

990 983 1060 1004 sum
1075 976 1152 1004 erat.
1164 974 1226 1005 Nec
1242 977 1315 1005 sunt
1330 975 1393 1005 duo
1406 975 1602 1014 legislatores
1621 974 1760 1005 Christus

990 1029 1019 1057 61
1034 1027 1164 1066 spiritus
1181 1029 1262 1067 erS.

1029 1083 1058 1110 2.
1077 1080 1123 1110 Ad
1140 1080 1217 1111 illud
1240 1081 1323 1120 quod
1346 1081 1511 1119 objicitur,
1530 1081 1613 1121 quod
1636 1091 1691 1121 per
1712 1092 1763 1112 se-

991 1133 1173 1172 metipsum,
1188 1135 1259 1169 etc„
1277 1134 1446 1164 dicendum
1464 1134 1548 1173 quod
1566 1134 1633 1174 ipse
1648 1135 1763 1165 imme-

989 1186 1072 1215 diate
1087 1185 1276 1225 loquebatur
1289 1186 1400 1225 Moysi⁷
1419 1189 1449 1216 et
1466 1189 1534 1226 post
1550 1187 1672 1226 Moyses
1687 1197 1764 1227 11166-

990 1238 1122 1278 cipiebat
1138 1239 1265 1278 populo⁷
1280 1239 1360 1269 sicut
1373 1240 1505 1270 nuntius
1521 1240 1573 1270 Dei
1595 1242 1626 1270 et
1649 1241 1762 1270 minis-

989 1295 1036 1322 ter
1051 1303 1057 1322 :
1075 1293 1118 1322 sic
1134 1293 1270 1332 Spiritus
1286 1296 1414 1323 sanctus
1431 1293 1591 1332 apostolis,
1607 1295 1638 1324 et
1654 1294 1712 1333 ipsi
1728 1297 1763 1325 ut

990 1346 1124 1376 ministri
1151 1347 1276 1386 populis
1302 1347 1514 1386 exponebant.
1545 1346 1632 1377 Unde
1657 1356 1761 1377 sacra—

990 1401 1172 1429 mentorum
1201 1400 1433 1430 institutionem
1466 1409 1529 1430 non
1561 1400 1763 1431 attribuimus

990 1452 1049 1482 nisi
1065 1451 1137 1487 Deo,
1157 1452 1208 1482 vel
1228 1461 1283 1491 per
1308 1452 1439 1489 Filium,
1456 1452 1507 1482 vel
1531 1461 1586 1492 per
1607 1452 1762 1492 Spiritum

989 1507 1133 1535 sanctum
1155 1513 1162 1534 ε
1187 1514 1244 1535 nec
1273 1505 1465 1535 credendum
1492 1507 1537 1534 est
1568 1514 1761 1544 quemquam

989 1559 1205 1598 apostolorum
1221 1560 1280 1590 1106
1301 1569 1356 1599 per
1381 1569 1413 1589 se
1435 1559 1624 1596 instituisse,
1642 1559 1695 1589 sed
1711 1562 1762 1589 to-

989 1614 1058 1642 tum
1083 1613 1255 1651 collegium
1275 1613 1352 1643 :sed
1376 1612 1510 1642 Jacobus
1533 1613 1762 1651 promulgavit,

990 1667 1071 1696 sicut
1084 1667 1277 1696 sententiam
1293 1666 1365 1696 tulit
1383 1666 1393 1681 ³
1411 1666 1448 1696 de
1464 1666 1664 1696 observantia
1679 1666 1763 1704 lega-

989 1719 1078 1749 lium.
1095 1719 1133 1749 Et
1156 1728 1212 1758 per
1227 1719 1285 1748 hoc
1310 1720 1396 1758 patet
1419 1728 1552 1757 sequens
1565 1742 1572 1755 ,
1592 1719 1667 1758 quia
1682 1721 1763 1750 sicut

990 1772 1071 1802 Deus
1090 1774 1239 1811 operatur
1260 1771 1492 1811 principaliter,
1511 1774 1539 1801 et
1562 1772 1705 1802 sacerdos
1728 1774 1771 1802 111·

990 1824 1133 1854 minister
1145 1848 1155 1861 ,
1174 1825 1218 1854 sic
1233 1825 1388 1855 institutio
1403 1827 1674 1855 sacramentorum
1697 1834 1762 1855 res-

989 1877 1062 1917 picit
1082 1878 1182 1908 Deum
1210 1880 1244 1907 111
1267 1880 1445 1914 auctorem,
1463 1880 1493 1907 et
1515 1878 1671 1917 apostolos
1697 1887 1763 1907 res-

990 1931 1062 1970 picit
1076 1933 1111 1961 ut
1128 1931 1288 1961 ministros
1303 1932 1335 1960 in
1352 1931 1597 1970 promulgando.

1030 1986 1058 2013 3.
1080 1983 1126 2014 Ad
1146 1983 1224 2013 illud
1245 1983 1329 2022 quod
1345 1984 1417 2022 obji‹
1430 1983 1505 2022 itur,
1525 1984 1606 2022 quod
1630 1984 1760 2023 apostoli

990 2037 1155 2075 ungebant
1170 2036 1256 2073 oleo,
1274 2036 1441 2066 dicendum
1457 2036 1541 2075 quod
1558 2036 1600 2066 ibi
1624 2046 1688 2067 non
1703 2038 1763 2068 fuit

988 2091 1048 2120 hoc>
1067 2091 1299 2120 sacramentum
1319 2088 1500 2119 institutum
1516 2113 1522 2127 ,
1546 2089 1598 2119 sed
1617 2089 1763 2120 insinua-

988 2145 1055 2173 tum
1073 2154 1079 2172 :
1100 2145 1129 2172 et
1144 2143 1205 2173 hoc
1228 2143 1329 2181 patet,
1354 2142 1429 2181 qnia
1446 2142 1552 2172 unctio
1574 2142 1626 2172 illa
1650 2143 1763 2182 princi-

988 2196 1100 2235 paliter
1114 2196 1208 2225 tiebat
1230 2195 1268 2225 ad
1285 2195 1451 2224 sanitatem
1467 2195 1662 2234 corporalem
1673 2220 1681 2233 ,
1699 2205 1762 2226 non

988 2249 1026 2279 ad
1040 2249 1236 2279 curationem
1249 2248 1447 2287 spiritualem
1462 2248 1687 2287 principaliter.
1701 2248 1761 2279 Un-

988 2303 1025 2332 de
1047 2301 1126 2331 sicut
1148 2301 1286 2340 gratiam
1312 2301 1482 2330 sanitatum
1506 2303 1581 2330 tunc
1605 2301 1762 2331 habebant

988 2354 1135 2394 apostoli,
1153 2356 1183 2384 et
1198 2363 1261 2384 non
1284 2353 1456 2393 potentiam
1477 2353 1598 2392 ligandi
1613 2356 1642 2383 et
1658 2354 1762 2384 absol-

988 2407 1081 2437 vendi
1094 2418 1100 2444 ;
1117 2407 1161 2436 sic
1175 2407 1280 2437 oleum
1298 2406 1371 2436 illud
1386 2406 1592 2441 deserviebat,
1610 2406 1678 2436 sive
1692 2415 1761 2445 0116-

989 2461 1116 2490 rabatur
1140 2460 1178 2490 ad
1200 2459 1334 2490 salutem
1360 2459 1517 2498 corp01=is3
1542 2468 1627 2489 nunc
1649 2461 1757 2489 autem

988 2513 1202 2553 principaliter
1224 2514 1374 2551 operatur
1398 2512 1437 2542 ad
1457 2512 1589 2542 salutem
1612 2512 1756 2551 spiritus,

987 2567 1068 2597 sicut
1079 2566 1110 2596 in
1126 2566 1192 2605 ipsa
1208 2566 1308 2595 forma
1320 2565 1485 2595 evidenter
1499 2565 1702 2604 exprimitur.

989 2647 1105 2670 vancord.
1122 2647 1175 2671 sive
1192 2646 1285 2669 Conesl.
1301 2659 1330 2664 --
1343 2646 1440 2675 '‘Joan„
1456 2651 1509 2672 xvi,
1527 2647 1561 2674 12,
1581 2646 1656 2667 13.-
1669 2643 1679 2660 ⁸
1692 2643 1758 2672 Act„

988 2688 1031 2712 xv,
1048 2683 1082 2705 lto.
