1991 3006
491 207 589 238 DIST.
608 206 714 237 XVIII.
740 204 853 235 PART.
879 203 917 234 ll.
941 202 1031 234 ΛΒΤ.
1057 202 1079 232 1.
1104 202 1285 240 QUAESTIO
1306 202 1359 235 vl.
1684 206 1722 235 33

125 277 193 316 ipso
216 277 397 315 contemptu
420 273 555 305 efficitur
575 273 692 312 dignus
709 280 892 303 excommu-

124 330 235 366 nicari,
252 331 283 359 et
294 328 413 367 ligatur
421 326 506 366 apud
522 326 630 357 Deum.
646 325 689 356 De
699 327 772 365 Jure
787 327 893 355 autem

125 384 171 412 est
185 380 494 417 excommunicatus,
511 379 637 418 quando
649 378 825 409 secundum
846 378 894 417 ju-

125 434 169 463 ris
183 434 336 464 dictamen
349 431 389 461 ah
402 440 451 469 e0,
461 431 516 471 qui
531 431 626 461 babet
640 430 894 470 jurisdictionem

125 487 319 523 canonicam,
334 485 434 515 fertur
443 484 600 515 sententia
610 485 642 514 in
653 486 873 514 contumacem
885 494 892 512 ;

125 542 154 570 01
175 539 245 569 haec
265 538 346 577 ligat
367 537 451 578 apud
477 537 589 568 Deum.
611 537 762 567 Similiter
783 535 896 566 intelli-

125 592 266 630 gendum
282 591 315 621 in
329 590 542 628 absolutione,
560 590 647 630 quod
662 592 761 629 potest
782 589 895 629 aliquis

123 643 243 675 absolvi
258 644 296 675 de
306 644 396 683 jure,
413 643 464 673 vel
477 643 515 673 de
530 643 610 673 facto
627 653 634 673 z
653 642 690 673 de
702 644 774 682 jure
789 642 895 672 nullus

123 697 373 728 communicatus
392 695 513 726 absolvi
534 698 650 735 potest,
672 696 735 725 nisi
756 697 854 726 cesset
877 704 896 724 a

124 750 321 781 contumacia
335 759 342 787 ;
359 749 397 780 (10
410 750 492 780 facto
506 749 628 780 absolvi
645 749 819 780 secundum
834 757 894 779 vo-

123 804 278 834 luntatem
287 802 420 843 praelati,
436 802 471 833 in
485 803 576 841 cujus
590 805 741 842 potestate
757 802 896 832 10115011-

124 856 256 887 tentiam
268 857 350 887 1·οΓΓο
363 880 370 894 ‚
389 858 420 886 et
432 865 594 886 revocare.
611 855 699 886 Unde
715 855 741 886 si
755 855 825 885 talis
839 855 894 885 ab·

125 910 276 948 solvatur,
294 919 352 940 nec
366 911 488 949 peccat,
504 918 561 940 nec
574 913 621 939 est
637 908 894 940 excommunica-

124 966 175 994 tus
189 964 244 1003 qui
254 964 282 994 ei
295 963 508 993 communicat
522 974 529 993 ε
545 965 575 993 01
590 963 649 993 1100
664 963 744 1000 (1100,
758 963 825 993 51νο
840 963 895 1002 qui

124 1016 305 1047 absolvatur
324 1016 364 1046 sit
379 1016 496 1055 ligatus
514 1017 604 1056 Justa
626 1015 800 1053 sententia,
829 1016 895 1047 sive

123 1069 242 1109 injusta
254 1080 261 1100 :
275 1073 305 1100 et
314 1070 374 1100 1100
384 1071 525 1101 maxime
535 1079 649 1100 verum
663 1073 709 1100 est
719 1069 756 1100 de
766 1070 896 1100 domino

124 1120 219 1161 Papa.
237 1121 483 1160 Verumtamen,
501 1123 581 1153 sicut
598 1123 733 1153 rationes
747 1123 893 1162 probant,

123 1175 194 1205 talis
207 1175 328 1206 absolvi
343 1185 407 1206 non
422 1176 513 1206 debet
525 1200 533 1212 ,
559 1177 584 1206 si
595 1177 681 1215 juste
705 1185 894 1206 excommu-

124 1229 245 1259 nicatus
265 1231 329 1267 est,
350 1238 407 1259 nec
428 1229 466 1260 de
484 1230 559 1268 jure
582 1229 703 1259 absolvi
721 1231 832 1268 potest.
862 1228 895 1259 Si

124 1283 230 1313 autem
245 1282 542 1313 excommunicatus
556 1282 665 1312 fuisset
678 1282 812 1320 injuste,
830 1290 896 1320 pos-

124 1338 170 1365 set
183 1344 258 1366 eum
270 1335 421 1375 praelatus
436 1335 599 1365 absolvere
616 1335 712 1365 etiam
735 1334 872 1364 invitum
887 1358 894 1370 ,

125 1397 189 1418 non
202 1391 331 1428 propter
352 1397 448 1419 suum
473 1389 642 1425 meritum,
667 1388 719 1418 sed
744 1387 780 1417 ad
803 1396 896 1418 revo-

124 1441 260 1471 candum
275 1449 415 1470 errorem
429 1441 605 1479 proprium.

164 1495 193 1523 1.
205 1493 253 1523 Ad
268 1493 343 1523 illud
356 1493 441 1532 quod
455 1493 557 1532 primo
569 1493 728 1532 objicitur,
745 1492 830 1532 quod
844 1501 897 1532 pa—

122 1548 170 1577 ter
189 1546 359 1586 corporalis
373 1546 526 1577 beneficia
548 1546 789 1586 praestatinvito
812 1546 894 1585 filio,

123 1599 290 1630 dicendum
308 1599 392 1639 quod
407 1609 471 1630 non
482 1602 529 1630 est
543 1599 655 1637 simile,
669 1600 745 1639 quia
759 1599 813 1630 illa
823 1602 897 1630 sunt

123 1652 275 1683 beneficia
290 1653 474 1692 temporalia
489 1662 560 1692 quae
578 1655 772 1693 praestantur
789 1656 896 1684 contra

123 1706 333 1744 voluntatem,
355 1708 385 1736 et
406 1706 438 1736 in
459 1707 576 1746 quihus
594 1715 660 1737 non
680 1707 897 1737 consideratur

123 1760 256 1799 aequitas
278 1768 318 1790 ex
332 1762 422 1799 parte
446 1760 646 1799 suscipientis
663 1771 669 1791 :
688 1770 753 1790 nou
772 1761 816 1790 sic
835 1770 896 1790 au-

122 1815 187 1844 tem
199 1816 246 1844 est
261 1814 313 1844 hic
329 1823 337 1844 :
354 1815 383 1844 et
396 1816 560 1854 propterea
573 1813 648 1844 talia
662 1814 813 1844 beneficia
827 1824 897 1853 pro-

122 1869 196 1897 sunt
222 1867 333 1897 invitis
352 1878 359 1905 3
390 1868 442 1898 sed
473 1868 662 1898 beneficium
691 1868 897 1898 absolutionis

122 1920 201 1950 nulli
214 1921 315 1951 invito
338 1920 480 1959 prodest,
499 1920 563 1950 imo
577 1920 676 1950 obest.
702 1920 791 1951 Unde
815 1921 896 1951 sicut

122 1973 289 2003 fastidiosis
302 1982 367 2003 non
381 1975 427 2003 est
442 1973 594 2012 ingerend
601 1983 637 2004 05
649 1974 739 2004 cibus
752 1983 896 2014 corpora-

122 2026 178 2063 lis,
196 2026 271 2066 quia
284 2026 392 2064 obest,
419 2029 449 2056 et
470 2026 560 2056 illum
575 2026 766 2066 projiciunt,
784 2027 852 2065 vel,
870 2028 895 2057 si

122 2078 318 2118 suscipiunt,
336 2079 440 2117 magis
454 2080 650 2118 gravantur3
668 2079 711 2109 sic
730 2079 762 2109 in
778 2089 896 2119 propo-

122 2131 182 2161 sito
194 2133 242 2162 est
256 2131 512 2170 intelligendum.

163 2186 191 2214 2.
218 2184 266 2214 Ad
289 2184 367 2214 illud
385 2184 470 2223 quod
491 2185 661 2224 objicitur,
685 2186 771 2225 quod
795 2189 896 2225 potest

123 2238 400 2268 excommunicare
427 2238 586 2276 invitum,
616 2239 786 2270 dicendum
810 2241 894 2280 quod

123 2291 410 2322 excommunicatio
429 2295 475 2322 est
499 2293 649 2323 correctio
673 2293 711 2324 (10
732 2296 895 2325 contuma-

124 2343 171 2374 cia
190 2354 197 2374 :
215 2346 246 2375 et
258 2344 328 2375 ideo
343 2345 427 2376 utilis
442 2347 487 2376 est
501 2345 555 2375 tali
570 2347 747 2377 contumaci
761 2371 768 2384 ‚
787 2349 817 2377 et
833 2357 894 2378 no-

123 2395 210 2427 lenti.
227 2397 250 2427 E
265 2400 388 2436 contra,
405 2398 561 2429 absolutio
573 2401 620 2429 est
636 2399 722 2430 utilis
736 2400 893 2438 redeunti,

124 2450 234 2480 nonin
249 2452 448 2482 contumacia
462 2453 609 2483 existenti
633 2464 639 2482 :
659 2456 690 2483 et
714 2453 783 2484 ideo
800 2455 895 2485 talem

125 2504 435 2535 excommunicatum
449 2505 611 2537 absolvere
626 2507 730 2546 potius
749 2510 795 2537 est
809 2517 894 2547 prae-

126 2556 208 2586 stare
221 2556 302 2587 iram
317 2567 414 2597 quam
434 2559 682 2590 misericordiam
694 2584 702 2599 ,
725 2560 807 2591 sicut
823 2561 896 2592 facit

126 2608 178 2639 1110
188 2633 198 2647 ,
212 2610 267 2649 qui
281 2611 410 2642 dimittit
423 2612 575 2652 injuriam
589 2612 735 2645 inultam.
753 2613 840 2645 Unde
855 2615 896 2645 si-

127 2663 179 2691 cut
193 2663 307 2694 melius
320 2667 366 2694 est
383 2665 468 2704 quod
487 2668 605 2697 satanae
620 2667 762 2697 tradatur
777 2677 892 2707 corpus

247 2723 320 2746 ron.
343 2725 386 2748 vx.

951 278 1048 309 quam
1067 269 1213 308 spiritus,
1229 270 1272 300 sic
1288 269 1404 300 melius
1417 272 1465 300 est
1480 269 1531 300 isti
1544 269 1629 309 quod
1650 279 1720 310 per-

952 325 1078 354 maneat
1093 323 1126 352 in
1142 323 1285 362 vinculo,
1306 333 1402 364 quam
1418 323 1503 364 quod
1516 323 1608 355 detur
1622 324 1649 354 01
1665 324 1722 355 be-

952 377 1105 407 neficium
1119 385 1193 407 cum
1209 379 1402 417 contemptu.

991 434 1019 462 3.
1042 431 1088 461 Ad
1109 431 1187 461 illud
1209 431 1294 470 quod
1318 432 1477 470 objicitur,
1503 431 1589 471 quod
1603 431 1724 462 inflicta

951 487 997 514 est
1011 484 1049 514 ad
1069 484 1343 520 emendationem,
1367 485 1535 515 dicendum
1555 484 1641 524 quod
1659 493 1724 515 non

952 539 1076 567 tantum
1092 537 1130 567 ad
1147 537 1416 574 emendationem,
1433 538 1498 568 imo
1513 538 1609 568 etiam
1623 538 1662 568 ad
1674 538 1722 568 in-

952 590 1157 620 structionem
1170 590 1318 627 aliorum,
1331 592 1367 620 ut
1379 589 1432 620 alii
1446 590 1567 621 discant
1577 600 1640 621 non
1651 600 1724 622 con-

952 643 1103 673 tradicere
1124 645 1155 673 et
1179 643 1346 681 rebellare,
1379 643 1458 673 sicut
1485 642 1606 673 Datban
1631 643 1670 683 (a)
1693 646 1724 674 et

952 696 1073 726 Abiron
1090 706 1096 726 z
1113 699 1141 726 01
1157 696 1227 726 ideo
1240 720 1249 733 ,
1266 705 1305 726 ne
1321 695 1373 726 alii
1394 697 1521 726 sumant
1541 696 1724 735 exemplum

953 750 1073 780 malum
1086 774 1094 788 ,
1121 749 1213 780 debet
1239 749 1271 779 in
1298 749 1413 779 talibus
1440 749 1725 780 excommunicatio

952 803 1146 840 continuari,
1171 805 1206 833 ut
1221 802 1290 832 aliis
1304 802 1402 842 prosit
1422 802 1461 833 ad
1486 802 1651 833 vitandum
1672 811 1723 833 ca-

952 865 1035 886 sum.
1065 855 1291 886 Verumtamen
1303 879 1313 894 ‚
1339 856 1414 895 quia
1448 855 1586 886 nescitur
1617 858 1726 886 utrum

952 908 1036 939 Deus
1049 909 1100 939 (101
1116 909 1144 939 01
1161 909 1309 949 spiritum
1324 909 1456 947 bonum,
1471 909 1613 948 quandiu
1628 909 1725 946 vivit,

951 962 1022 992 ideo
1039 971 1164 1001 semper
1183 962 1377 1001 expectanda
1392 964 1438 992 est
1452 961 1616 992 conversio
1631 963 1701 1002 ejus
1717 973 1724 993 :

952 1018 981 1045 et
996 1015 1066 1046 ideo
1080 1025 1143 1045 non
1159 1018 1205 1045 est
1220 1018 1292 1045 ante
1307 1015 1518 1046 absolvendus
1529 1039 1537 1053 ,
1554 1018 1728 1055 quantum-

952 1077 1087 1108 cumque
1115 1068 1344 1107 incorrigibilis
1358 1068 1514 1100 videatur.
1530 1068 1629 1099 Nemo
1644 1069 1728 1099 enim

952 1124 998 1152 est
1013 1122 1144 1152 omnino
1168 1122 1393 1163 incorrigibilis
1419 1132 1475 1163 per
1495 1123 1704 1162 privationem
1717 1147 1726 1161 ‚

951 1175 1093 1214 quandiu
1113 1175 1217 1206 viator
1230 1178 1276 1207 est
1293 1186 1300 1207 :
1317 1179 1346 1207 et
1362 1176 1432 1207 ideo
1443 1176 1728 1207 excommunicatio

952 1229 1109 1259 medicina
1123 1232 1179 1259 est.

992 1281 1039 1311 Ad
1061 1282 1138 1312 illud
1163 1282 1248 1322 quod
1268 1283 1433 1321 quaeritur,
1456 1283 1591 1322 qualiter
1614 1283 1725 1313 debeat
1741 1292 1846 1327 fraqam.

954 1335 1021 1364 ficri
1030 1358 1039 1372 ,
1052 1335 1220 1365 dicendum
1233 1336 1317 1375 quod
1329 1337 1613 1367 excommunicatio
1624 1346 1663 1367 ex
1674 1337 1725 1367 tri·
1739 1329 1839 1349 primam.

955 1388 1026 1426 plici
1044 1398 1136 1418 causa
1151 1391 1254 1428 potest
1271 1398 1338 1419 csse
1356 1389 1475 1419 inflicta
1487 1413 1494 1426 ‚
1511 1390 1627 1420 scilicet
1641 1399 1726 1429 quae-

957 1440 1029 1470 dam
1050 1443 1176 1480 propter
1202 1442 1433 1472 contumaciam
1460 1452 1559 1482 pure;
1580 1443 1726 1482 quaedam

955 1497 1086 1534 propter
1094 1494 1250 1524 offensam
1260 1495 1477 1532 mariifestani;
1489 1496 1728 1537 quaedamprop-

953 1547 1163 1578 teross'ensam
1181 1548 1346 1586 occultam,
1360 1551 1395 1579 01
1411 1550 1537 1588 quando
1553 1550 1667 1590 aIIquis
1681 1552 1728 1582 in-

952 1601 1026 1631 cidit
1049 1601 1081 1631 in
1102 1611 1256 1632 canonem
1283 1611 1322 1632 cx
1343 1606 1469 1642 peccato
1493 1604 1618 1643 aliquo,
1643 1605 1726 1644 quod

952 1663 1016 1684 non
1031 1656 1076 1684 051
1090 1655 1263 1693 publicum.
1284 1655 1410 1686 Primus
1425 1656 1516 1687 debet
1530 1657 1662 1694 absolvi,
1679 1667 1727 1688 re-

952 1709 1041 1745 cepto
1066 1707 1105 1736 ab
1126 1716 1163 1737 eo
1182 1711 1393 1746 sacramento,
1411 1710 1495 1748 quod
1519 1710 1613 1740 stabit
1635 1720 1725 1741 man-

951 1760 1032 1790 datis
1052 1760 1212 1798 Ecclesiae3
1240 1764 1271 1792 et
1291 1762 1335 1791 illi
1352 1762 1443 1793 debet
1463 1764 1624 1802 mandari,
1641 1765 1724 1804 quod

951 1816 1058 1853 pareat
1074 1814 1157 1853 jurI,
1174 1817 1204 1844 et
1219 1815 1245 1844 51
1261 1815 1337 1854 quid
1353 1815 1438 1847 aliud
1451 1817 1484 1846 in
1499 1818 1654 1848 sententia
1668 1828 1723 1850 ex-

951 1867 1248 1897 communicationis
1267 1869 1353 1906 juste
1376 1869 1438 1900 lata
1453 1871 1650 1907 continetur,
1677 1875 1726 1903 ut-

951 1922 1022 1959 pote
1045 1921 1173 1960 quando
1197 1921 1426 1953 condemnatur
1451 1924 1485 1953 in
1513 1925 1669 1964 expensis.
1693 1925 1725 1956 Si

950 1976 1059 2003 autem
1070 1976 1115 2003 est
1127 1975 1420 2005 excommunicatus
1432 1980 1559 2017 propter
1571 1977 1725 2010 offensam

950 2027 1150 2057 manifestam
1174 2037 1230 2067 per
1251 2029 1439 2059 sententiam
1453 2055 1460 2068 ‚
1485 2030 1537 2060 vel
1560 2031 1629 2061 facti
1658 2032 1724 2063 evi-

949 2080 1103 2119 dentIam,
1119 2084 1194 2112 tunc
1209 2084 1281 2113 ante
1292 2083 1522 2115 absolutionem
1538 2085 1630 2117 debet
1645 2096 1725 2126 prae-

949 2136 1032 2164 stare
1047 2136 1214 2166 emendam
1223 2148 1230 2174 ;
1248 2136 1274 2166 si
1289 2139 1396 2168 autem
1412 2142 1539 2179 propter
1554 2141 1721 2180 occultam,

950 2190 1024 2218 tunc
1037 2188 1153 2219 sufficit
1163 2189 1203 2219 ad
1214 2189 1419 2221 relaxandam
1428 2193 1625 2231 sententiani,
1639 2195 1721 2234 quod

949 2242 1108 2273 sufficiens
1134 2243 1238 2273 cautIO
1266 2245 1447 2283 praebeatur
1475 2247 1605 2286 parendi
1630 2257 1720 2278 man-

949 2295 1033 2325 slalO.

990 2349 1037 2379 Ad
1053 2349 1130 2380 illud
1144 2351 1230 2389 quod
1245 2352 1414 2391 quaeritur⁷
1428 2362 1446 2382 a
1461 2362 1524 2392 quo
1535 2354 1606 2393 quis
1621 2358 1723 2394 potest
1737 2365 1845 2391 Adq,1at.

949 2402 1088 2440 absolvi,
1113 2403 1281 2434 dicendum
1297 2406 1382 2444 quod
1396 2406 1435 2436 de
1458 2407 1571 2438 minori
1591 2417 1721 2439 excom-

949 2455 1162 2486 municatione
1187 2457 1307 2488 absolvi
1334 2461 1435 2498 potest
1461 2469 1479 2490 a
1499 2461 1639 2500 quolibet
1663 2462 1722 2492 ha-

949 2509 1040 2539 bente
1060 2512 1211 2549 potestate
1237 2513 1313 2541 tunc
1339 2512 1522 2543 absolvendi
1545 2524 1563 2544 a
1585 2517 1720 2553 peccato.

950 2561 1038 2593 Unde
1051 2563 1114 2593 (100
1129 2565 1393 2595 excommunicati
1409 2567 1523 2597 minori
1537 2576 1721 2598 excommu-

949 2616 1105 2647 nicatione
1122 2617 1258 2648 invicem
1272 2628 1305 2649 se
1320 2619 1483 2651 absolvere
1498 2623 1639 2660 possunt.
1661 2620 1721 2651 Pro

982 2679 1013 2708 ζα)
1025 2678 1084 2702 Coet.
1099 2679 1158 2702 edit.
1175 2680 1266 2707 Datan,
1279 2683 1302 2703 e!
1313 2682 1349 2704 sic
1363 2681 1484 2712 deinceps.

1589 2729 1606 2756 3
