1991 3006
797 219 910 250 MBER
934 218 1090 253 PRIMUS.

147 290 185 321 Ut
203 290 322 320 donum
345 289 440 320 simul
463 289 564 328 adque
585 288 709 319 Patrem
734 287 915 327 Natumque

224 343 361 380 feratur,

146 396 248 436 thue
267 396 376 426 datum
395 395 490 425 simul
518 395 557 424 ad
579 395 721 432 dantem,
745 394 859 434 quibus
884 395 915 424 et

224 449 393 480 tribuatur.

145 501 195 533 Sic
210 502 421 542 impendentis
435 503 571 539 dicetur,
589 504 619 532 et
633 501 824 542 aceipientis.

146 553 184 586 Ut
198 555 288 586 datus
305 558 351 586 est
366 556 463 587 Natus
480 558 600 592 noster,
623 564 687 586 non
706 557 742 585 ut
759 555 795 594 (a)
814 563 911 593 gene-

224 611 322 640 ratus.

144 661 182 692 Et
205 662 249 692 sic
271 664 318 693 est
339 665 464 700 noster,
487 663 578 702 quasi
602 663 708 702 panis,
735 671 797 693 non
822 661 913 701 quasi

224 718 326 746 natus.

372 791 585 823 DISTINCTIO
606 791 684 822 XIX.

160 867 210 893 Hic
242 869 349 901 quaestz'o
384 876 435 894 non
466 869 599 899 solvitur,
632 867 676 894 sed
709 867 834 901 differtur
866 868 894 893 in

189 912 362 946 sequentibus.
394 913 445 939 Hic
479 912 511 939 de
546 912 677 946 qualitate
713 912 795 938 trium
824 919 913 946 perso-

179 966 282 985 narum.

227 1033 299 1057 Nune
312 1035 445 1065 postquam
460 1034 660 1058 coaeternitatem
675 1034 765 1064 trium,
779 1036 828 1057 etc.

182 1091 216 1122 In
241 1091 343 1122 Verbo
369 1094 454 1122 totus
482 1091 575 1122 Pater
603 1094 668 1129 est,
695 1101 731 1122 ac
761 1091 792 1121 in
821 1091 911 1121 Patre

221 1146 306 1174 totus

141 1196 265 1228 Filius:
292 1198 430 1238 aequales
451 1207 574 1228 summe
603 1199 676 1227 sunt
704 1209 709 1227 :
741 1207 816 1228 nam
845 1197 910 1227 dei-

222 1251 309 1287 tatis,

141 1302 179 1334 Et
192 1304 365 1343 majestatis
379 1305 520 1344 ejusdem
536 1305 578 1334 sio
594 1305 736 1335 teneatis.

141 1355 217 1386 Pars
243 1359 273 1387 et
301 1359 449 1396 materia,
479 1367 582 1397 genus
611 1360 642 1388 et
667 1357 784 1397 speeies
812 1358 911 1386 retra-

220 1410 342 1441 huntur

141 1463 198 1494 Hic
214 1473 232 1494 a
247 1464 380 1502 divinis,
397 1473 454 1494 nec
469 1464 501 1494 in
516 1464 577 1494 illis
592 1464 628 1503 (b)
645 1463 863 1494 inveniuntur.

139 1516 256 1547 Trinus
270 1517 392 1548 dicetur
407 1517 488 1547 Deus
499 1541 507 1555 ,
525 1519 555 1548 et
569 1517 684 1557 triplex
698 1517 857 1547 reticetur.

373 1626 588 1658 DISTINCTIO
610 1627 672 1658 XX.

141 1709 257 1740 ostenso,
270 1708 340 1742 quod
352 1708 444 1742 aliqua
452 1715 624 1742 personarum
636 1708 720 1734 aliam
735 1715 787 1733 non
801 1710 909 1741 superat

173 1753 377 1787 γηαψιίίαάίηθ,
396 1760 465 1779 nune
490 1751 622 1782 ostendit,
639 1751 709 1785 quod
730 1759 782 1777 non
807 1751 908 1777 eoecedu

174 1798 258 1824 aliam
270 1798 404 1832 potentia.

252 1881 323 1905 Nunc
340 1880 473 1905 ostendere
489 1881 566 1904 restat
581 1879 726 1910 quomodo,
740 1882 789 1903 etc.

177 1946 256 1975 Sunt
280 1947 342 1975 tres
362 1953 503 1984 personae
533 1944 683 1974 veraciter
711 1943 905 1983 aequipoten-

215 2000 272 2029 tes.

137 2052 215 2083 Hinc
230 2051 393 2083 Maximini
410 2051 477 2082 falsi
492 2053 586 2089 sunt,
604 2051 682 2082 falsa
693 2051 868 2091 loquentes.

362 2162 580 2195 DISTINCTIO
602 2163 680 2195 XXI.

136 2245 285 2277 Quoeritur‚
306 2252 356 2278 quo
371 2244 447 2271 modo
468 2245 554 2279 possit
572 2245 628 2271 dici
652 2245 722 2272 solus
746 2246 842 2277 Pater,
865 2247 906 2274 vel

168 2290 238 2316 solus
252 2288 352 2320 Filius,
368 2289 410 2316 vel
423 2290 492 2316 solus
504 2289 624 2324 Spiritus
639 2291 758 2322 sanctus,
776 2299 834 2318 cum
849 2292 905 2318 sint

168 2333 370 2369 inseparabiles.

219 2418 264 2442 Hic
280 2418 358 2442 oritur
371 2418 477 2450 quaestio
492 2418 595 2443 trahens
609 2419 735 2451 originem
745 2436 752 2449 ‚
767 2420 815 2443 etc.

175 2481 278 2518 Dicas,
304 2481 387 2521 quod
411 2481 498 2512 solus
524 2481 615 2512 Pater
641 2484 687 2512 est
714 2491 732 2512 a
757 2482 902 2522 proprie-

214 2536 286 2565 tate.

134 2587 194 2619 Sed
212 2597 378 2628 nunquam
393 2588 478 2619 solus
503 2587 595 2619 Pater
615 2591 662 2619 est
686 2589 787 2629 patria
812 2591 903 2629 pote—

214 2642 303 2672 state.

167 2705 200 2734 la)
216 2704 246 2728 Ut.
257 2710 356 2727 non—
369 2703 403 2734 (h)
418 2704 462 2727 eis.

1681 228 1738 257 629

1189 334 1403 367 DISTINCTIO
1425 335 1518 367 XXII.

970 412 1006 438 De
1028 413 1160 438 nominum
1183 412 1349 446 differentia,
1374 414 1468 447 quibus
1491 416 1591 441 utimur
1609 416 1740 449 loquentes

1306 458 1338 484 de
1349 459 1410 484 Deo.

1087 539 1146 562 Post
1158 539 1277 569 praedicta
1289 540 1364 564 nobis
1379 541 1565 570 disserendum,
1583 543 1630 565 etc.

970 605 1004 635 Iu
1019 615 1074 636 sex
1089 606 1276 636 scinduntur
1290 609 1409 646 parteS,
1427 616 1499 647 quae
1514 608 1551 637 de
1568 607 1685 638 Deitate

968 658 1103 689 Nomissa
1117 659 1282 697 dicuntur,
1300 662 1423 690 servata
1438 661 1638 699 proprietate.

969 711 1045 749 Quae
1061 713 1221 751 sigillatim
1235 715 1377 752 personis
1391 715 1652 753 appropriantur,

969 765 1024 796 Illa
1034 766 1176 804 relativa,
1193 776 1257 797 non
1271 767 1468 797 substantiva
1485 772 1648 798 vocantur.

969 818 1029 849 Sed
1046 820 1281 850 substantivum
1298 829 1413 851 nomen
1428 823 1508 851 recte
1524 821 1695 859 referatur,

968 872 1125 912 Perquod
1140 876 1253 903 natura
1269 873 1447 903 eommunis
1464 874 1676 912 significatur.

968 925 1037 956 Non
1054 928 1158 956 tamen
1179 926 1211 956 in
1231 935 1356 956 summa
1376 926 1539 966 pluraliter
1555 927 1736 966 accipiatur.

967 979 1046 1010 Nam
1069 979 1095 1009 si
1115 979 1235 1010 dicatur
1253 991 1259 1010 ι
1278 979 1360 1010 Sunt
1381 982 1445 1010 tres
1467 980 1602 1018 summi,
1628 989 1739 1019 repro-

1048 1033 1151 1064 batur.

1175 1104 1394 1136 DISTINCTIO
1416 1105 1524 1136 XXIII.

972 1182 1008 1208 De
1032 1181 1078 1207 hoc
1097 1182 1215 1212 nomine,
1235 1182 1306 1216 quod
1323 1184 1361 1208 est
1383 1190 1513 1216 persona,
1536 1182 1607 1217 quod
1622 1190 1679 1209 cum
1701 1191 1738 1209 se-

1002 1226 1116 1252 cundum
1131 1226 1310 1252 substantium
1325 1226 1445 1257 dicatur,
1465 1228 1567 1252 tuntum
1579 1227 1736 1261 pluraliter,

1001 1278 1053 1297 nou
1066 1271 1242 1303 sinquluriter
1253 1271 1282 1296 in
1298 1278 1400 1297 summa
1415 1271 1558 1304 accipitur.

1076 1349 1203 1373 Praedictis
1221 1351 1306 1373 tamen
1325 1349 1494 1380 adjiciendum
1511 1351 1562 1378 est,
1582 1352 1629 1374 eto.

1006 1408 1195 1447 Quanquam
1223 1417 1358 1447 persona
1383 1409 1620 1440 substantivum
1649 1408 1737 1439 simi-

1046 1461 1148 1499 latur,

967 1516 999 1546 In
1015 1525 1141 1546 summa
1156 1524 1280 1554 semper
1295 1515 1457 1555 pluraliter
1471 1515 1654 1555 accipiatur.

966 1569 1004 1600 Ut
1027 1570 1252 1608 dignoscamus
1275 1569 1314 1598 ad
1337 1568 1413 1608 quid
1438 1570 1519 1606 tres,
1546 1569 1623 1608 quid
1652 1570 1735 1600 rese-

1045 1631 1167 1659 ramus,

966 1675 1118 1706 Personas
1133 1684 1256 1715 semper
1270 1675 1303 1705 in
1319 1684 1446 1705 summa
1456 1675 1684 1714 plurificamus.

965 1729 1029 1759 Lex
1044 1729 1190 1768 prohibet
1204 1738 1278 1759 vere
1294 1731 1356 1758 tres
1371 1738 1437 1758 esse
1454 1728 1531 1759 Deos
1548 1728 1712 1768 perhibere
1725 1753 1732 1767 ‚

967 1782 1004 1813 Ut
1018 1791 1080 1812 non
1096 1782 1274 1817 diversum,
1293 1781 1345 1811 sed
1361 1781 1495 1818 simplex
1517 1790 1584 1811 esse
1605 1782 1735 1814 sciatur.

966 1835 1053 1866 Usias
1066 1835 1125 1865 diei
1141 1837 1214 1872 tres,
1231 1844 1249 1864 a
1265 1834 1380 1864 sanetis
1395 1834 1592 1874 reprobatur.

1176 1946 1393 1978 DISTINCTIO
1416 1946 1522 1978 XXIV.

965 2031 1036 2063 Quiri
1059 2030 1221 2065 siynificetur
1244 2029 1285 2056 his
1307 2029 1470 2060 nominibus,
1495 2036 1568 2054 unus
1578 2049 1587 2062 ,
1603 2029 1676 2061 duo,
1693 2030 1735 2056 vel

999 2076 1060 2102 duce
1071 2095 1080 2109 ,
1096 2077 1151 2101 tres
1161 2096 1167 2106 ‚
1183 2075 1224 2101 vel
1238 2073 1301 2107 tria,
1318 2073 1422 2106 trinus,
1438 2073 1479 2099 vel
1494 2072 1615 2107 trinitas,
1630 2074 1733 2108 plures,

997 2121 1038 2147 vel
1057 2120 1214 2155 pluralitas,
1231 2118 1384 2151 diStinctio,
1398 2118 1439 2144 vel
1463 2117 1607 2150 distincte5
1624 2126 1671 2144 cur
1692 2118 1733 2145 his

998 2166 1102 2191 utimur
1116 2164 1147 2190 cle
1162 2165 1214 2190 Deo
1226 2164 1368 2197 loquentes.

1099 2250 1145 2274 Hie
1160 2249 1292 2281 diligenter
1307 2249 1399 2280 inquiri
1414 2251 1528 2280 oportet,
1546 2250 1593 2274 etc.

1002 2315 1080 2346 Cum
1090 2315 1128 2345 de
1143 2314 1258 2345 divinis
1270 2323 1365 2350 unua
1379 2314 1453 2352 duo,
1467 2316 1530 2344 tres
1545 2314 1730 2351 referemus,

962 2370 1011 2401 Nil
1038 2371 1115 2399 tuno
1141 2369 1293 2408 ponentes
1319 2367 1536 2405 excludimus,
1569 2369 1599 2397 et
1625 2375 1730 2397 remo-

1044 2430 1165 2452 vernus.

962 2477 1026 2508 Hoc
1040 2476 1263 2507 confirmatum
1282 2474 1387 2506 verbis
1412 2474 1548 2505 auctoris
1562 2472 1729 2503 habemus.

961 2531 1051 2563 Nunc
1066 2529 1220 2570 privative
1235 2537 1298 2559 non
1316 2537 1429 2568 ponas,
1447 2527 1500 2557 sed
1516 2526 1659 2566 positive.

961 2583 1149 2625 Simpliciter
1160 2591 1314 2613 numerus
1329 2592 1347 2612 a
1362 2581 1477 2613 (livinis
1490 2581 1683 2610 removetur.

961 2638 1019 2671 Sed
1045 2645 1252 2678 personarum
1285 2643 1439 2667 numerus
1464 2634 1545 2664 bene
1578 2631 1729 2672 suscipie—

1041 2694 1103 2721 tur.
