1991 3006
231 229 288 258 568
782 221 1086 254 SENTENTiARUM
1112 222 1183 252 [ΑΒ.
1210 222 1258 252 lV.

108 301 142 322 Au
160 302 211 327 quid
276 295 365 328 Solet
382 294 478 327 etiam
494 293 600 337 quaeri
623 296 733 324 utrum
748 290 874 334 aliquid
890 290 930 322 (le
947 289 1011 322 Deo
1027 294 1195 331 cognoscat
1213 289 1331 333 aliquis
1347 288 1449 331 magis
1465 288 1617 329 meritus,
1635 291 1672 321 ut
1684 287 1812 330 Petrus,

104 332 212 391 cll‘giuliffit
232 352 319 397 quod
339 364 403 385 non
419 354 589 393 cognoscat
605 349 725 394 aliquis
742 349 853 381 minus
871 348 1007 380 mvi-itus
1021 374 1028 388 ,
1046 351 1081 380 ut
1098 347 1210 379 Linus.
1227 346 1383 378 Pluribus
1401 345 1532 378 videtur
1548 345 1637 390 quod
1654 346 1762 378 omnia
1775 345 1814 379 de

108 395 210 451 qaffl'iit
232 410 297 442 Deo
312 410 350 442 ad
366 408 602 442 beatitudinem
628 407 803 451 spectantia
829 417 941 437 omnes
964 405 1181 437 communiter
1195 404 1287 436 electi
1302 408 1494 446 cognoscant
1511 431 1519 445 ,
1537 403 1590 435 sed
1613 403 1812 436 differenter.

104 457 212 477 nonime!-

126 488 193 514 15331„
233 468 317 500 Nihil
334 467 421 499 enim
439 467 472 498 in
490 466 556 498 Deo
575 465 728 497 noscibile
745 464 850 507 majus
865 463 1063 507 digniusque
1079 463 1220 502 videtur,
1237 473 1335 506 quam
1350 473 1425 493 eum
1445 461 1628 504 intelligere
1644 461 1768 494 trinum
1784 465 1816 494 et

114 525 196 540 ⁰¹¹¹¹¹e⁵'
231 537 347 558 111111111.
366 525 433 556 IIoc
451 528 560 556 antem
576 534 689 555 onincs
706 526 782 554 tunc
794 533 854 565 pet·
869 521 1006 565 speciem
1026 524 1032 540 ¹
1049 524 1253 561 cognoscent.
1274 519 1365 551 L'nde
1380 519 1530 562 sequitur
1543 545 1550 559 ‚
1568 523 1603 551 ut
1620 530 1686 551 non
1701 519 1743 552 sit
1756 519 1815 552 ali-

230 583 308 628 quid
322 581 534 615 beatitudinis
553 580 716 625 pertinens
731 579 935 620 indignitati]
950 578 1049 610 alicui
1064 578 1246 610 beatorum.
1267 576 1387 609 Omnes
1411 588 1489 619 ergo
1514 581 1629 609 cuncta
1652 577 1709 609 illa
1724 576 1814 609 vide-

227 641 311 674 bunt
324 666 332 681 ,
350 650 491 684 quorum
512 638 656 681 cognitio
677 637 776 669 servit
797 635 989 669 beatitudini
1005 649 1012 677 ;
1030 636 1133 668 sedin
1158 635 1252 668 inodo
1268 635 1401 668 videndi
1426 634 1588 667 different.
1608 634 1702 667 Alius
1726 634 1813 668 enim

227 699 290 732 alio
307 697 429 739 magis,
448 697 532 729 alins
548 696 611 728 alio
627 695 737 727 minus
750 694 902 736 fulgebit.

104 764 134 784 De
146 764 207 791 pai-i-

103 797 143 815 tate
157 802 206 821 gan-

135 826 173 847 ilii.

271 755 361 789 Solet
374 755 470 787 etiam
486 753 588 798 quaeri
604 764 646 785 an
669 753 701 784 in
724 751 845 791 gaudio
860 751 1004 795 dispares
1018 750 1100 792 sint,
1119 751 1201 782 sicut
1217 750 1250 782 in
1265 750 1411 782 claritate
1427 749 1622 792 cognitionis
1639 749 1809 782 differunt.

226 814 272 846 De
287 813 346 846 hoc
361 812 566 855 Augustinus
583 810 628 843 ait
643 816 652 830 ²
671 822 677 841 :
698 824 713 840 κ
732 809 845 841 Multae
871 810 1053 840 mansiones
1077 808 1110 840 in
1135 819 1201 840 una
1225 807 1321 839 domo
1342 810 1437 839 erunt
1451 833 1458 847 ‚
1480 807 1600 840 scilicet
1616 807 1714 840 variae
1734 818 1816 851 prae-

229 871 371 904 miorum
388 870 582 911 dignitatem
600 868 654 900 sed
672 867 727 899 ubi
744 867 830 898 Deus
845 866 906 898 erit
921 865 1031 898 emnia
1044 865 1077 897 in
1094 865 1247 897 omnibus
1261 891 1268 906 ‚
1291 865 1352 896 erit
1367 864 1465 897 etiam
1480 864 1514 896 in
1530 864 1651 908 dispari
1667 864 1815 898 claritate

227 941 283 974 per
298 928 456 971 gaudium
473 953 480 968 ‚
497 930 533 959 nt
549 925 635 970 quod
650 925 819 957 habebunt
833 923 954 965 singuli
971 949 977 963 ‚
995 934 1169 955 commune
1185 923 1223 954 sit
1238 922 1392 954 omnibus
1408 935 1414 954 ε
1435 922 1514 966 quia
1528 922 1624 954 etiam
1641 922 1747 965 gloria
1762 933 1815 955 ca-

227 987 302 1032 pitis
317 986 466 1019 oninium
483 985 544 1017 erit
561 995 616 1028 per
632 983 801 1016 vinculum
821 981 997 1014 clariritatis.
1014 994 1029 1012 >v
1050 980 1098 1012 Ex
1115 980 1163 1012 liis
1177 980 1271 1012 datur
1287 979 1444 1021 intelligi,
1468 980 1553 1023 quod
1575 991 1633 1024 par
1656 979 1816 1023 gaudium

232 1055 344 1077 omnes
359 1043 527 1076 habebunt
543 1068 549 1083 ,
567 1041 625 1074 etsi
641 1041 801 1085 disparem
819 1038 1014 1080 cognitionis
1029 1038 1207 1071 claritatem
1226 1051 1233 1077 ς
1251 1038 1329 1082 quia
1345 1049 1401 1082 per
1416 1037 1595 1070 claritatem
1610 1048 1682 1081 quae
1698 1037 1733 1070 in
1749 1037 1816 1070 sin-

227 1102 314 1145 gulis
328 1101 389 1133 erit
404 1100 563 1144 perfecta,
582 1103 708 1131 tantuin
725 1098 864 1142 quisque
881 1096 1037 1138 gaudebit
1051 1095 1089 1127 de
1104 1096 1190 1127 bono
1206 1095 1340 1128 alterius
1354 1121 1361 1135 ‚
1381 1099 1544 1139 quantum
1565 1095 1722 1137 gaudebit
1736 1094 1763 1127 si
1780 1095 1813 1127 in

227 1160 331 1204 seipso
347 1158 490 1191 liaberet.
510 1157 573 1189 Sed
592 1157 618 1189 si
634 1168 691 1201 par
706 1156 768 1188 erit
783 1160 975 1187 cunctorum
990 1154 1148 1197 gaudium
1163 1179 1170 1194 ‚
1188 1153 1317 1185 videtur
1333 1152 1421 1197 quod
1436 1163 1494 1196 par
1515 1152 1555 1184 sit
1575 1152 1725 1184 omnium
1740 1151 1816 1185 bea-

228 1217 333 1249 titudo
351 1229 356 1248 :
374 1216 461 1260 quod
478 1219 602 1248 constat
617 1215 752 1247 omnino
773 1225 838 1246 non
861 1224 939 1245 csse.
958 1212 1007 1244 Ad
1024 1211 1111 1256 quod
1130 1210 1192 1242 dici
1208 1214 1311 1254 potest
1325 1236 1331 1250 ,
1350 1210 1438 1254 qnod
1454 1209 1621 1242 beatitudo
1638 1220 1698 1254 par
1712 1215 1813 1251 esset,

231 1276 256 1306 si
280 1275 325 1306 ita
339 1277 419 1306 esset
434 1285 492 1317 par
512 1273 670 1316 gaudium
684 1298 691 1312 ‚
705 1276 741 1304 nt
756 1271 851 1304 etiam
867 1282 924 1315 par
939 1274 1020 1302 esset
1034 1269 1176 1311 cognitio
1191 1281 1198 1309 3
1215 1268 1269 1300 sed
1287 1268 1365 1312 qnia
1380 1268 1440 1300 hoc
1456 1279 1522 1300 non
1537 1267 1618 1309 erit,
1639 1278 1706 1300 non
1722 1266 1817 1300 faciet

230 1333 349 1376 paritas
365 1331 477 1374 gaudii
490 1331 660 1375 paritatem
676 1329 898 1363 beatitudinis.
916 1329 1022 1360 Potest
1036 1327 1133 1359 etiam
1150 1326 1249 1370 accipi
1265 1337 1322 1370 par
1336 1326 1509 1367 gaudium,
1524 1329 1560 1358 ut
1574 1336 1641 1358 non
1656 1325 1817 1358 referatur

230 1390 350 1434 paritas
364 1389 403 1421 ad
419 1388 633 1421 intentionem
656 1387 835 1419 affectionis
850 1385 1065 1429 gaudentium
1080 1411 1087 1426 ‚
1104 1384 1157 1416 sed
1179 1384 1218 1416 ad
1241 1383 1485 1416 universitatem
1508 1394 1617 1416 rerum
1635 1382 1675 1416 de
1695 1382 1818 1426 quibus

229 1447 414 1488 laetabitur;
431 1447 511 1490 quia
526 1446 565 1478 de
579 1446 670 1478 omui
688 1457 720 1477 re
736 1471 743 1486 ‚
762 1445 849 1477 unde
863 1443 1018 1487 gaudebit
1033 1454 1137 1485 uuus,
1154 1441 1346 1484 gaudebunt
1361 1452 1484 1473 omnes.

1050 1563 1092 1592 ibi
1112 1573 1118 1592 :

118 1792 204 1812 Divisio

419 1573 620 1605 EXPUSITIO
643 1572 805 1603 TEXTUS.

226 1664 285 1687 Post
306 1662 518 1686 resurrectionem
538 1668 598 1684 vcro
618 1661 683 1683 sacto
704 1659 823 1683 universo
843 1658 996 1689 impletoque

523 1696 634 1726 judicio,
654 1697 700 1719 ete.

267 1781 372 1820 Supra
395 1779 463 1818 egit
486 1778 633 1817 Magister
653 1778 690 1807 de
707 1777 827 1816 judicio
846 1787 852 1813 ;
880 1777 911 1805 in
938 1776 998 1806 hac

228 1836 314 1873 parte
329 1833 398 1871 agit
423 1832 460 1862 de
477 1833 561 1861 statu
585 1830 834 1870 postjudicimn.
860 1829 896 1859 Et
918 1838 996 1868 qno-

226 1888 314 1917 niam
328 1886 445 1926 duplex
461 1888 505 1916 est
521 1887 619 1915 statiis
642 1885 819 1914 secundum
838 1883 998 1922 duplicem

227 1940 386 1971 civitatem
400 1963 409 1977 ,
425 1948 524 1969 unani
539 1938 655 1968 scilicet
672 1937 857 1974 Jerusalem,
877 1938 907 1966 et
921 1935 998 1965 alte-

228 2003 296 2023 ram
318 1993 506 2032 Babylonis-3
524 1993 593 2023 ideo
609 2001 680 2031 pars
695 1991 754 2021 ista
773 1990 852 2020 duas
877 1990 971 2019 hahet
991 2000 997 2019 :

230 2047 262 2076 in
277 2046 380 2085 prima
393 2045 582 2075 determinat
605 2047 721 2075 statum
739 2046 769 2074 et
786 2043 1000 2073 conditionem

230 2099 386 2129 bonorum
400 2109 407 2136 3
422 2099 454 2128 in
468 2098 605 2128 secunda
618 2099 736 2127 statum
748 2098 778 2126 et
788 2096 1000 2126 conditionem

230 2151 471 2188 damnatorum,
493 2150 597 2179 intra-³
622 2161 628 2179 z
656 2149 716 2180 Hic
743 2150 845 2180 orum
868 2149 1001 2187 quoesczo

231 2211 271 2235 eoe
284 2204 475 2242 prtemz'ssz's,
494 2205 550 2233 etc.
572 2203 679 2233 Prima
699 2212 770 2242 pars
786 2202 881 2232 habet
896 2201 975 2231 duas
994 2212 1000 2232 t

231 2257 263 2286 in
280 2256 382 2295 prima
402 2258 491 2295 parte
515 2256 705 2286 determinat
724 2255 948 2286 beatitudiuem
974 2256 1004 2284 et

232 2309 368 2348 gloriam
383 2318 400 2338 a
417 2310 503 2348 parte
531 2308 683 2347 spiritum
709 2309 742 2338 in
766 2308 902 2338 secunda
915 2314 1004 2337 'vero

233 2370 272 2392 ex
287 2363 375 2400 parte
390 2361 548 2400 corporis,
568 2361 609 2390 ibi
626 2371 632 2390 :
650 2360 722 2392 Post
743 2361 806 2391 liceo
830 2361 933 2400 qztoerz'
956 2368 1004 2391 so-

234 2416 290 2453 lec,
306 2415 336 2446 Si
350 2414 525 2451 beatitudo,
543 2417 601 2444 etc.
619 2414 726 2444 Prima
742 2424 813 2454 pars
829 2415 924 2444 habet
939 2416 1004 2444 tres

236 2470 338 2507 partes
357 2478 363 2497 ;
381 2468 414 2497 111
428 2467 532 2507 prima
547 2467 734 2497 determinat
753 2467 829 2506 qnid
844 2467 882 2496 sit
905 2467 1004 2497 beati-

237 2520 313 2550 tudo
326 2544 333 2558 ,
350 2522 380 2550 et
406 2520 482 2560 quid
498 2521 536 2550 sit
557 2529 624 2550 esse
644 2521 789 2557 beatum3
811 2520 843 2550 in
867 2521 1006 2550 secunda

238 2582 312 2603 vero
335 2573 522 2603 determinat
544 2573 581 2603 de
606 2573 807 2603 beatitudinis
833 2573 974 2612 appetitu
996 2597 1003 2609 ,

271 2655 276 2668 ²
291 2653 308 2675 11
324 2653 391 2680 Con,
406 2658 427 2682 v,
446 2655 466 2676 Ῑ.
481 2666 510 2670 -
523 2653 530 2666 ²
543 2655 614 2682 Aug.¹
632 2653 655 2675 1‘71
668 2653 737 2675 Jowz.
752 2654 823 2675 tract.
838 2658 917 2680 mvn,
934 2660 959 2676 n.
977 2655 1003 2683 :25

237 2688 266 2711 cle
279 2689 363 2712 sancta
384 2688 511 2719 Vi1·9im't.,
528 2695 550 2711 c.
565 2694 637 2717 ΧΧῊ,
654 2694 680 2712 n.
696 2689 734 2717 26,
749 2687 832 2718 quoad
848 2694 959 2711 sensum.
978 2700 1005 2704 —

1136 1561 1222 1593 Solet
1237 1562 1333 1592 etiam
1353 1561 1456 1599 quceri
1480 1560 1518 1590 de
1543 1558 1741 1591 beatitudine
1753 1568 1766 1598 ;
1790 1559 1824 1589 in

1051 1615 1143 1645 tertia
1159 1623 1232 1644 vero
1245 1613 1433 1643 determinat
1449 1613 1579 1642 modum
1595 1611 1822 1652 participandi,

1051 1671 1161 1698 utrum
1176 1666 1340 1706 aequaliter
1351 1666 1556 1705 participetur
1569 1674 1587 1695 a
1598 1665 1743 1702 diversis,
1757 1664 1802 1694 ibi
1817 1674 1823 1693 :

1053 1721 1139 1753 Solet
1161 1721 1255 1751 etiam
1278 1720 1380 1758 qzcoerz'
1402 1722 1510 1750 utrum
1540 1718 1668 1758 aliquid
1691 1717 1730 1750 de
1764 1717 1825 1749 Deo

1053 1776 1232 1813 cognoscat.

1223 1886 1350 1919 AR'l'IC
1356 1886 1464 1919 ULUS
1489 1885 1658 1919 UNICUS.

1097 1986 1143 2016 Ad
1160 1985 1405 2025 intelligentiam
1430 1986 1530 2025 hujus
1552 1985 1651 2025 partis
1672 1985 1829 2025 quaeritur

1056 2039 1094 2069 de
1113 2039 1328 2075 heatitudine3
1346 2040 1377 2068 et
1392 2038 1429 2069 de
1454 2039 1514 2069 hoc
1533 2048 1589 2069 sex
1611 2040 1803 2078 quaeruntur
1819 2048 1826 2069 :

1058 2092 1161 2130 primo
1172 2092 1327 2131 quaeritur
1341 2092 1418 2130 quid
1429 2092 1469 2121 sit
1484 2092 1663 2128 beatitud03
1679 2092 1827 2129 secundo,

1058 2145 1192 2184 qualiter
1207 2144 1245 2173 sit
1268 2144 1464 2183 appetibilis3
1491 2145 1584 2175 tertio
1598 2168 1606 2181 ‚
1627 2145 1661 2174 in
1685 2153 1749 2184 quo
1770 2145 1827 2182 sit;

1058 2200 1188 2236 quarto,
1212 2197 1386 2227 secundnm
1415 2197 1491 2236 quid
1518 2197 1611 2235 insit3
1637 2198 1768 2237 quinto,
1791 2197 1829 2228 de

1058 2251 1128 2290 ejus
1143 2252 1215 2280 actu
1229 2250 1295 2280 sive
1319 2251 1519 2290 operatione3
1546 2252 1656 2288 sexto,
1677 2250 1715 2281 de
1742 2249 1831 2281 diffe-

1060 2303 1140 2333 renti
1156 2303 1404 2343 participatione.

1333 2407 1511 2445 QUAESTIO
1534 2409 1556 2438 I.

1167 2490 1210 2516 Αη
1229 2490 1364 2523 diffinitio
1380 2489 1554 2517 beatitudinis
1569 2491 1604 2517 sit
1620 2490 1688 2517 bona
1703 2490 1723 2516 ¹⁹.

1102 2569 1187 2600 Circa
1208 2578 1305 2608 quani
1327 2569 1370 2600 sic
1387 2569 1581 2609 proceditur,
1605 2572 1636 2600 et
1657 2569 1832 2600 ostenditur

1061 2651 1070 2667 ³
1086 2651 1147 2674 hist.
1166 2657 1188 2674 1..
1205 2664 1230 2666 V
1250 2650 1259 2665 ⁸
1278 2650 1318 2679 Cf.
1339 2652 1364 2673 S.
1381 2650 1506 2680 Thomas,
1523 2650 1577 2679 l-ll,
1593 2657 1618 2680 q.
1639 2655 1681 2680 111,
1697 2650 1744 2673 art.
1762 2651 1786 2679 15
1807 2651 1832 2673 et

1062 2687 1087 2711 in
1103 2686 1189 2717 suppl.
1207 2694 1232 2716 p.
1254 2687 1299 2717 111,
1319 2694 1345 2717 q.
1365 2692 1446 2716 xcru,
1471 2689 1516 2710 art.
1536 2689 1562 2716 1;
1587 2688 1611 2710 et
1628 2686 1658 2711 tv
1674 2686 1754 2716 Sent„
1771 2685 1828 2709 dist.

1848 2590 1947 2611 Fundam.
