1991 3006
47 1733 81 1754 Ad
104 1740 155 1760 opp.

629 215 725 246 DIST.
748 212 866 245 XXXII.
891 211 983 243 ART.
1007 211 1060 244 111.
1084 211 1235 249 QUAEST.
1258 212 1280 242 I.

160 286 223 326 peti
250 285 391 316 debitum
411 308 419 322 ,
449 283 626 314 ostenditur
646 283 654 298 ¹
681 291 689 312 2
723 282 777 312 Ve'r
805 280 862 320 qui
887 279 931 310 ad

163 342 390 370 menstruatam
409 337 573 369 accesserit
594 336 648 375 (a),
670 333 855 366 immundus
871 333 932 364 erit

162 396 279 431 septem
300 391 422 423 diebus.
448 389 479 420 Si
505 391 540 420 tu
564 389 664 426 dicas,
685 387 770 427 quod
792 395 932 417 ceremo-

162 445 245 475 niale
267 446 329 481 est3
357 445 464 473 contra
479 444 490 460 ²
508 450 516 471 ι
536 442 595 473 Vir
618 442 649 473 si
662 440 828 480 justitiam
851 440 934 478 fece-

163 498 219 534 rit,
234 499 291 527 010.
306 507 313 533 ;
330 498 360 526 et
375 497 444 534 post
461 505 468 525 z
489 494 540 525 Azl
555 497 783 526 menstruatam
801 500 864 524 non
881 500 934 523 ac-

163 551 309 589 cesserit,
324 550 379 580 ubi
400 549 483 580 inter
503 549 652 579 mortalia
668 549 880 587 computatur.
897 545 935 576 Et

165 604 272 635 Glossa
290 603 406 633 ibidem
432 602 574 642 praecipit
591 626 597 639 ,
615 604 652 632 ut
675 601 736 631 viri
753 609 817 631 non
831 599 935 630 solum

165 658 199 687 in
222 657 350 694 alienis,
375 656 428 686 sed
449 656 542 686 etiam
564 655 598 685 in
621 654 757 694 propriis
781 653 936 684 uxoribus

166 710 297 741 modum
310 713 340 740 et
354 712 497 749 tempora
511 710 649 739 servent.

207 763 297 800 item,
315 763 399 802 quod
414 771 476 793 non
493 762 604 793 debeat
627 761 772 798 reddere,
786 761 913 791 videtur
927 784 934 797 ,

166 817 241 856 quia
264 825 329 846 non
353 816 457 846 solum
473 815 528 855 qui
553 815 635 845 male
649 816 769 853 agunt,
786 815 935 854 peccant,

167 870 219 900 sed
237 870 332 899 etiam
348 869 403 908 qui
420 868 620 899 consentiunt
637 879 643 898 z
663 877 740 907 ergo
753 868 860 907 peccat
882 867 938 907 qui

168 923 287 960 reddit,
304 931 377 952 cum
392 921 576 952 consentiat.

208 975 285 1006 Item
302 984 366 1006 non
388 976 434 1005 est
454 974 631 1005 reddendus
657 973 784 1012 gladius
798 973 936 1011 furioso,

168 1032 203 1060 ut
225 1038 258 1059 se
282 1028 470 1059 interficiat:
495 1027 549 1057 sed
569 1028 679 1067 petens
695 1026 838 1057 debitum
856 1029 939 1057 tem-

169 1091 244 1122 pore
273 1084 532 1118 menstruorum,
559 1082 668 1111 contra
689 1079 823 1110 salutem
847 1089 936 1111 suam

169 1135 247 1175 petit
264 1146 270 1165 :
288 1144 366 1173 ergo
380 1143 444 1164 non
460 1134 487 1164 ei
503 1133 698 1164 reddendum
713 1136 770 1163 est.

208 1188 301 1225 Item,
325 1188 411 1228 quod
433 1197 491 1218 nec
512 1188 552 1217 sit
575 1187 789 1225 reddendum,
804 1196 862 1217 nec
882 1196 939 1226 pe-

167 1242 298 1272 tendum
310 1266 317 1278 ,
335 1242 477 1278 videtur,
494 1241 569 1280 quia
593 1240 709 1270 dicitur
724 1240 734 1257 ³
748 1240 833 1279 quod
855 1242 940 1271 uter-

168 1304 230 1334 que
244 1295 470 1332 interficiatur,
487 1294 603 1324 scilicet
619 1294 670 1323 vir
684 1296 714 1324 et
729 1293 844 1324 mulier
861 1302 868 1323 :
886 1293 939 1324 sed

168 1356 261 1387 poena
284 1348 395 1378 mortis
420 1356 483 1378 non
510 1347 570 1377 nisi
587 1356 643 1386 pro
666 1348 792 1386 peccato
814 1347 939 1377 mortali

168 1400 398 1440 infligebatur:
427 1409 504 1439 ergo
531 1402 666 1439 uterque
691 1402 797 1439 peccat
819 1401 937 1430 morta-

167 1454 247 1484 liter.

207 1507 285 1538 Item
303 1507 514 1546 Hieronymus
530 1506 614 1542 dicit,
628 1506 714 1546 qnod
729 1516 769 1537 ex
784 1507 838 1537 tali
854 1507 938 1537 coitu

166 1563 341 1591 nascuntur
356 1560 446 1600 pueri
466 1559 655 1599 elephantici
678 1561 710 1590 01
724 1559 936 1590 monstruosi:

167 1623 244 1653 ergo
267 1616 400 1653 uterque
415 1613 488 1643 facit
513 1614 623 1643 contra
642 1612 762 1643 bonum
777 1613 892 1652 prolis;
908 1615 938 1643 et

171 1667 195 1696 si
208 1667 276 1705 hoc,
294 1675 372 1705 ergo
385 1668 520 1706 uterque
535 1665 709 1696 mortaliter
723 1668 841 1706 peccat.

211 1720 346 1751 Contra:
368 1722 393 1749 1.
413 1719 512 1758 Maj0r
529 1718 631 1758 passio
650 1722 696 1749 est
710 1719 813 1758 passio
828 1719 935 1758 Ieprae,

169 1783 265 1814 quam
284 1773 386 1814 passio
410 1773 565 1804 menstrui
581 1784 587 1803 :
609 1781 686 1811 ergo
702 1773 728 1802 si
749 1774 877 1812 propter
891 1772 935 1803 le-

166 1837 257 1867 pram
280 1836 345 1858 non
376 1828 477 1867 potest
497 1825 612 1857 mulier
635 1825 776 1856 debitum
798 1834 935 1864 negare,

166 1880 268 1919 igitur
282 1889 340 1911 nec
353 1881 482 1920 propter
496 1881 708 1909 menstruum.

206 1935 236 1963 2.
253 1933 331 1964 Item
342 1957 351 1970 ,
368 1932 484 1963 mulier
497 1941 561 1962 non
574 1932 669 1962 habet
682 1932 867 1971 potestatem
887 1932 936 1962 sui

167 1987 306 2026 corporis
324 1998 330 2016 z
348 1995 425 2025 ergo
443 1995 516 2017 cum
538 1986 588 2016 vir
606 1985 700 2025 petit,
717 1994 811 2016 suum
835 1985 911 2025 petit
928 1997 935 2016 :

168 2049 245 2079 ergo
260 2040 285 2070 si
299 2049 411 2078 suum,
430 2041 460 2070 et
471 2040 597 2078 ,justum
612 2040 659 2069 est
674 2038 848 2078 unicnique
863 2039 935 2069 red-

167 2093 240 2124 dere
257 2094 342 2133 quod
357 2102 452 2124 suum
467 2094 513 2123 est
526 2116 534 2130 ,
550 2101 629 2129 ergo
648 2093 734 2131 juste
746 2091 849 2122 reddit
864 2101 937 2122 mu-

165 2147 232 2178 lier.

207 2203 236 2231 3.
263 2200 342 2231 Item
364 2203 430 2231 esto
457 2199 541 2239 quod
565 2198 614 2229 vir
641 2198 775 2234 nesciat,
798 2198 882 2237 quod
899 2198 939 2228 sit

167 2256 292 2293 tempus
310 2255 570 2289 menstruorum,
593 2253 624 2282 et
647 2250 762 2281 mulier
785 2251 875 2281 timet
899 2251 937 2281 de

168 2307 257 2347 lapsu
274 2308 362 2346 eius,
378 2306 532 2346 quaeritur
553 2304 630 2344 quid
650 2304 742 2334 debet
765 2304 888 2335 facere:
907 2306 938 2335 et

167 2360 340 2391 ostenditur
355 2360 439 2400 quod
454 2359 594 2395 reddere,
607 2358 681 2398 quia
696 2357 781 2388 iilius
795 2358 936 2389 animani

168 2413 280 2443 liberat
295 2422 313 2443 a
328 2416 440 2450 morte,
457 2415 488 2443 et
501 2413 540 2443 ab
555 2411 642 2442 omni
658 2411 761 2451 culpa.

209 2470 237 2498 4.
257 2468 345 2506 Item,
362 2468 443 2499 sicut
453 2468 559 2498 fluxus
570 2465 739 2505 sanguinis
753 2465 854 2496 reddit
868 2475 937 2497 mu-

169 2522 278 2552 lierem
300 2521 517 2559 immundam,
534 2521 578 2551 ita
592 2520 699 2550 fluxus
718 2519 848 2550 seminis
862 2519 934 2550 red-

168 2575 212 2605 dit
227 2574 333 2605 virum
351 2574 574 2606 immundum:
592 2573 646 2604 sed
661 2581 726 2603 non
741 2574 847 2612 peccat
861 2581 934 2603 mu-

201 2659 304 2687 ¹Levit.‚
319 2663 362 2686 xv,
375 2658 414 2681 212.
427 2670 457 2674 —
474 2656 482 2670 '³
495 2655 594 2686 Ezech„
609 2660 682 2684 xv111,
699 2655 721 2683 5,
739 2654 763 2677 6.
776 2665 806 2670 -
823 2652 834 2669 ³
847 2653 937 2684 Levit„

169 2700 214 2726 xx,
231 2695 267 2718 16,
278 2706 308 2712 -
318 2693 330 2709 ⁴
344 2693 403 2722 lm„
421 2697 492 2721 niv,
503 2692 570 2715 6.-
580 2691 590 2708 ⁵
604 2690 693 2720 Levit„
706 2693 782 2718 xvm,
797 2689 836 2712 19.

1697 217 1751 246 291

986 279 1062 317 lier,
1085 287 1157 319 quae
1176 278 1253 318 petit
1271 287 1289 308 a
1308 278 1377 309 viro
1392 279 1572 311 seminissuo
1593 280 1753 312 debitum:

987 341 1078 371 crgo,
1095 334 1153 363 etc.

1030 389 1057 417 5.
1072 387 1165 425 Item,
1182 387 1208 417 si
1232 387 1338 426 aliquo
1358 387 1450 418 modo
1473 390 1634 428 repugnat
1645 389 1759 420 matri-

989 440 1096 471 monio
1112 440 1183 470 talis
1193 440 1294 471 coitus
1306 464 1314 477 ,
1332 440 1392 470 hoc
1406 449 1469 471 non
1489 444 1535 471 cst
1560 442 1621 472 nisi
1638 443 1760 473 ratione

989 493 1085 532 prolis
1103 505 1109 524 :
1130 493 1185 524 sed
1204 493 1352 533 possibile
1377 495 1423 524 est
1448 494 1533 533 quod
1552 495 1623 525 talis
1646 496 1761 527 mulier

990 546 1029 576 sit
1051 547 1164 578 sterilis
1176 571 1185 585 ,
1202 549 1232 577 et
1256 549 1333 578 tunc
1352 556 1415 577 non
1431 547 1560 578 timetur
1581 548 1762 580 deformitas

991 600 1088 640 prolis
1105 612 1111 631 :
1130 609 1218 640 ergo,
1235 603 1293 631 etc.

1284 685 1510 717 CONCLUSIO.

993 755 1190 782 Menstruorum
1209 757 1324 790 tempore
1337 756 1446 782 scienter
1463 757 1574 790 petenti,
1597 764 1648 783 non
1666 759 1766 784 tenetur

1028 807 1097 826 uoeor
1111 799 1218 827 reddere
1233 799 1366 831 debitum;
1379 802 1465 834 potest
1485 802 1588 833 tamen,
1606 801 1713 835 quando
1729 803 1766 828 ta·-

1029 845 1152 872 mendum
1169 846 1206 871 est
1220 844 1308 879 majus
1320 845 1471 879 periculum
1488 845 1535 880 (b).

1748 646 1762 654 q

1036 922 1127 962 Resp.
1149 922 1189 953 ad
1203 932 1274 962 arg.
1301 922 1475 953 Dicendum
1500 922 1586 962 quod
1600 922 1699 962 aliqui
1713 931 1768 954 vo-

995 975 1065 1006 lunt
1079 976 1193 1013 dicere,
1210 975 1295 1015 quod
1311 976 1398 1006 omni
1414 978 1566 1016 tempore,
1583 976 1650 1007 sive
1665 985 1769 1007 mens-

994 1032 1160 1068 truorum,
1185 1029 1252 1060 sive
1276 1030 1355 1068 aiio,
1381 1030 1474 1060 debet
1495 1030 1636 1061 debitum
1660 1031 1766 1069 reddi,

995 1084 1050 1114 sed
1066 1093 1130 1114 non
1145 1084 1236 1115 debet
1249 1084 1322 1124 peti.
1341 1083 1379 1114 Et
1391 1084 1500 1115 dicunt
1514 1084 1599 1124 quod
1614 1084 1694 1115 ratio
1706 1085 1768 1115 hu-

991 1138 1046 1177 jus
1073 1139 1137 1175 est,
1153 1138 1230 1177 quia
1252 1139 1358 1177 petere
1373 1140 1420 1168 est
1439 1147 1553 1177 agere,
1571 1138 1624 1169 sed
1639 1138 1770 1169 reddere

995 1191 1135 1230 quodam
1150 1191 1244 1222 modo
1258 1191 1323 1231 pati
1338 1202 1345 1221 :
1363 1193 1394 1221 et
1417 1191 1558 1230 primum
1580 1193 1626 1222 est
1644 1191 1769 1222 liberta-

996 1243 1035 1273 tis
1046 1267 1055 1280 ,
1070 1244 1245 1274 secundum
1260 1253 1337 1275 vero
1355 1244 1550 1274 necessitatis
1565 1246 1622 1275 est.
1639 1243 1727 1275 Unde
1740 1246 1770 1275 et

996 1296 1150 1327 Dominus
1160 1306 1224 1328 non
1239 1298 1389 1337 praecepit
1401 1297 1530 1328 mulieri
1547 1307 1611 1328 non
1624 1298 1768 1336 reddere,

996 1351 1050 1381 sed
1081 1351 1203 1381 homini
1238 1360 1303 1382 non
1334 1352 1480 1382 accedere
1511 1362 1517 1381 :
1550 1361 1586 1382 ac
1619 1361 1675 1392 per
1709 1352 1770 1383 hoc

996 1413 1060 1434 non
1084 1405 1202 1435 exemit
1229 1404 1399 1435 mulierem
1423 1414 1441 1435 a
1468 1404 1605 1436 tentione
1627 1405 1770 1436 debitum

996 1457 1163 1496 reddendi,
1188 1458 1243 1488 sed
1267 1458 1318 1489 vir
1339 1458 1503 1496 obligatur
1517 1482 1525 1496 ,
1542 1459 1578 1488 ut
1592 1467 1657 1488 non
1671 1458 1770 1498 possit

995 1512 1101 1549 petere
1125 1510 1192 1541 sine
1218 1510 1473 1549 transgressione
1489 1522 1496 1548 ;
1513 1512 1545 1541 et
1564 1510 1624 1541 hoc
1643 1510 1770 1541 videtur

995 1563 1148 1602 Magister
1171 1564 1275 1595 dicere
1292 1565 1326 1594 in
1347 1564 1470 1601 littera,
1492 1573 1565 1594 cum
1583 1563 1658 1595 dicit
1674 1575 1681 1594 :
1703 1576 1717 1593 c<
1732 1564 1770 1595 Et

994 1616 1065 1647 11001
1081 1617 1169 1647 0111111
1186 1619 1328 1657 tempore
1348 1617 1490 1648 debitum
1512 1617 1552 1647 sit
1573 1617 1691 1657 petenti
1706 1617 1769 1648 sol-

995 1671 1135 1701 vendum
1144 1695 1152 1710 ,
1169 1680 1234 1702 non
1248 1673 1355 1702 tamen
1369 1671 1441 1702 11001
1454 1671 1542 1702 omni
1557 1672 1700 1710 tempore
1714 1680 1768 1711 pe-

994 1726 1071 1754 tere.
1088 1735 1101 1752 ))
1123 1724 1184 1755 Sed
1199 1724 1279 1754 illud
1293 1733 1359 1754 non
1373 1724 1500 1755 videtur
1520 1733 1695 1755 consonare
1709 1733 1768 1755 1100

994 1777 1124 1815 rationi,
1140 1786 1197 1808 nec
1210 1777 1399 1807 auctoritati.
1417 1776 1561 1807 Primum
1578 1786 1643 1808 non
1658 1780 1766 1809 aucto-

994 1830 1093 1868 r'1tati,
1115 1831 1191 1869 quia
1219 1832 1265 1861 est
1287 1832 1396 1861 contra
1417 1830 1537 1861 bonum
1556 1831 1672 1870 prolis,
1688 1832 1768 1862 510111

993 1883 1067 1913 dicit
1088 1883 1303 1923 Hieronymus
1324 1892 1420 1924 super
1438 1884 1517 1914 illud
1538 1884 1627 1915 Isaiae
1641 1885 1651 1902 ⁶
1668 1895 1675 1915 z
1695 1885 1766 1916 Om-

994 1945 1047 1968 nes
1073 1936 1215 1975 justitae
1247 1939 1364 1969 nostrae
1397 1937 1481 1968 sicut
1507 1945 1637 1977 pannus
1665 1947 1767 1970 mens-

995 1993 1122 2022 truacoe.
1149 1990 1228 2021 Dicit
1252 1990 1338 2021 enim
1361 2002 1367 2020 :
1396 2002 1410 2019 «
1432 1990 1522 2021 Tunc
1544 1992 1767 2032 concipiuntur

995 2043 1148 2074 membris
1171 2043 1356 2083 depravati,
1378 2044 1469 2082 caeci,
1491 2044 1606 2083 claudi,
1631 2045 1764 2085 Ieprosi;

995 2099 1029 2127 ut
1040 2097 1116 2136 quia
1130 2099 1277 2136 parentes
1288 2106 1353 2128 non
1368 2098 1565 2129 erubuerunt
1579 2099 1612 2129 in
1625 2100 1766 2131 conclavi

994 2150 1212 2188 commisceri,
1233 2153 1375 2190 patenter
1405 2160 1518 2182 eorum
1546 2154 1710 2192 peccatum
1736 2156 1766 2184 et

993 2206 1101 2243 aperte
1125 2203 1339 2243 redarguatur
1352 2205 1387 2234 in
1405 2205 1558 2244 parvulis.
1576 2216 1590 2233 n
1613 2205 1692 2236 Item
1704 2207 1767 2237 Au-

995 2257 1145 2295 gustinus
1177 2266 1271 2297 super
1303 2258 1478 2289 Leviticum
1504 2258 1514 2274 ⁵
1542 2267 1552 2289 .·
1580 2258 1634 2289 Ad
1654 2259 1768 2291 mulie-

994 2318 1079 2347 rem,
1111 2313 1170 2342 010.
1193 2322 1199 2342 :
1236 2322 1249 2339 (1
1275 2311 1456 2342 Necessario
1482 2312 1612 2343 interim
1642 2313 1767 2353 utrique

994 2363 1190 2394 continentia
1210 2364 1369 2395 indicitur.
1394 2376 1408 2393 »
1435 2364 1473 2395 Et
1495 2365 1637 2396 iterum:
1660 2366 1767 2398 «Cum

995 2417 1186 2448 sufficienter
1202 2417 1437 2457 prohibuisset,
1454 2418 1514 2449 hoc
1528 2419 1623 2450 etiam
1640 2421 1765 2460 repetit,

994 2479 1034 2501 ne
1050 2470 1128 2501 sorte
1138 2470 1172 2500 in
1186 2471 1403 2510 superioribus
1416 2471 1579 2503 videretur
1591 2474 1767 2512 figurative

994 2523 1124 2554 dictum.
1141 2535 1155 2552 »
1174 2523 1212 2554 Et
1226 2523 1353 2562 iterum,
1371 2526 1506 2565 uterque
1524 2527 1707 2566 praecipitur
1721 2527 1767 2557 in-

1027 2621 1058 2650 (a)
1075 2619 1149 2650 Vulg.
1170 2620 1199 2643 δι’
1219 2619 1305 2643 coierit
1326 2627 1380 2643 cum
1399 2628 1426 2644 ca
1448 2621 1488 2644 νίν
1508 2624 1615 2652 (empore
1635 2623 1767 2653 sanquz'm's

994 2656 1163 2680 menstrualis.
1176 2668 1206 2673 —
1222 2656 1254 2686 (b)
1272 2656 1333 2680 Czet.
1349 2656 1408 2680 cdit.
1420 2656 1533 2681 debitum
1542 2665 1551 2688 ,·
1561 2658 1626 2689 quod
1635 2659 1766 2688 sz‘recldut,

992 2694 1075 2722 peccat
1090 2691 1242 2716 mortaliter.

1783 938 1846 965 Opin.
1867 941 1885 958 1.

1784 1736 1880 1764 Improb-
