1991 3006
706 196 892 228 DISTINCT.
916 195 1020 227 XXIV.
1048 196 1145 227 PARS
1168 196 1205 226 ΙΙ.

160 268 277 298 tionem
300 266 479 306 potestatis,
501 265 573 294 licet
595 273 661 294 non
681 264 834 302 perfecte3
859 266 927 293 tum

159 321 253 351 etiam
263 344 272 358 ,
287 320 363 359 quia
376 319 453 349 ordo
471 317 628 348 concernit
642 316 874 346 distinctionem
892 316 924 345 in

160 373 302 413 partibus
314 396 324 410 ‚
343 372 424 402 sicut
438 372 468 400 et
484 378 650 400 numerus.
672 369 759 399 Unde
774 368 926 408 quemad-

160 426 292 456 modum
306 427 410 464 partes
420 422 547 453 numeri
557 422 695 461 quodam
707 421 799 452 modo
810 421 928 451 hahent

160 481 309 509 naturam
322 477 462 517 partium
474 475 718 513 integrantimn,
731 475 763 504 in
772 475 830 504 hoc
842 474 926 513 quod

159 531 254 562 simul
284 529 506 560 convenientes
531 537 586 567 per
614 528 757 557 ordinem
792 527 928 557 reddunt

158 591 330 614 numerum
345 582 518 621 perfectum
530 604 539 618 ,
555 582 591 611 ut
605 582 709 619 partes
725 580 839 609 senarii
855 588 927 609 con-

158 637 292 667 stituunt
305 635 484 671 senarium,
513 636 544 664 et
559 635 666 664 tamen
687 633 835 672 quaslibet
856 641 927 671 pars

157 691 284 722 numeri
299 692 345 720 est
360 699 514 720 numerus
527 701 533 720 :
555 689 598 719 sic
613 698 725 719 omnes
738 688 858 727 gradus
873 697 924 717 or-

157 744 263 774 dinem
284 752 386 774 unum
410 743 530 773 faciunt
551 743 785 772 sacramentum
812 741 927 780 perfec-

156 800 225 828 tum
237 822 244 835 ‚
261 799 291 827 et
302 799 410 827 tamen
424 795 555 836 quilibet
570 795 690 834 gradus
704 794 780 825 ordo
793 794 923 823 dicitur:

156 852 187 880 et
199 849 405 880 concedendae
417 851 490 879 sunt
501 848 637 878 rationes
648 847 851 878 ostendentes
867 846 926 876 hoc

157 905 389 934 sacramentum
413 912 480 932 esse
501 911 622 938 unum,
646 900 793 940 quamvis
811 900 925 939 aliqua*

156 966 219 987 non
235 956 298 986 sint
313 955 452 986 multum
468 957 628 993 cogentes.

197 1013 225 1040 1.
248 1009 296 1040 Ad
320 1009 399 1039 illud
420 1017 499 1047 ergo
522 1007 606 1047 quod
629 1006 814 1045 objicit11r1,
841 1007 925 1046 quod

156 1062 362 1101 multiplicato
378 1061 537 1097 inferiori,
561 1062 633 1097 etc„
651 1059 817 1089 dicendum
840 1059 923 1099 quod

155 1115 232 1145 illud
250 1124 364 1145 verum
386 1117 432 1145 est
447 1115 481 1144 in
505 1123 541 1144 eo
563 1113 647 1153 quod
664 1113 758 1143 habet
775 1115 921 1143 naturam

155 1169 267 1207 speciei
279 1193 286 1205 ,
306 1168 373 1198 sive
392 1167 489 1207 partis
508 1167 690 1205 subJeciivae
714 1166 816 1196 solum
834 1177 839 1196 :
858 1175 921 1196 nou

155 1221 198 1251 sic
216 1223 262 1251 est
278 1221 311 1250 in
325 1222 496 1261 proposito.

194 1277 224 1304 τ’..
239 1274 285 1304 Ad
296 1274 374 1305 illud
391 1274 475 1314 quod
489 1274 656 1314 quaeritur,
678 1276 786 1303 utrum
800 1273 923 1303 divida-

1696 198 1749 226 161

984 266 1037 293 tur
1053 264 1086 293 in
1100 265 1204 302 partes
1220 263 1404 301 integrales,
1421 265 1477 293 aut
1489 262 1694 302 subjectivas‚
1707 263 1751 292 di-

984 316 1119 345 cendum
1141 315 1227 355 quod
1250 315 1402 345 dividitur
1429 316 1460 345 in
1489 318 1592 356 partes
1613 317 1749 354 potesta-

984 369 1081 403 tivas,
1111 377 1183 408 (111ae
1219 370 1428 407 utrarumque
1462 369 1601 408 partium
1634 368 1753 398 habent

985 423 1131 451 naturam
1149 432 1155 451 2
1178 421 1263 451 unde
1286 421 1367 451 sicut
1387 421 1500 451 divisio
1521 421 1651 460 analogi
1668 423 1753 451 tenet

986 474 1126 504 medinm
1144 474 1226 504 inter
1246 474 1432 504 divisionem
1454 475 1610 513 aequivoci
1628 476 1659 505 et
1679 474 1752 504 uni-

985 527 1071 564 voci,
1096 527 1139 557 sic
1163 527 1233 556 talis
1260 527 1372 557 divisio
1398 527 1537 557 medium
1562 530 1647 557 tenet
1673 527 1755 557 inter

983 579 1174 610 divisionem
1188 580 1284 610 totius
1300 579 1497 616 universalis,
1515 582 1544 610 et
1560 580 1656 610 totius
1670 580 1751 610 inte-

983 633 1090 669 graiis.

1023 689 1051 716 3.
1068 687 1114 716 Ad
1124 686 1201 716 illud
1212 685 1297 725 quod
1311 685 1470 723 objicitur,
1482 686 1566 725 quod
1577 686 1615 716 ad
1631 686 1753 726 dispen-

983 739 1135 769 sationem
1157 738 1293 768 aliorum
1315 738 1458 775 ordinat,
1482 738 1649 768 dicendum
1669 739 1753 778 quod

983 792 1195 832 principaliter
1209 791 1333 822 ordinat
1348 791 1387 821 ad
1407 791 1674 830 dispensationem
1698 801 1751 822 sa-

982 845 1134 875 cramenti
1150 845 1258 875 altaris
1270 869 1277 882 ⁷
1294 845 1378 885 quod
1394 854 1494 875 unuin
1513 847 1568 875 est.

1022 899 1050 929 [ι.
1068 899 1116 929 Ad
1130 899 1207 929 illud
1225 899 1309 938 quod
1335 898 1482 937 objicitur
1503 898 1540 928 de
1561 898 1752 935 differentia,

982 952 1150 982 dicendum
1166 952 1250 991 quod
1266 952 1404 991 quodam
1423 952 1516 982 modo
1530 953 1576 982 est
1591 952 1752 991 specifica,

982 1005 1120 1044 quodam
1139 1004 1232 1034 modo
1247 1014 1312 1034 non
1328 1015 1334 1034 ε
1355 1014 1421 1034 una
1441 1004 1527 1034 enim
1553 1005 1671 1044 species
1690 1014 1754 1035 non

982 1059 1119 1097 disponit
1135 1060 1174 1089 ad
1190 1058 1283 1089 aliam
1297 1083 1304 1093 ‚
1318 1059 1399 1088 sicut
1415 1068 1497 1088 unus
1513 1058 1590 1089 ordo
1605 1059 1644 1089 ad
1657 1059 1754 1089 aliiim

981 1112 1118 1151 disponit
1131 1123 1138 1149 ;
1156 1114 1186 1142 et
1196 1112 1266 1142 ideo
1280 1121 1344 1141 non
1359 1114 1404 1141 est
1419 1111 1462 1141 ibi
1474 1111 1617 1151 specifica
1631 1111 1755 1142 distinc-

982 1165 1025 1194 tio
1038 1189 1045 1201 ,
1063 1165 1115 1195 sed
1131 1168 1236 1195 tamen
1254 1164 1361 1204 aliquo
1377 1165 1470 1194 inodo
1485 1165 1728 1203 distinguuntur
1745 1175 1752 1195 ι

981 1219 1057 1257 quia
1073 1220 1178 1248 lamen
1203 1218 1242 1248 ad
1263 1227 1365 1248 unum
1381 1218 1648 1257 complementum
1667 1218 1753 1247 ordi-

982 1273 1109 1309 uantur⁷
1126 1271 1195 1301 ideo
1211 1281 1314 1301 unum
1332 1274 1568 1301 sacramentum
1583 1271 1711 1301 faciunt.

856 1397 973 1433 PARS
1006 1397 1050 1432 ΙΙ.

627 1488 856 1509 DETERMINAT
884 1487 926 1507 DE
952 1487 1045 1507 IPSlS
1072 1486 1279 1508 ORDINIBUS.

197 1565 328 1597 ostiarii
343 1564 440 1597 iidem
463 1568 494 1596 et
513 1563 674 1596 Janitores
689 1567 766 1596 sunt
778 1567 805 1602 Ξ,
828 1563 885 1607 qui
902 1563 936 1594 in
951 1562 1053 1594 veteri
1069 1565 1260 1594 testamento
1277 1564 1287 1580 ³³
1303 1562 1394 1594 electi
1414 1566 1491 1594 sunt
1511 1562 1551 1594 ad
1568 1560 1749 1594 custodiam

155 1623 286 1666 templi,
316 1626 351 1654 ut
375 1632 441 1654 non
462 1621 687 1663 ingrederetur
704 1621 737 1653 in
767 1620 850 1653 illud
875 1619 1077 1652 immundus.
1102 1620 1183 1651 Dicti
1206 1624 1282 1652 sunt
1304 1623 1411 1652 autem
1434 1618 1564 1651 Ostiarii
1580 1645 1587 1659 ,
1606 1630 1643 1651 eo
1661 1619 1749 1663 quod

154 1680 287 1724 praesint
302 1679 390 1711 ostiis
407 1679 529 1723 templi.
543 1679 607 1722 Ipsi
625 1679 712 1711 enim
730 1682 874 1710 tenentes
889 1678 1027 1717 clavem,
1045 1678 1155 1709 oznnia
1171 1678 1259 1710 intus
1274 1682 1305 1709 et
1320 1682 1412 1709 extra
1426 1677 1631 1717 custodiunt;
1653 1681 1750 1720 atque

155 1737 239 1769 inter
258 1737 359 1769 bonos
374 1741 404 1768 et
419 1736 521 1769 malos
535 1736 689 1768 habentes
710 1735 873 1779 judicium
884 1762 891 1775 ‚
908 1735 1025 1777 dignos
1042 1735 1224 1778 recipiunt,
1246 1735 1399 1775 indignos
1421 1738 1591 1778 respuunt.
1613 1734 1707 1766 Unde
1722 1738 1753 1766 et

153 1795 214 1834 eis,
233 1806 307 1826 cum
327 1794 540 1834 ordinantur,
557 1794 663 1826 claves
679 1793 817 1826 ecclesiae
833 1793 954 1824 dantur
973 1793 1013 1824 ab
1033 1792 1198 1836 episcopo,
1223 1796 1253 1824 et
1272 1792 1391 1824 dicitur
1411 1792 1455 1823 eis
1470 1792 1480 1807 ⁴
1507 1804 1513 1823 :
1544 1804 1559 1822 «
1582 1792 1634 1824 Sic
1653 1791 1752 1833 agite,

154 1856 310 1896 tanquam
324 1852 484 1884 rationem
503 1851 568 1883 Deo
584 1851 744 1883 reddituri
759 1850 798 1882 de
821 1850 919 1882 rebus
931 1875 939 1889 ‚
956 1860 1031 1894 quae
1054 1850 1201 1881 clavibus
1219 1849 1288 1881 istis
1307 1850 1534 1882 recluduntur.
1556 1861 1571 1878 n
1597 1849 1665 1881 Hoc
1680 1848 1753 1881 offi-

153 1909 240 1941 cium
265 1909 423 1941 Dominus
437 1909 470 1940 in
486 1920 545 1940 sua
565 1919 703 1951 persona
719 1907 876 1950 suscepit,
893 1907 1025 1950 quando
1042 1906 1172 1949 flagello
1192 1906 1231 1938 de
1252 1906 1409 1938 funiculis
1424 1907 1506 1938 facto
1529 1906 1705 1939 vendentes
1720 1909 1751 1938 et

154 1970 297 1998 ementes
311 1966 403 2010 ejecit
412 1966 451 1997 de
467 1965 589 2009 templo
600 1964 622 1997 ⁶.
640 1966 709 2009 Ipse
724 1965 811 1997 enim
827 1976 859 1996 se
876 1964 1045 1997 ostiarium
1061 1964 1265 2007 significans,
1285 1964 1363 1996 dicit
1374 1963 1383 1978 ὃ
1399 1976 1405 1995 :
1424 1965 1495 2008 qu
1510 1975 1583 1996 sum
1597 1964 1717 1996 ostium
1741 1976 1751 1995 :

150 2035 209 2067 per
232 2035 283 2055 me
300 2024 329 2055 εἰ
346 2023 416 2067 quis
437 2023 613 2062 introierit,
637 2022 832 2061 salvabitur,
856 2027 887 2054 et
910 2021 1124 2065 inqredietur,
1142 2028 1173 2054 et
1195 2021 1388 2066 eqreclietur,
1407 2028 1438 2053 et
1451 2032 1577 2065 pascua
1593 2021 1748 2053 inveniet.

198 2080 367 2114 Secundus
386 2084 440 2117 ,est
458 2080 579 2122 gradus
608 2080 792 2112 Lectorum.
833 2079 980 2112 Lectores
1003 2091 1021 2111 a
1044 2079 1180 2122 legendo
1195 2079 1225 2119 ⁷,
1251 2079 1334 2111 sicut
1357 2079 1537 2111 Psalmistae
1565 2091 1584 2111 a
1611 2079 1751 2111 Psalmis

152 2138 321 2176 canendis,
343 2138 447 2170 vocati
466 2142 542 2170 sunt
560 2150 567 2169 t
590 2137 640 2170 illi
659 2137 747 2170 enim
767 2137 942 2181 praedicant
968 2137 1114 2181 populis,
1138 2137 1217 2181 quid
1243 2141 1424 2181 sequantur
1446 2149 1452 2168 z
1475 2136 1527 2168 isti
1547 2141 1696 2177 cantant,
1718 2141 1749 2169 et

153 2196 293 2228 excitant
307 2195 347 2228 ad
362 2196 645 2240 compunctionem
661 2195 867 2227 audientium
884 2207 890 2227 ;
909 2195 982 2227 licet
997 2194 1131 2238 quidam
1148 2194 1283 2226 iectores
1298 2194 1342 2226 ita
1358 2194 1587 2227 miserabiliter
1602 2206 1749 2238 pronun-

153 2254 250 2293 tient,
271 2258 308 2286 ut
330 2253 488 2298 quosdam
507 2254 546 2286 ad
569 2254 694 2286 luctum
714 2257 745 2285 et
766 2253 1031 2285 lamentationem
1053 2252 1260 2296 compellant.
1286 2251 1389 2284 Iidem
1410 2252 1506 2284 etiam
1523 2252 1533 2268 ⁸
1558 2252 1748 2296 pronuntia-

155 2314 238 2343 tores
252 2315 422 2351 vocantur,
449 2312 507 2355 qui
522 2322 617 2355 porro
637 2311 677 2354 (a)
705 2314 778 2342 ante
794 2310 970 2349 nuntiant;
989 2309 1068 2354 quia
1087 2313 1151 2341 tani
1171 2309 1231 2341 erit
1250 2309 1337 2341 clara
1354 2320 1468 2341 eorum
1493 2320 1557 2341 vox
1569 2335 1576 2349 ‚
1598 2314 1634 2342 ut
1648 2310 1743 2342 etiam

155 2367 251 2411 longe
265 2368 445 2412 positorum
461 2380 557 2401 aures
569 2368 756 2412 adimpleat.
774 2368 825 2400 Ad
842 2367 1007 2399 Lectoreni
1021 2371 1129 2399 autem
1146 2367 1285 2411 pertinet
1299 2367 1451 2400 lectiones
1467 2367 1680 2411 pronuntiare
1691 2393 1699 2408 ‚
1717 2373 1747 2399 et

156 2435 193 2456 ea
219 2436 290 2469 quae
304 2426 469 2470 prophetae
492 2426 771 2465 vaticinaverunt,
792 2425 921 2469 populis
937 2425 1128 2469 preedicare3
1144 2429 1180 2457 ut
1191 2424 1260 2468 jam
1279 2436 1318 2457 ex
1333 2424 1441 2456 officio
1462 2425 1496 2457 in
1510 2425 1641 2457 ecclesia
1660 2425 1743 2467 legal

190 2511 194 2522 ¹
212 2510 244 2532 Ex
260 2510 354 2539 lsayoy.
377 2510 516 2541 Porphyrii.
538 2524 559 2525 j
578 2512 586 2523 '¹
601 2510 668 2540 isid,
691 2510 720 2533 cle
736 2510 825 2534 Ecrles.
844 2510 953 2540 (fissia-miv,
970 2510 1011 2532 lit».
1036 2511 1065 2538 ΙΙ,
1087 2511 1111 2532 κει
1130 2509 1236 2532 liabetur
1251 2509 1307 2532 dist.
1325 2515 1378 2539 xxi,
1395 2517 1417 2532 c.
1435 2509 1529 2533 Oleros.
1542 2523 1572 2527 —
1588 2510 1597 2525 ³
1615 2510 1632 2532 ΙΙ
1651 2509 1745 2534 l'zmtl.v

157 2550 234 2572 mni,
246 2545 321 2567 19.—
335 2545 344 2560 δ
356 2545 427 2569 Cone.
442 2546 530 2569 Carth.
545 2546 587 2575 IV,
605 2552 645 2568 an.
662 2548 715 2575 398,
732 2552 787 2569 can.
806 2548 829 2575 Η,
845 2548 868 2568 el
886 2545 1001 2568 hahetur.
1018 2544 1066 2567 dist
1091 2550 1166 2573 xxiii,
1183 2545 1342 2567 «setim-ius.
1353 2558 1382 2562 —
1393 2545 1492 2573 Mean„
1510 2551 1536 2574 n,
1553 2546 1633 2568 r1.²3.—
1645 2548 1653 2558 ⁶
1665 2546 1746 2571 doun„

158 2585 182 2609 x,
194 2581 215 2603 9.
228 2592 257 2596 —
269 2579 279 2595 ⁷
297 2579 364 2610 1sid.‚
377 2581 495 2611 Etymol„
514 2580 556 2604 lib.
573 2581 603 2610 ll,
621 2587 644 2603 c.
661 2587 679 2609 1,
695 2584 719 2603 et
732 2580 846 2607 habetur.
861 2580 918 2603 dist.
936 2585 990 2607 xxi,
1006 2588 1029 2602 c.
1044 2579 1178 2603 Cle1·os.-
1193 2579 1259 2609 ⁸141„
1276 2580 1356 2610 Epist.
1371 2580 1404 2603 acl
1419 2580 1587 2609 Limisa-edum,
1605 2579 1646 2602 lib.
1665 2581 1705 2609 lv,
1722 2582 1745 2602 et

157 2614 273 2645 hahetur,
288 2614 345 2638 dist.
361 2621 424 2645 XXV,
437 2623 460 2639 e.
476 2616 606 2639 Per-lectis,

190 2664 221 2693 (a)
238 2662 306 2686 Edu.
327 2663 379 2687 tat.
395 2665 418 2686 et
437 2664 492 2688 Ven.
508 2664 614 2695 populm

277 2716 350 2738 Tou.
375 2716 417 2738 Vl.
1550 2717 1554 2719 ⁴
1594 2712 1626 2739 11

1772 1585 1800 1605 De
1809 1585 1875 1606 Ostia<

1771 1617 1815 1636 riis.

1774 2109 1802 2128 De
1825 2108 1875 2128 Lec-

1773 2139 1860 2160 toribus.
