1991 3006
26 1089 128 1110 Fundam.

34 2095 65 2115 Ad
85 2101 136 2121 opp.

423 209 519 241 DIST.
544 209 645 242 XLIX.
669 210 785 241 PART.
809 209 846 239 Il.
870 207 961 238 ART.
984 207 1007 237 Ι.
1032 205 1137 238 SECT.
1160 206 1213 237 111.
1237 204 1387 243 QUAEST.
1412 204 1450 236 ΙΙ.

143 277 245 307 riosus
265 286 330 307 non
345 277 524 317 perficiens,
543 277 618 317 quia
631 277 765 308 interius
786 275 907 316 pertici-

143 331 216 366 tur3
238 339 300 360 non
324 338 529 367 conservanS,
563 331 636 369 quia
664 327 910 369 incorruptibilis

144 385 191 412 est
207 393 213 412 ε
227 385 257 412 et
273 383 343 413 talis
356 392 420 413 non
435 383 576 413 tristatur
596 383 628 413 in
646 382 801 413 contrario
812 405 820 419 ,
836 380 911 420 quia

144 444 207 466 non
222 435 348 466 laeditur
373 436 407 466 in
428 436 584 473 absentia,
608 436 682 475 quia
700 444 763 465 non
778 434 912 464 efficitur

145 489 357 528 imperfectus.
375 489 464 526 Quod
484 490 587 529 primo
610 489 704 520 modo
723 488 910 523 delectatur,

144 542 286 572 tristatur
316 543 481 582 dupliciter
500 554 507 579 ;
544 543 629 582 quod
660 541 808 579 secundo,
848 549 912 570 uno

145 595 250 625 modo.

187 651 214 679 3.
234 648 347 679 Ultima
366 649 446 679 ratio
464 649 662 679 concedenda
685 650 747 685 est,
769 647 853 687 quod
869 647 912 676 illi

146 710 257 731 sensus
281 701 334 740 qui
354 703 426 731 sunt
443 709 498 740 per
521 701 746 740 indigentiam,
765 709 829 730 non
845 708 911 729 ma-

145 754 265 784 nebunt
279 754 311 783 in
327 754 393 784 suis
407 754 531 784 actibus
550 765 555 784 :
581 757 611 785 et
633 754 675 784 sic
696 756 779 794 patet
799 755 911 783 totum.

418 871 594 909 QUAESTIO
618 871 654 901 ll.

149 952 193 979 An
212 960 301 979 sensus
319 953 464 986 glorificati
484 953 512 978 in
539 960 584 978 suo
610 955 672 978 actu
696 953 849 986 cognoscant
868 959 916 985 per

367 997 541 1030 receptionem
556 997 653 1030 speciei
669 997 688 1021 ¹.

187 1074 299 1105 Utrum
321 1075 365 1105 illi
387 1083 517 1112 sensus,
539 1075 594 1114 qui
615 1077 689 1104 sunt
711 1075 743 1104 in
758 1083 815 1105 suo
830 1076 914 1111 actu,

145 1130 336 1166 cognoscant
350 1136 405 1167 per
416 1128 625 1166 receptionem
637 1127 749 1166 speciei
762 1138 768 1164 ;
786 1129 816 1157 et
832 1127 916 1166 quod

144 1180 199 1218 sic,
216 1180 341 1211 videtur
358 1189 365 1210 :
383 1180 459 1219 quia
474 1180 576 1211 omnis
591 1180 729 1219 cognitio
744 1182 790 1210 est
812 1182 917 1210 motus

144 1233 183 1264 ad
197 1234 359 1264 animam:
386 1234 440 1264 sed
462 1234 565 1263 omnis
587 1236 692 1264 motus
714 1233 753 1263 ad
776 1234 915 1263 animam

145 1288 192 1316 est
205 1286 238 1316 in
252 1285 371 1325 aliquid
386 1287 563 1326 recipiendo
577 1298 582 1317 z
598 1296 693 1325 ergo,
710 1289 769 1317 etc.

186 1339 264 1369 Item
279 1339 383 1369 omnis
398 1339 539 1378 cognitio
550 1341 597 1369 est
608 1349 663 1379 per
676 1339 827 1370 unionem
838 1348 917 1377 cog-

145 1392 304 1422 noscibilis
320 1401 394 1422 cum
409 1394 619 1431 cognoscente
637 1403 642 1423 :
656 1393 708 1422 sed
725 1402 836 1422 sensus
852 1392 917 1431 glo-

147 1445 253 1475 riosus
266 1444 384 1484 aliquid
403 1445 582 1484 cognoscit,
600 1446 650 1475 cui
667 1455 731 1475 non
743 1446 854 1475 unitur
868 1454 916 1475 se-

147 1497 289 1528 cundum
313 1498 474 1528 veritatem
489 1522 496 1535 ,
519 1500 548 1528 et
567 1499 615 1537 cuj
623 1507 658 1528 us
674 1507 738 1528 non
752 1498 848 1529 habet
863 1507 919 1538 per

146 1552 293 1580 naturam
318 1551 455 1590 speciem
479 1560 486 1581 :
513 1560 592 1590 ergo
615 1551 709 1581 habet
736 1551 821 1581 uniri
851 1561 917 1582 me-

146 1603 251 1634 diante
267 1604 369 1643 specie
387 1606 521 1643 recepta.

189 1657 280 1695 Item,
299 1659 417 1697 quanto
437 1658 601 1698 speculum
623 1660 669 1688 est
683 1658 797 1688 clarius
813 1660 842 1688 et
858 1668 916 1698 pu-

147 1710 224 1747 rius,
242 1712 328 1740 tanto
350 1712 397 1740 est
418 1710 457 1741 ad
480 1711 696 1750 recipiendum
721 1711 824 1750 magis
850 1712 916 1742 ido-

146 1772 243 1794 neum
266 1774 272 1792 :
300 1763 353 1793 sed
377 1772 530 1794 sensuum
556 1764 769 1802 gloriosorum
795 1774 919 1804 organa

146 1818 219 1847 sunt
234 1817 415 1856 purissima,
433 1819 463 1847 et
477 1817 634 1848 denudata
651 1827 670 1847 a
688 1818 798 1848 formis
817 1819 919 1858 objec-

145 1871 252 1907 torum
268 1880 274 1899 :
293 1878 383 1909 ergo,
399 1871 456 1900 etc.

188 1922 265 1953 Item
288 1923 362 1953 ordo
385 1923 537 1953 naturalis
559 1925 605 1954 est
629 1925 663 1953 ut
686 1924 844 1963 objectum
867 1924 919 1954 in—

149 1976 228 2006 fluat
249 1976 282 2005 in
298 1985 456 2014 organum
473 1987 479 2005 :
507 1976 557 2006 sed
582 1978 695 2006 natura
712 1986 776 2007 non
792 1978 920 2008 tolletur

150 2036 206 2067 per
221 2028 357 2066 gloriam
372 2037 379 2058 :
397 2038 477 2068 ergo
489 2038 648 2068 organum
665 2029 804 2069 recipiet.

193 2081 306 2112 Contra
323 2093 328 2112 :
349 2085 376 2112 1.
400 2091 455 2121 per
472 2083 704 2121 Augustinuin,
722 2083 754 2113 in
777 2083 918 2122 Musica,

153 2137 184 2165 et
196 2137 242 2165 est
254 2135 424 2174 propositio
434 2144 489 2174 per
504 2144 536 2165 se
547 2137 622 2165 nota
632 2136 642 2151 ²
656 2144 663 2165 :
682 2135 806 2167 «Minus
816 2137 920 2167 nobile

152 2197 217 2219 non
232 2189 301 2227 agit
322 2188 355 2218 in
377 2189 479 2227 magis
501 2188 615 2219 nobile.
632 2200 646 2217 »
664 2188 723 2219 Sed
743 2190 827 2228 quod
840 2191 919 2220 reci-

153 2241 199 2280 pit
212 2241 251 2270 ab
266 2240 343 2278 alio,
361 2241 477 2280 patitur
496 2241 535 2271 ab
556 2241 608 2271 illo
627 2252 633 2272 z
657 2251 734 2280 ergo
754 2242 841 2272 visus
857 2252 920 2273 non

153 2294 267 2333 poterit
284 2293 423 2333 recipere
446 2303 463 2324 a
487 2294 673 2333 corporibus
697 2295 918 2334 inferioribuS,

153 2356 226 2378 cum
236 2356 397 2386 organum
412 2349 482 2386 ejus
497 2348 536 2377 sit
552 2348 798 2379 nobilissimum.

192 2403 220 2431 2.
243 2400 320 2431 Item
341 2400 424 2431 orbis
441 2401 563 2440 primus
580 2410 644 2431 non
660 2401 768 2441 recipit
782 2403 921 2441 peregri-

153 2463 226 2484 nam
242 2453 494 2492 impressionem,
513 2456 638 2494 propter
653 2455 703 2485 sui
723 2455 920 2486 nobilitatem

152 2509 183 2537 et
197 2506 465 2545 incorruptionem
488 2518 493 2537 :
510 2515 587 2546 ergo
603 2507 629 2537 si
644 2507 754 2538 oculus
768 2511 814 2539 est
829 2509 921 2539 nobi-

152 2559 226 2598 lior,
238 2562 334 2599 patet,
350 2561 408 2590 etc.

186 2641 191 2655 ¹
207 2640 245 2669 Cf.
262 2639 348 2670 Steph.
367 2638 469 2670 Brules„
486 2640 516 2663 lV
530 2640 608 2667 Sent„
625 2640 682 2663 dist.
700 2647 771 2671 xLix,
783 2648 808 2672 q.
822 2648 879 2666 x111.
891 2655 921 2660 ——

154 2676 162 2689 ²
184 2676 256 2707 Aug„
273 2675 302 2698 de
319 2674 417 2705 Music„
431 2675 474 2699 nb.
494 2675 535 2705 Vl,
552 2682 574 2700 e.
594 2681 616 2699 v.
633 2688 663 2694 -
679 2676 690 2692 Β
707 2676 755 2708 1d.,
773 2677 802 2701 cle
819 2678 920 2709 Trinit,¹

1675 206 1730 236 587

1006 276 1036 304 3.
1055 273 1132 304 Item
1143 297 1151 311 ,
1167 273 1192 303 si
1207 275 1255 303 est
1269 273 1311 303 ibi
1327 272 1461 311 receptio
1483 272 1521 302 de
1535 280 1635 309 novo,
1661 280 1733 302 cum

968 336 1029 357 non
1048 328 1086 365 (a)
1103 326 1143 356 sit
1166 326 1303 365 receptio
1326 325 1443 355 faciens
1463 334 1529 355 esse
1550 333 1679 354 sensum
1701 324 1734 354 in

968 383 1038 411 actu
1054 380 1115 409 nisi
1136 379 1216 409 adsit
1233 378 1389 418 judicium
1404 402 1410 414 ‚
1426 386 1504 416 ergo
1525 379 1571 407 est
1593 377 1634 407 ibi
1647 377 1734 417 judi-

968 433 1075 463 cium:
1102 441 1180 470 ergo
1204 431 1355 470 cogitatio
1380 431 1495 461 anima}
1517 441 1523 461 :
1550 440 1629 470 ergo
1653 441 1736 462 nova

968 487 1115 526 cogitatio
1130 486 1245 516 animae
1259 509 1266 521 ,
1290 488 1320 515 et
1342 486 1384 515 ita
1406 485 1559 515 volubiles
1577 486 1737 524 cogitatio-

968 550 1024 570 nes
1042 551 1048 570 :
1066 539 1151 579 quod
1165 541 1211 569 est
1225 541 1333 568 contra
1347 538 1567 577 Augustinum
1583 539 1602 568 ³.

1009 596 1038 623 4.
1072 593 1148 622 Item
1182 592 1438 622 immutationem
1468 594 1499 622 et
1527 592 1738 631 receptionem

970 646 1138 676 animalem
1167 644 1319 675 antecedit
1354 644 1533 674 immutatio
1560 645 1736 675 naturalis:

971 698 1023 728 sed
1047 707 1160 738 corpus
1183 697 1397 736 glorificatum
1420 699 1450 727 et
1473 698 1541 736 ejus
1565 706 1736 736 organum,

971 761 1044 782 cum
1059 753 1098 782 sit
1118 751 1371 790 incorruptibile,
1388 759 1452 780 non
1466 751 1594 790 recipiet
1609 753 1737 781 natura-

970 805 1033 836 lem
1049 806 1301 836 immutationem
1316 815 1322 835 :
1340 813 1431 843 ergo,
1446 807 1504 835 etc.

1244 921 1468 953 CONCLUSIO.

972 1004 1066 1030 Sensus
1086 1004 1233 1037 qlorificatz'
1254 1005 1401 1029 exercentes
1422 1010 1481 1029 suos
1501 1005 1575 1029 actus
1589 1006 1742 1037 coqnoscent

1101 1055 1150 1082 per
1164 1048 1335 1081 receptionem
1350 1047 1447 1081 speciei
1460 1047 1607 1074 sensibilis.

1014 1127 1104 1165 Resp.
1128 1126 1167 1156 ad
1192 1135 1264 1165 arg.
1293 1126 1340 1156 Ad
1369 1126 1606 1163 hoodixerunt
1631 1126 1741 1166 aliqui,
1758 1133 1819 1157 om¹
1844 1136 1862 1153 ι.

973 1180 1057 1219 quod
1085 1189 1148 1210 non
1172 1182 1217 1210 est
1240 1180 1375 1218 recepti0
1398 1180 1437 1209 ab
1465 1179 1658 1216 extrinsec03
1690 1179 1743 1210 sed

973 1234 1079 1264 anima
1099 1233 1259 1270 omnium,
1287 1241 1358 1272 quae
1384 1232 1454 1262 vult
1474 1232 1599 1269 videre,
1626 1233 1743 1272 species

973 1287 1044 1317 facit
1059 1287 1091 1316 in
1105 1286 1211 1322 oculo,
1234 1287 1264 1316 et
1290 1285 1391 1323 videt,
1413 1285 1488 1325 quia
1502 1287 1577 1315 tunc
1591 1285 1668 1316 ordo
1684 1286 1744 1316 erit

973 1340 1198 1375 commutatus,
1217 1339 1291 1377 quia
1303 1347 1366 1368 non
1386 1338 1445 1368 erit
1459 1338 1597 1377 receptio
1613 1339 1744 1369 veniens

973 1393 1013 1423 ab
1029 1392 1180 1430 inferiori,
1198 1392 1251 1422 sed
1262 1401 1279 1422 a
1290 1391 1456 1431 superiori.
1471 1390 1531 1421 Sed
1547 1391 1615 1421 haec
1630 1391 1744 1422 soluti0

974 1456 1037 1477 non
1063 1448 1163 1485 potest
1190 1448 1271 1475 stare
1298 1456 1304 1474 :
1333 1445 1473 1484 primum
1501 1444 1644 1483 quidem,
1671 1445 1744 1484 quia
1761 1452 1856 1478 improb.

974 1502 1206 1539 perverteretur
1225 1500 1320 1535 ordo,
1339 1508 1411 1529 cum
1434 1499 1551 1538 species
1573 1498 1745 1538 spiritualis

974 1554 1063 1583 fieret
1083 1553 1269 1592 corporaliS,
1287 1553 1459 1592 perfectum
1475 1553 1564 1582 fieret
1584 1552 1748 1591 imperfec-

974 1609 1041 1636 tum
1055 1616 1062 1643 3
1085 1606 1237 1643 secundo,
1255 1607 1330 1645 quia
1344 1606 1388 1636 ita
1404 1606 1525 1636 videret
1539 1605 1696 1643 absentia,
1711 1607 1748 1636 ut

974 1659 1159 1698 praesentia,
1180 1659 1223 1689 ita
1243 1658 1342 1689 oculis
1363 1658 1492 1694 clausis,
1515 1658 1595 1688 sicut
1617 1659 1744 1698 apertis..

975 1712 1118 1743 Secunda
1139 1711 1251 1751 positio
1275 1714 1331 1749 est,
1357 1712 1441 1751 quod
1467 1714 1514 1742 est
1539 1721 1667 1750 sensus3
1693 1712 1746 1742 sed
1762 1724 1825 1747 epm.
1846 1722 1866 1743 ε.

974 1774 1037 1795 non
1053 1768 1099 1795 est
1113 1765 1198 1794 intus
1212 1764 1425 1804 suscipiendo,
1444 1764 1495 1794 sed
1511 1766 1600 1794 extra
1618 1765 1745 1795 mitten-

974 1818 1014 1848 do
1027 1818 1190 1855 virtutem,
1206 1818 1280 1857 quia
1297 1826 1358 1847 non
1379 1817 1527 1857 recipiet„
1549 1817 1602 1848 sed
1622 1817 1744 1848 influet.

975 1871 1033 1902 Sed
1051 1871 1110 1901 ista
1126 1871 1237 1910 positio
1254 1870 1357 1900 adhuc
1373 1880 1434 1901 non
1453 1872 1553 1910 potest
1568 1873 1661 1908 stare,
1674 1873 1745 1900 tum
1764 1879 1858 1906 {nupt-oh.

975 1933 1047 1954 cum
1064 1925 1203 1963 cognitio
1219 1924 1257 1954 sit
1271 1924 1303 1954 in
1319 1924 1447 1961 unione,
1460 1925 1528 1954 tum
1539 1933 1611 1954 cum
1623 1933 1745 1962 organa

975 1978 1036 2007 sint
1051 1977 1190 2007 maxime
1204 1977 1322 2007 habilia
1342 1977 1380 2007 ad
1395 1977 1623 2016 recipiendum.
1642 1976 1746 2007 Tertia
1760 1985 1822 2011 omn.
1846 1986 1865 2006 s.

975 2031 1087 2070 positio
1102 2033 1157 2068 est,
1180 2030 1262 2070 quod
1287 2038 1398 2060 sensus
1419 2029 1586 2068 glorificati
1609 2038 1744 2069 cognosu

975 2087 1051 2115 cunt
1069 2083 1246 2124 recipiendo
1270 2083 1404 2122 speciem
1426 2083 1466 2113 ab
1490 2084 1556 2122 ipso
1578 2082 1718 2113 sensibili
1737 2093 1743 2113 :

976 2139 1007 2168 et
1016 2137 1221 2167 concedendae
1237 2139 1311 2166 sunt
1327 2137 1464 2166 rationes
1481 2136 1518 2165 ad
1535 2136 1603 2165 boc.

1018 2193 1045 2220 1.
1064 2190 1111 2220 Ad
1135 2190 1211 2220 illud
1236 2190 1319 2229 quod
1346 2190 1507 2228 objicitur,
1532 2188 1617 2228 quod
1640 2188 1748 2219 minus

976 2243 1091 2280 nobile,
1108 2245 1186 2280 etc.;
1207 2243 1266 2272 dici
1286 2245 1386 2282 potest
1403 2244 1412 2260 ⁸
1436 2242 1520 2281 quod
1543 2251 1607 2272 non
1627 2244 1749 2281 oportet

976 2297 1060 2337 quod
1074 2297 1234 2335 objectum
1258 2296 1297 2326 sit
1317 2295 1454 2325 nobilius
1474 2304 1597 2334 organo
1614 2294 1647 2324 in
1664 2294 1748 2334 quod

977 2350 1046 2388 agit
1060 2349 1256 2388 simpliciter,
1273 2349 1327 2379 sed
1343 2348 1520 2379 secundum
1535 2347 1622 2388 qnid,
1641 2348 1675 2378 in
1690 2347 1749 2377 hoc

976 2404 1091 2433 scilicet
1106 2403 1189 2442 quod
1205 2403 1299 2433 babet
1317 2402 1451 2441 speciem
1468 2413 1474 2439 3
1500 2403 1530 2431 et
1553 2400 1631 2431 illud
1655 2402 1701 2430 est
1717 2400 1749 2429 in

977 2456 1122 2493 videndo,
1147 2459 1178 2486 et
1202 2456 1262 2485 hoc
1285 2455 1419 2485 sufficiet
1442 2455 1480 2484 ad
1504 2453 1676 2492 agendum.
1692 2451 1747 2482 Vel

976 2509 1065 2540 aliter
1080 2509 1259 2545 dicendum,
1273 2507 1358 2548 quod
1368 2507 1474 2537 minus
1485 2506 1589 2537 nobile
1603 2514 1667 2535 non
1679 2502 1748 2543 agit

977 2595 1018 2618 lib.
1044 2594 1096 2623 XV,
1119 2600 1141 2617 c.
1163 2599 1214 2623 xvi,
1235 2600 1260 2617 n.
1282 2594 1320 2617 25.
1339 2606 1363 2609 —-
1391 2593 1398 2607 ⁴
1419 2592 1504 2621 Arist„
1523 2591 1552 2614 tle
1571 2590 1646 2618 Coelo,
1665 2589 1698 2613 lib
1729 2590 1746 2614 Ι.

975 2632 1043 2654 cont.
1059 2632 1103 2660 663
1118 2630 1177 2653 item
1191 2628 1220 2652 de
1234 2629 1350 2653 Generat.

1006 2680 1038 2709 (α)
1053 2679 1113 2702 Coet.
1127 2678 1188 2702 edic.
1199 2679 1279 2703 omitt.
1295 2685 1357 2702 non.
