1991 3006
99 923 206 949 Anmajnr

97 953 122 972 sit
139 953 204 972 benti-

124 984 177 1003 tua..

106 1015 194 1035 Sancto-

98 1052 142 1065 ium
157 1053 182 1070 pu
197 1048 201 1064 t

120 1076 175 1101 judi-

119 1107 182 1127 cium.

223 238 281 266 578

223 301 306 333 ultra
329 301 491 342 proficere,
508 301 539 329 et
558 300 725 329 contentus
744 302 790 328 est
810 298 940 327 omnino
955 304 992 324 eo

222 358 316 393 statu,
333 363 429 393 quem
446 353 551 383 habet.

262 413 290 440 4.
317 409 362 439 Ad
383 407 459 438 illud
476 406 559 446 quod
581 406 740 444 objicitur,
757 404 842 444 quod
867 405 991 433 tantum

222 462 339 501 gaudet
359 461 396 491 de
418 461 499 490 bono
523 459 677 499 proximi‚
695 460 851 498 quantum
867 456 904 485 de
922 464 990 492 suo,

220 515 387 546 dicendum
411 513 495 553 quod
520 521 633 543 verum
660 515 708 542 est
733 522 738 540 :
768 510 851 541 unde
882 508 993 539 Petrus

780 226 1087 262 SENTENTIARUM
1109 228 1183 259 LlB.
1208 227 1257 259 [V.

1047 296 1100 325 sed
1115 304 1154 325 ex
1176 295 1235 325 hoc
1250 303 1314 325 non
1328 295 1472 334 sequitur
1486 295 1569 335 quod
1589 297 1713 326 tantum
1734 305 1817 336 gau-

1046 348 1127 385 deat,
1145 350 1300 386 quantum
1316 348 1340 377 si
1356 348 1486 378 haberet
1501 348 1594 386 illud,
1613 349 1688 388 quia
1710 350 1735 380 si
1760 350 1817 381 ha-

1047 400 1131 430 beret
1148 401 1223 430 illud
1239 402 1368 437 donum,
1387 401 1516 431 liaberet
1537 403 1691 440 majorem
1712 403 1815 433 ehari-

1047 456 1160 491 tatem,
1185 456 1214 483 et
1246 456 1430 493 potestatem
1462 454 1615 484 intensius
1642 456 1814 494 gaudendi.

1048 506 1126 537 llinc
1141 507 1215 537 satis
1231 508 1338 546 patent
1353 516 1400 544 ea,
1415 516 1487 546 quae
1504 510 1633 547 possent
1653 508 1714 538 dit-i
1734 509 1817 540 circa

219 569 289 608 plus
305 568 423 607 gaudet
437 567 475 597 de
486 567 571 597 bono
587 565 667 601 Lini,
680 573 777 604 quam
788 564 854 602 ipse
866 562 964 592 Linus
984 571 990 591 :
1047 560 1195 590 litteram.

926 701 1037 738 PARS
1067 701 1109 737 ΙΙ.

510 805 704 828 DETERMINAT
724 801 956 829 BEATlTumNEm,
980 801 1017 821 ET
1036 800 1167 821 GLORIAM
1190 799 1229 820 EX
1252 799 1347 820 PARTE
1368 799 1522 822 CORPORIS.

270 899 329 932 His
344 898 421 931 visis
436 896 541 941 quaeri
557 895 638 927 solet
659 905 700 926 an
716 891 884 925 beatitudo
901 894 1089 923 sanctorum
1115 889 1218 933 major
1240 889 1281 920 sit
1303 888 1415 921 futura
1438 893 1507 933 post
1525 889 1688 933 judicium
1712 901 1812 935 quam

224 957 370 990 interim.
390 956 469 988 Sine
490 953 578 987 omni
595 951 750 995 scrupulo
768 949 968 982 credendum
992 951 1039 980 est
1059 958 1113 979 eos
1134 946 1303 979 habituros
1318 946 1473 990 majorem
1489 947 1627 990 gloriam
1644 948 1814 993 postjudi-

222 1016 330 1055 cium,
351 1025 450 1058 quam
471 1016 546 1045 ante
566 1023 572 1042 t
590 1010 669 1054 quia
689 1013 720 1040 et
744 1007 850 1051 majus
865 1006 927 1039 erit
948 1005 1107 1047 gaudium
1129 1015 1261 1045 eorum,
1288 1008 1325 1036 ut
1347 1015 1445 1048 supra
1469 1008 1603 1038 testatus
1622 1009 1669 1038 est
1683 1006 1814 1049 Augus-

221 1074 329 1113 tinus,
350 1076 381 1103 et
395 1070 535 1114 amplior
554 1067 615 1100 orit
630 1077 743 1099 eorum
758 1064 913 1108 cognitio.
931 1062 1025 1095 Unde
1042 1063 1263 1105 Hieronymus
1280 1070 1287 1083 ¹
1308 1074 1314 1093 z
1339 1076 1354 1093 «
1371 1062 1505 1095 Peracto
1524 1063 1650 1107 judicio
1675 1063 1813 1108 amplio-

221 1142 289 1163 rem
311 1129 449 1171 gloriam
473 1138 540 1159 sua}
557 1124 723 1158 charitatis
737 1123 824 1155 Deus
840 1120 1073 1154 demonstrabit
1091 1120 1240 1152 electis.»
1263 1120 1296 1151 Si
1312 1131 1411 1163 quem
1434 1124 1542 1152 movet
1563 1121 1643 1165 quid
1667 1132 1748 1166 opus
1772 1121 1814 1154 sit

219 1187 388 1231 spiritibus
403 1185 632 1218 defunctorum
649 1192 785 1225 corpora
801 1191 859 1211 sua
875 1179 908 1211 in
925 1177 1162 1211 resurrectione
1185 1178 1325 1220 recipere
1340 1203 1347 1217 ‚
1365 1178 1391 1209 si
1416 1177 1461 1210 eis
1481 1182 1586 1222 potest
1609 1179 1679 1211 siue
1700 1190 1813 1223 corpo-

219 1245 310 1277 ribus
322 1255 451 1276 summa
466 1241 633 1275 beatitudo
656 1238 792 1283 praeberi
812 1250 818 1269 z
836 1236 981 1269 difficilis
995 1235 1131 1279 quaestio
1147 1239 1212 1275 est,
1234 1246 1290 1266 nec
1313 1239 1416 1278 potest
1431 1246 1449 1267 a
1463 1235 1558 1268 nobis
1572 1236 1711 1279 perfecte
1726 1235 1813 1268 diffi-

219 1303 295 1335 niri.
314 1302 376 1334 Sed
393 1305 500 1333 tamen
516 1299 657 1331 dubium
674 1308 739 1329 nou
761 1299 807 1327 est
822 1321 829 1334 ,
847 1299 878 1327 et
896 1298 1022 1337 raptam
1039 1304 1057 1324 a
1072 1292 1179 1324 carnis
1193 1292 1342 1324 sensibus
1358 1292 1498 1325 hominis
1514 1298 1655 1326 mentem
1668 1320 1677 1334 ‚
1696 1297 1727 1326 et
1741 1297 1814 1338 post

220 1364 357 1393 mortem
374 1360 442 1403 ipsa
456 1369 553 1390 carne
574 1355 721 1400 deposita
739 1365 806 1386 non
828 1352 872 1384 sic
887 1351 998 1384 videre
1015 1362 1105 1395 posse
1121 1349 1424 1382 incommutabilem
1439 1350 1655 1383 substantiam
1671 1377 1680 1392 ‚
1696 1351 1730 1384 id
1745 1355 1810 1394 est,

221 1418 343 1459 Deum,
361 1417 444 1448 sicut
458 1414 561 1448 sancti
577 1413 688 1455 angeli
706 1411 819 1444 vident
832 1437 839 1450 ‚
856 1410 924 1441 sive
947 1409 1011 1441 alia
1032 1408 1196 1440 latentiori
1217 1419 1314 1440 causa
1327 1434 1335 1447 ‚
1352 1408 1420 1440 sive
1435 1408 1507 1441 ideo
1522 1409 1601 1453 qnia
1614 1409 1698 1442 inest
1712 1410 1741 1442 ei
1756 1421 1813 1443 na-

221 1475 336 1508 turalis
351 1473 485 1518 quidam
509 1472 672 1516 appetitus
692 1480 809 1513 corpus
824 1466 1075 1500 administrandi
1090 1492 1097 1505 ‚
1115 1477 1181 1509 quo
1197 1465 1382 1498 retardatur
1395 1466 1538 1510 quodam
1557 1467 1652 1500 modo
1666 1493 1674 1508 ,
1692 1479 1733 1500 ne
1746 1471 1814 1500 tota

220 1533 399 1566 intentione
422 1535 535 1575 pergat
556 1530 589 1561 in
614 1528 697 1561 illud
715 1537 882 1559 summum
906 1525 1025 1557 coelum
1039 1550 1047 1565 ‚
1064 1523 1166 1556 donec
1183 1523 1238 1555 ille
1255 1523 1417 1566 appetitus
1432 1524 1650 1567 conquiescat.
1668 1525 1770 1558 Porro
1786 1525 1813 1557 si

221 1591 284 1623 tale
298 1591 339 1622 sit
358 1601 491 1633 corpus,
508 1588 603 1630 cujus
624 1586 667 1617 sit
687 1584 831 1617 difficilis
855 1587 886 1615 ct
910 1582 1021 1625 gravis
1044 1580 1304 1621 administratio,
1328 1581 1410 1612 sicut
1431 1580 1498 1613 haec
1515 1592 1610 1623 caro,
1629 1593 1702 1626 quoe
1716 1586 1726 1602 ¹
1743 1593 1813 1615 cor-

220 1648 387 1692 rumpitur
396 1659 409 1686 ;
424 1646 528 1678 multo
544 1644 647 1687 magis
662 1642 822 1675 avertitur
843 1651 934 1672 mens
953 1639 993 1671 ab
1016 1639 1073 1670 illa
1089 1638 1214 1671 visione
1239 1639 1360 1670 summi
1381 1639 1466 1672 coeli.
1493 1639 1634 1672 Proinde
1654 1651 1729 1672 cum
1753 1640 1813 1673 hoc

221 1718 338 1750 corpus
358 1705 426 1749 jam
452 1715 517 1735 non
543 1701 685 1735 animale
697 1725 705 1740 ,
721 1699 776 1731 sed
801 1697 970 1742 spirituale
998 1696 1154 1739 receperit
1171 1722 1179 1736 ‚
1196 1700 1325 1739 aequata
1340 1697 1465 1738 angelis
1483 1696 1614 1729 habebit
1632 1697 1812 1742 perfectum

222 1769 350 1797 naturae
367 1773 433 1795 suae
449 1760 582 1793 modum
598 1786 605 1800 ,
623 1758 776 1791 obediens
799 1761 830 1788 et
845 1757 1030 1799 imperans,
1048 1753 1234 1795 vivificata,
1253 1757 1284 1785 et
1299 1753 1481 1794 vivificans,
1501 1758 1565 1787 tam
1588 1755 1747 1788 ineffabili
1766 1755 1812 1789 fa-

223 1822 360 1863 cilitate,
386 1825 422 1853 ut
436 1819 476 1851 sit
491 1819 521 1851 ei
536 1817 649 1861 gloriae
661 1843 669 1856 ‚
688 1815 775 1860 quod
792 1814 854 1847 fuit
869 1812 1014 1845 sarcinae.

408 1944 614 1977 EXPOSlTlO
637 1942 802 1974 TEXTUS.
1049 1939 1164 1970 animae
1191 1940 1308 1977 beatae,
1330 1940 1446 1970 scilicet
1471 1941 1646 1980 spirituale,
1663 1951 1727 1973 non
1747 1943 1818 1974 ani-

1051 1992 1142 2030 male,
1168 1995 1198 2023 et
1220 1992 1281 2023 hoc
1302 1993 1375 2023 facit
1394 1993 1437 2023 ibi
1458 2003 1465 2024 :
1489 1994 1629 2026 Proinde
1653 1995 1739 2034 quod
1761 1996 1817 2028 hoc

220 2032 278 2056 Post
297 2031 352 2054 haec
368 2030 447 2061 quaeri
466 2029 548 2058 solet,
566 2027 586 2051 si
608 2026 738 2050 beatitudo
756 2025 925 2053 Sanctorum,
943 2024 990 2045 ete.
1183 2045 1188 2051 ⁸

1049 2053 1161 2085 corpus
1171 2054 1242 2084 jam
1257 2054 1321 2078 non
1336 2047 1487 2078 animale.

262 2110 366 2150 Supra
380 2109 446 2148 egit
464 2106 616 2145 Magister
632 2105 669 2135 de
687 2103 789 2143 gloria
804 2102 942 2141 spiritus,
959 2101 992 2130 in

221 2175 285 2205 qua
299 2163 440 2194 consistit
453 2161 556 2201 prima
572 2159 669 2195 stola3
685 2158 735 2187 hic
747 2157 815 2196 agit
829 2156 867 2186 de
889 2155 992 2194 gloria

222 2217 377 2257 corporiS,
394 2216 505 2253 inqua
519 2212 661 2243 consistit
676 2210 754 2240 stola
770 2209 918 2239 secunda.
937 2208 992 2238 Di-

223 2271 342 2301 viditur
353 2272 458 2299 autem
474 2268 541 2297 liaee
553 2275 625 2305 pars
634 2266 666 2294 in
676 2267 739 2294 tres
750 2264 865 2302 partes,
879 2270 989 2291 secun-

221 2325 298 2355 dum
314 2323 374 2353 tria
386 2331 457 2361 quae
483 2319 672 2351 determinat
692 2328 698 2347 z
717 2317 818 2356 primo
834 2315 919 2345 enim
935 2314 989 2344 de-

222 2377 387 2412 terminat,
408 2374 491 2413 quod
518 2373 550 2402 in
580 2370 796 2410 resumptione
823 2376 991 2407 corporum

221 2431 281 2462 erit
297 2429 409 2469 gloriae
429 2427 663 2465 augmentum3
680 2422 818 2453 secundo
841 2430 915 2451 vero
936 2421 989 2451 de-

221 2482 371 2512 terminat
387 2479 528 2513 modum,
549 2486 603 2515 per
618 2484 714 2514 quem
736 2474 839 2512 gloria
861 2472 991 2511 spiritus

221 2535 402 2574 augebitur,
415 2533 458 2563 ibi
471 2543 477 2562 :
489 2531 529 2563 St
542 2537 631 2569 quem
643 2531 740 2558 inorec
750 2526 830 2565 quiet
841 2534 918 2564 01qu
931 2526 991 2563 sic;

220 2589 312 2620 tertio
347 2586 535 2618 determinat
565 2582 657 2621 quale
692 2589 806 2619 corpus
842 2578 990 2608 reddetur

253 2673 256 2687 Ἀ
279 2670 460 2699 Hieronymus,
478 2671 552 2695 super
572 2664 642 2687 Osee.
665 2667 717 2690 vu,
739 2663 760 2684 2³.
782 2674 811 2677 —
834 2661 844 2675 2
867 2660 989 2690 Sapient.‚

221 2712 255 2736 ix,
272 2707 309 2729 15.

1256 2165 1498 2199 ARTICULUS
1523 2167 1566 2213 (a)
1584 2168 1607 2200 1.

1089 2258 1135 2288 Ad
1158 2257 1399 2296 intelligentiam
1419 2259 1516 2298 hujus
1544 2261 1640 2299 partis
1662 2262 1819 2302 quaeritur

1048 2311 1085 2340 sle
1101 2310 1203 2349 gloria
1221 2311 1378 2350 corporis3
1393 2314 1423 2342 et
1443 2312 1524 2343 circa
1544 2313 1603 2344 hoc
1622 2314 1686 2345 duo
1700 2314 1816 2354 princi-

1049 2364 1158 2404 paliter
1175 2367 1365 2402 quaeruntur
1382 2375 1388 2394 ε
1406 2366 1508 2404 primo
1523 2367 1677 2405 quaeritur
1693 2368 1730 2398 de
1744 2368 1817 2407 glo-

1047 2427 1094 2447 r1a
1119 2417 1258 2456 corporis
1282 2418 1314 2447 in
1338 2419 1496 2456 generali;
1517 2421 1671 2458 secundo,
1695 2422 1726 2452 in
1746 2431 1817 2462 spe-

1047 2471 1129 2501 ciali.
1149 2471 1235 2500 Circa
1247 2471 1389 2509 primum
1401 2475 1591 2511 quaeruntur
1606 2474 1818 2514 principaliter

1047 2525 1108 2554 tria
1124 2535 1130 2554 z
1147 2523 1251 2563 primo
1267 2525 1424 2563 quaeritur
1443 2525 1482 2555 de
1497 2527 1637 2565 corporis
1657 2527 1818 2566 glorifica-

1049 2577 1147 2613 tione;
1164 2577 1314 2613 secundo,
1331 2578 1369 2607 de
1383 2578 1504 2608 dotium
1519 2578 1736 2618 distinctione,
1753 2583 1816 2612 ter-

1046 2631 1100 2668 tio,
1116 2630 1154 2660 de
1169 2638 1321 2661 sensuum
1336 2633 1601 2664 remuneratione.

1079 2692 1112 2722 (a)
1125 2691 1213 2723 Suppl.
1232 2698 1407 2719 rainelmus.
