1991 3006
497 205 592 237 Dls'r.
616 204 721 236 XVIII.
746 203 861 234 PART.
887 201 924 234 ΙΙ.
948 203 1037 234 ART.
1063 204 1084 234 l.
1110 205 1256 242 Qirnssits'r.
1283 207 1333 238 III.
1673 212 1710 239 27

118 272 412 302 excommunicandi
427 274 479 310 (α),
494 280 568 302 cum
583 272 675 301 multi
689 279 801 302 eorum
816 270 883 300 cla-

117 334 173 355 ves
188 334 250 355 non
264 325 410 363 habeant,
428 325 503 364 quia
516 334 580 355 non
595 326 670 355 sunt
689 324 882 354 sacerdotes:

117 387 195 417 ergo
210 378 324 417 aliquis
334 379 433 416 potest
447 376 734 414 excommunicare,
748 376 803 415 qui
820 385 885 406 non

118 430 212 460 habet
225 430 337 460 claves.
355 429 387 460 Si
402 432 437 460 tu
453 430 536 460 dicas
551 429 637 469 quod
652 438 717 459 non
732 437 791 458 sua
806 437 884 458 auc-

116 482 238 513 toritate
261 482 553 519 excommunicant,
579 481 726 520 objicitur
746 483 822 510 1000
845 481 884 511 de

114 535 348 572 archidiacono,
381 535 466 574 quod
494 543 533 565 ex
561 543 619 564 suo
646 534 749 564 officio
774 542 884 564 causas

115 587 203 618 audit
224 590 255 618 01
277 588 409 618 decidit:
431 596 508 626 ergo
528 587 805 618 excommunicare
826 595 883 626 po-

114 642 189 678 test;
205 643 235 671 et
248 642 370 678 tamen,
389 640 414 670 si
428 649 493 671 non
508 642 554 670 est
567 640 726 676 sacerdos,
743 648 807 670 non
824 639 882 670 ha-

114 693 166 724 bet
184 693 297 724 claves.
314 693 346 724 Si
364 695 399 724 tu
419 693 503 724 dicas
521 693 606 732 quod
628 692 772 723 similiter
788 693 884 724 habet

114 755 170 786 per
198 746 474 777 demandationem
485 769 492 783 ,
521 746 572 776 vel
602 745 863 776 consuetudinem
873 771 880 784 ,

113 808 223 839 quaero
243 808 341 839 quare
360 808 425 829 non
447 799 590 829 similiter
609 798 704 828 habet
724 799 828 828 actum
843 798 884 828 li-

113 852 210 890 gandi
233 852 265 882 in
289 852 356 882 foro
378 851 585 891 poenitentiali
607 860 663 890 per
687 851 882 881 commissio-

113 914 203 942 nem,
219 904 270 935 vel
284 904 543 935 consuetudinem
556 913 564 934 2
577 913 643 934 non
660 903 743 934 enim
758 903 884 934 videtur

114 959 217 997 maj0r
230 958 310 988 ratio
326 957 360 987 in
374 966 449 995 uno,
467 966 564 997 quam
580 957 612 987 in
626 957 697 987 alio.

154 1011 231 1041 Item
244 1010 362 1041 electus
374 1010 533 1047 canonice,
551 1012 580 1040 et
592 1010 798 1049 approbatus,
814 1019 881 1040 cer-

113 1065 182 1093 tum
201 1064 247 1093 est
265 1063 364 1102 quod,
386 1065 557 1102 antequam
572 1062 735 1093 ordinetur
751 1062 784 1092 in
798 1071 883 1102 pres-

112 1116 273 1155 byterum,
292 1124 356 1145 non
371 1115 465 1145 hahet
478 1115 581 1146 claves
594 1126 600 1145 2
616 1117 646 1145 et
661 1117 765 1145 tamen
783 1117 884 1154 potest

113 1178 223 1200 causas
250 1169 377 1207 audire,
402 1171 432 1200 et
457 1169 735 1200 excommunicare
757 1170 884 1208 propria

112 1223 317 1254 auctoritate:
334 1232 423 1262 ergo,
443 1226 500 1253 etc.

153 1275 230 1306 Item
252 1276 394 1307 sacerdos
418 1275 604 1316 parochialis
628 1284 691 1306 non
718 1276 813 1306 habet
835 1285 883 1306 se-

113 1329 254 1359 cundum
277 1330 351 1368 jura
377 1332 562 1369 potestatem
587 1328 884 1360 excommunicandi

113 1381 175 1411 nisi
190 1390 246 1420 pro
260 1381 363 1419 furtis,
378 1384 407 1412 et
421 1382 551 1421 rapinis,
566 1383 596 1412 et
609 1381 838 1412 consimilibus:
854 1384 884 1412 et

113 1436 232 1464 constat
247 1435 332 1474 quod
345 1435 412 1474 ipse
427 1435 522 1465 hahet
537 1434 652 1471 claves,
671 1436 702 1464 et
715 1443 809 1464 usum
824 1434 884 1464 cla-

112 1487 221 1517 vium:
243 1496 320 1526 ergo
339 1487 623 1518 excommunicatio
646 1495 710 1517 1100
732 1488 778 1516 051
792 1496 810 1516 a
825 1496 883 1526 po-

111 1541 221 1570 testate
234 1539 384 1570 clavium.

151 1592 229 1622 Item
257 1592 427 1622 multitudo
450 1594 529 1629 tota,
553 1594 588 1622 ut
613 1593 803 1632 capitulum,
827 1602 883 1624 ex—

110 1645 323 1675 communicat
335 1645 378 1675 ita
389 1645 473 1684 quod
486 1654 570 1675 unus
584 1645 619 1684 (b)
631 1645 701 1675 :sed
710 1645 884 1676 multitudi-

110 1707 182 1728 nem
198 1699 314 1729 habere
329 1698 443 1735 claves,
455 1698 499 1729 ita
507 1699 591 1738 quod
605 1708 689 1729 unus
703 1700 752 1738 (b),
768 1702 813 1730 est
824 1700 884 1730 im—

111 1751 266 1790 possibile,
278 1761 350 1782 cum
362 1751 444 1781 dicat
454 1752 679 1791 proprietatem
689 1752 881 1784 absolutam:

110 1813 188 1842 ergo
202 1808 290 1834 actus
304 1804 599 1835 excommunicandi
613 1814 678 1835 non
691 1808 735 1835 est
751 1815 769 1835 a
783 1806 881 1837 clave.

108 1855 203 1887 Juxta
210 1857 270 1887 hoc
277 1857 443 1896 quaeritur,
454 1866 527 1888 cum
536 1858 706 1889 multitudo
717 1867 781 1888 non
788 1859 885 1898 possit

110 1910 379 1940 excommunicari
393 1910 436 1939 ita
452 1910 535 1949 quod
548 1919 632 1940 unus
647 1911 696 1949 (b),
713 1920 776 1950 quo
790 1912 883 1942 modo

110 1962 206 2000 possit
215 1962 490 1994 excommunicare
502 1963 544 1993 ita
556 1964 640 2003 quod
652 1973 734 1994 unus
748 1964 797 2001 (b).

378 2076 601 2109 CONCLUSIO.

109 2157 224 2184 Potestas
250 2158 498 2184 excommunicandi
521 2161 559 2185 est
585 2160 615 2185 τη
643 2158 684 2185 his
707 2160 809 2190 solum,
835 2162 881 2194 qui

186 2201 283 2229 habent
294 2202 492 2237 proelationem,
509 2203 565 2229 sive
574 2203 798 2236 jurisdictionem.

148 2281 239 2321 Resp.
259 2281 299 2312 ad
313 2290 384 2320 arg.
400 2281 574 2312 Dicendum
596 2283 680 2322 quod
696 2283 779 2313 inter
794 2283 879 2323 ipsos

103 2334 234 2373 Juristas
253 2334 292 2365 de
310 2334 368 2365 hac
383 2335 558 2374 quaestione
581 2338 627 2366 est
653 2337 878 2368 controversia.

0 2398 52 2424 ipim
73 2401 91 2418 1.
107 2387 241 2424 Quidam
255 2387 421 2425 dixerunt,
439 2388 523 2428 quod
542 2391 678 2428 potestas
693 2398 878 2421 excommu-

0 2451 52 2477 ›psm
72 2452 90 2471 2.
106 2440 232 2471 nicandi
246 2441 349 2471 solum
366 2441 455 2471 estin
469 2441 633 2481 episcopis.
644 2442 707 2472 Alii
718 2442 876 2481 dixerunt,

107 2493 191 2532 quod
206 2503 272 2524 non
285 2493 389 2524 solum
407 2494 454 2524 est
474 2493 508 2523 in
529 2494 696 2534 episcopis,
713 2496 766 2527 sed
781 2497 877 2527 etiam

108 2548 140 2577 in
153 2548 446 2589 archipresbyteris,
470 2548 717 2589 archidiaconis,
735 2554 765 2582 et
779 2552 875 2582 ahba-

0 2611 53 2637 ipin.
72 2613 92 2633 1,
107 2600 201 2637 tibus,
214 2603 245 2631 et
257 2601 326 2631 aliis
341 2600 488 2641 praelatis
505 2600 600 2632 Tertii
616 2602 776 2642 dixerunt,
792 2607 877 2646 quod

139 2663 172 2692 (α)
187 2662 246 2686 th.
260 2662 320 2686 edet.
335 2662 392 2686 add.
406 2664 439 2686 ct.
455 2675 483 2680 —
499 2662 532 2693 (h)
549 2663 589 2687 Al.
606 2663 695 2688 nullus.

940 270 1000 300 1100
1017 273 1165 310 0010110111
1184 273 1244 309 1115,
1262 276 1292 303 01
1311 275 1406 305 etiam
1421 275 1636 306 sacerdotibus
1654 285 1711 315 pa-

940 322 1142 354 rochialibus.
1159 323 1220 354 Sed
1240 325 1311 357 licet
1331 328 1361 357 in
1382 328 1441 358 hac
1459 328 1634 367 quaestione
1652 329 1707 359 Ca-

940 384 1062 406 nonum
1075 376 1115 406 sit
1129 377 1232 407 dicere
1245 381 1341 418 quia;
1352 382 1457 411 tamen
1470 381 1654 420 Theologiae
1667 385 1712 412 est

940 427 1042 458 dicere
1054 431 1182 467 propter
1193 431 1284 469 quid,
1302 434 1453 471 tanquam
1467 433 1605 464 scientiae
1621 443 1713 474 supe-

939 481 1031 511 rioris
1045 484 1075 512 et
1090 482 1217 514 altioris.
1236 484 1323 521 Quod
1343 487 1428 516 enim
1452 487 1484 516 in
1506 487 1640 518 Ecclesia
1654 488 1712 518 ali-

939 535 1011 573 quis
1038 534 1153 566 habeat
1179 538 1381 575 potestatem,
1417 539 1476 570 1100
1504 543 1549 570 051
1577 541 1615 571 ab
1644 541 1712 581 ipso

939 587 1071 626 Christo,
1088 589 1142 628 qui
1159 591 1343 627 potestatem
1359 592 1490 623 contulit
1505 594 1663 632 apostolis,
1681 597 1712 625 et

938 641 1097 680 praecipue
1112 641 1170 680 ipsi
1191 642 1293 673 Petro.
1312 643 1484 684 Utramque
1504 647 1588 676 enim
1608 647 1712 677 Domi-

938 701 999 723 nus
1012 693 1072 732 ipsi
1088 693 1180 725 Petro
1193 697 1327 726 contulit
1338 700 1533 736 potestatem,
1546 701 1577 729 et
1589 699 1710 739 ligandi

938 748 969 776 et
989 746 1130 777 solvendi
1145 748 1177 777 in
1197 748 1264 779 foro
1283 751 1506 789 poenitentiali,
1532 753 1562 782 01
1587 752 1711 791 ligandi

938 800 968 828 01
988 799 1129 830 solvendi
1150 801 1181 830 in
1199 801 1266 831 foro
1279 802 1431 841 judiciali.
1449 803 1556 834 Prima
1576 808 1712 844 potestas

938 852 1063 891 respicit
1071 853 1228 891 ordinem3
1239 855 1375 885 secunda
1384 856 1613 895 praelationem.
1622 858 1710 889 Unde

939 905 1112 935 secundum
1128 907 1263 945 primam
1284 917 1341 947 par
1362 910 1462 947 potest
1476 910 1639 942 absolvere
1655 922 1709 951 pa-

938 966 1023 995 rem3
1049 959 1224 989 secundum
1247 961 1418 991 secundam
1441 971 1506 992 non
1532 965 1633 1002 potest
1655 974 1712 1004 par

938 1010 1040 1049 ligare
1055 1020 1162 1050 parem
1175 1021 1233 1042 nec
1249 1013 1456 1052 superiorem.
1472 1015 1510 1046 Et
1519 1015 1617 1055 hujus
1633 1019 1711 1048 ratio

937 1065 994 1100 est,
1010 1063 1084 1102 quia
1098 1064 1151 1094 illa
1166 1067 1213 1095 est
1230 1066 1366 1104 ordinis3
1384 1067 1452 1098 haec
1472 1070 1578 1099 autem
1597 1071 1712 1109 prada-

938 1116 1048 1153 tionis,
1079 1117 1196 1148 scilicet
1230 1120 1365 1158 potestas
1400 1123 1710 1153 excommunicandi.

938 1167 1045 1198 Prima
1068 1172 1203 1208 potestas
1226 1171 1348 1209 ligandi
1370 1175 1400 1202 et
1420 1173 1562 1204 solvendi
1588 1175 1621 1204 in
1644 1175 1712 1207 foro

938 1221 1145 1260 poenitentiali
1160 1223 1281 1254 aditum
1292 1225 1363 1255 coeli
1373 1226 1489 1265 aperit:
1505 1229 1535 1257 01
1548 1228 1617 1259 ideo
1628 1231 1711 1260 recte

939 1273 1054 1304 dicitur
1069 1275 1176 1305 clavis.
1194 1276 1339 1308 Secunda
1353 1287 1410 1317 per
1425 1288 1589 1310 censuram
1604 1282 1712 1320 judicii

938 1327 1080 1358 subditos
1091 1331 1225 1359 coercet:
1234 1331 1458 1363 etideodicitur
1464 1333 1713 1371 gladius.Prima

939 1382 1074 1419 potestas
1087 1383 1094 1397 ¹
1111 1383 1158 1412 051
1173 1385 1309 1421 potestas
1323 1385 1497 1416 arbitrandi
1516 1386 1597 1418 inter
1612 1388 1711 1419 Deum

938 1434 969 1461 et
984 1432 1146 1464 hominem
1157 1445 1164 1471 ;
1188 1436 1324 1466 secunda
1339 1439 1431 1475 vero,
1453 1439 1536 1470 inter
1549 1439 1712 1472 hominem

940 1487 970 1515 et
985 1485 1147 1516 hominem
1160 1498 1166 1516 z
1179 1489 1209 1517 et
1222 1487 1292 1518 ideo
1304 1489 1406 1528 prima
1420 1491 1544 1530 respicit
1557 1493 1711 1532 ordinem,

939 1539 1075 1569 secunda
1089 1540 1320 1578 praelationem.
1345 1542 1449 1574 Prima
1466 1547 1618 1585 potestas,
1636 1557 1713 1587 quo-

939 1591 1025 1621 niam
1038 1592 1149 1623 collata
1165 1596 1211 1623 est
1228 1594 1321 1625 Petro
1334 1597 1367 1626 ut
1379 1597 1541 1635 sacerdoti,
1554 1599 1713 1631 descendit

940 1645 972 1675 in
996 1655 1106 1676 omnes
1128 1648 1317 1687 sacerdotes,
1344 1652 1490 1689 quamvis
1513 1662 1576 1683 non
1603 1663 1713 1685 omnes

940 1699 1078 1729 habeant
1091 1701 1323 1732 executionem.
1340 1703 1495 1742 Secunda,
1512 1706 1587 1745 quia
1601 1707 1712 1737 collata

940 1754 986 1781 est
1013 1752 1106 1782 Petro
1123 1755 1158 1783 ut
1181 1754 1330 1793 praelato,
1355 1756 1515 1788 descendit
1543 1758 1575 1788 in
1601 1768 1712 1790 omnes

939 1814 1089 1844 personas
1111 1807 1346 1847 ecclesiasticas,
1373 1819 1445 1849 quae
1466 1811 1582 1842 habent
1603 1813 1712 1852 praela-

940 1858 1068 1896 tionem,
1086 1858 1137 1889 vel
1148 1860 1414 1899 jurisdictionem.
1427 1863 1513 1894 Unde
1526 1865 1581 1904 qui
1595 1865 1712 1897 habent

935 1911 1188 1949 jurisdictionem
1209 1913 1401 1944 ordinariam
1422 1916 1455 1945 in
1468 1917 1639 1954 judicando
1659 1919 1711 1949 ali·

939 1973 1034 2003 quos,
1053 1965 1171 1996 habent
1191 1968 1376 2005 potestatem
1398 1971 1560 2001 coercendi
1582 1980 1634 2002 eos
1655 1981 1711 2012 per

939 2026 1106 2048 censuram
1135 2019 1390 2058 ecelesiasticam,
1419 2024 1454 2052 ut
1474 2024 1633 2061 ⁷judicium
1656 2035 1708 2057 eo-

939 2079 1012 2100 rum
1033 2071 1257 2102 inviolabiliter
1276 2073 1474 2105 observetur.
1501 2076 1539 2106 Et
1558 2079 1710 2116 quoniam

934 2123 1190 2162 Ju1·isdictionem
1213 2124 1333 2156 habent
1354 2135 1417 2157 non
1438 2128 1541 2159 solum
1559 2130 1711 2162 hahentes

937 2177 1055 2215 claves,
1072 2178 1125 2208 sed
1141 2178 1236 2208 etiam
1251 2188 1315 2210 non
1330 2179 1493 2219 habentes,
1509 2182 1641 2223 habent,
1659 2185 1709 2215 in-

937 2240 1050 2271 quam,
1068 2231 1117 2262 vel
1133 2240 1172 2262 ex
1186 2232 1270 2271 jure,
1290 2232 1341 2263 vel
1356 2243 1395 2263 ex
1410 2236 1649 2276 consuetudine,
1667 2239 1709 2268 si-

937 2287 989 2315 cut
1010 2284 1239 2322 archidiaconi,
1265 2287 1295 2316 et
1325 2285 1431 2325 aliqua
1461 2288 1599 2327 capitula
1606 2300 1614 2327 3
1641 2290 1710 2322 ideo

936 2340 1069 2378 possunt
1090 2339 1379 2370 excommunicare.
1397 2339 1531 2379 Rursus,
1558 2342 1632 2382 quia
1651 2343 1709 2374 ali-

935 2393 991 2431 qui
1006 2392 1124 2423 habent
1138 2392 1255 2429 claves,
1273 2393 1328 2431 qui
1347 2402 1412 2423 non
1426 2393 1544 2424 habent
1555 2396 1708 2434 ι10115010-

935 2446 1052 2476 tionem
1067 2446 1099 2475 in
1120 2446 1188 2476 foro
1205 2445 1366 2484 judiciali,
1382 2448 1417 2476 ut
1434 2447 1592 2487 simplices
1607 2457 1708 2480 sacer-

935 2499 1038 2536 dotes;
1053 2498 1122 2529 ideo
1137 2507 1200 2528 non
1212 2500 1344 2537 possunt
1354 2500 1630 2531 excommunicare
1645 2501 1706 2531 nisi

935 2561 991 2591 per
1003 2551 1271 2587 commissionem,
1286 2551 1337 2581 vel
1350 2551 1411 2581 nisi
1424 2552 1455 2581 10
1471 2553 1595 2583 casibus
1610 2553 1708 2583 deter-

936 2605 1073 2642 minatis,
1091 2606 1127 2635 ut
1142 2604 1174 2634 in
1189 2604 1274 2634 furto
1285 2606 1316 2634 01
1330 2603 1459 2643 rapinis.
1477 2604 1616 2637 Concedo
1626 2614 1705 2645 ergo

969 2668 973 2682 ¹
990 2667 1063 2690 Caus.
1080 2672 1135 2696 xvi,
1150 2673 1174 2696 q.
1193 2672 1220 2695 ii,
1241 2666 1313 2689 Visis.
