1991 3006
126 1852 204 1879 Opinio
213 1856 217 1872 t
227 1868 230 1869 γ

129 2113 226 2140 Improb-

138 2486 203 2513 Opin.
214 2488 235 2510 24

244 189 302 219 246

286 256 362 286 ltem
375 256 494 286 ratione
513 257 653 295 videtur,
668 259 742 297 quia
757 259 861 289 nulius
878 268 1008 289 consen-

244 308 324 338 tiens
349 308 379 338 in
404 310 510 339 actum
531 310 634 340 earnis
660 313 707 341 est
734 312 826 350 virgo
853 312 1008 350 perfecte:

244 361 353 390 beatus
367 360 503 391 Joannes
516 364 561 392 est
577 363 668 401 virgo
683 363 834 402 perfecte:
853 373 931 402 ergo
947 373 1011 394 non

244 414 401 444 consensit
425 415 456 444 in
472 417 578 445 actum
593 416 696 446 carnis
717 426 723 445 :
751 420 779 446 et
805 417 960 447 consensIt
979 417 1010 446 in

245 468 495 505 matrimonium,
512 470 588 509 quia
603 470 640 499 de
654 470 771 509 nuptiis
786 473 832 499 est
845 480 862 499 a
879 470 1010 500 Domino

244 523 374 551 vocatus
392 532 398 551 ε
415 531 504 561 ergo,
521 525 579 553 etc.

285 576 360 604 item
377 574 484 605 nullus
502 576 717 613 consentiens,
734 578 763 606 et
780 576 889 605 volens
910 577 1008 606 conti--

246 627 384 656 nentiam
419 627 626 666 virginalem,
661 630 758 667 potest
790 628 857 658 sine
888 631 1012 667 peccato

244 679 419 710 consentire
442 680 474 709 in
501 683 607 710 actum
633 681 735 710 carnis
760 692 766 711 2
795 681 884 711 beata
914 680 1013 719 Virgo

244 732 346 768 vovit,
370 733 451 763 sicut
471 733 544 763 dicit
568 734 767 773 Augustinus
784 737 811 772 ¹,
834 737 864 764 et
878 734 946 773 ipsa
962 734 1009 764 in-

244 784 314 815 nuit
332 785 363 815 in
384 786 586 825 responsione
600 796 677 823 sua,
700 797 796 826 quam
817 788 916 817 dixit:
936 796 1013 826 ergo

243 838 396 877 peccavit,
413 839 436 867 si
455 839 485 868 in
505 841 628 875 actum,
650 840 716 870 sive
740 840 898 870 carnalem
915 849 1013 879 copu-

243 889 305 920 lam
321 891 476 921 consensit
494 904 500 922 2
525 894 555 921 et
572 894 693 922 constat
707 893 790 931 quod
806 893 872 922 sine
889 897 1013 932 peccato

243 943 370 982 nupsit:
388 952 477 982 ergo,
494 946 553 974 etc.

283 995 361 1025 Item
375 997 521 1035 possibile
542 1000 587 1027 est
602 998 684 1028 inter
703 998 782 1029 duos
802 1009 867 1029 esse
883 999 1012 1038 plenum

244 1048 481 1079 matrimonium
506 1052 536 1079 ct
563 1051 737 1089 perfectum
763 1052 828 1081 sinc
853 1052 1010 1082 commix-

243 1101 327 1131 tione
342 1102 461 1132 carnali
475 1113 481 1132 :
494 1112 572 1142 ergo
583 1104 728 1143 possibile
743 1107 789 1134 est
802 1105 886 1144 quod
899 1105 1013 1144 aliquis

243 1155 414 1184 consentiat
423 1155 454 1184 in
466 1156 705 1186 matrimonium
718 1166 781 1187 non
791 1158 1012 1188 consentiendo

243 1206 276 1236 in
292 1208 551 1239 commixtionem
573 1210 755 1239 carnalem:
779 1210 805 1239 si
829 1211 887 1240 boc
913 1211 1011 1249 potest

243 1268 310 1290 esse
326 1260 358 1289 in
371 1269 404 1291 re
420 1264 450 1291 et
465 1261 576 1291 effectu
586 1285 595 1299 ,
614 1265 713 1300 potest
728 1272 794 1292 esse
810 1263 841 1292 in
858 1272 1012 1293 consensu

244 1314 274 1342 et
287 1321 390 1343 causa.

517 1392 739 1424 CONCLUSIO.

248 1471 391 1500 Consensus
416 1475 462 1507 qui
484 1475 684 1501 matrimonium
704 1476 790 1508 facit,
816 1479 851 1502 est
877 1484 1013 1503 consensus

281 1518 310 1542 in
328 1520 448 1544 mutuam
468 1526 574 1545 suorum
592 1526 729 1553 corporum
749 1522 907 1553 potestatem
928 1530 934 1546 :
957 1529 1014 1554 quoe

281 1562 366 1588 tamen
387 1562 460 1595 alia,
485 1564 507 1588 et
532 1563 589 1589 alia
610 1565 645 1589 est
666 1565 694 1589 z'n
720 1565 912 1596 contractione,
940 1567 964 1590 ee
986 1566 1014 1590 z'n

281 1607 510 1632 consummatione.

285 1685 376 1725 Resp.
400 1686 438 1715 ad
458 1695 529 1725 arg.
552 1685 725 1716 Dicendum
749 1689 812 1725 est,
832 1688 915 1726 quod
931 1698 1013 1727 quo-

245 1738 393 1768 rumdam
419 1739 526 1778 opinio
550 1739 627 1774 suit,
654 1739 737 1777 quod
763 1739 801 1769 ad
826 1740 905 1775 hoc,
931 1741 1014 1779 quod

246 1790 451 1821 contrahatur
470 1791 708 1821 matrimonium
720 1816 729 1829 ,
747 1801 872 1823 necesse
891 1795 937 1822 est
957 1794 1013 1823 ab·

247 1843 347 1873 solute
368 1844 544 1874 consentire
565 1845 597 1874 in
619 1844 764 1883 copulam
788 1845 960 1875 carnalem.
978 1845 1015 1875 Et

248 1895 355 1926 divum
375 1896 407 1926 hi
424 1897 508 1935 quod
524 1897 613 1927 beata
633 1896 732 1935 Virgo
748 1900 777 1927 et
790 1897 926 1928 ,Ioannes
939 1907 1014 1928 con-

247 1948 359 1985 sensit,
389 1951 494 1979 tamen
522 1949 590 1979 sine
615 1952 757 1988 peccato,
783 1951 857 1989 quia
880 1951 1016 1981 Joannes

248 2009 304 2030 nec
326 2004 471 2038 voverat,
496 2011 552 2031 nec
574 2005 778 2040 proposuerat
797 2003 1015 2041 virginitatem

249 2061 392 2091 servare3
410 2054 500 2083 beata
511 2053 620 2092 Virgo,
637 2054 713 2093 quia
727 2064 791 2085 non
806 2058 947 2092 voverat,
964 2056 1017 2086 sed

250 2106 372 2135 tantum
398 2109 612 2145 proposuerat.
637 2106 696 2137 Sed
719 2107 787 2138 haec
802 2108 909 2147 opinio
930 2109 1017 2148 inju-

250 2157 329 2187 riam
353 2158 424 2188 facit
443 2158 565 2197 Virgini
589 2159 737 2197 gloriosae
752 2184 758 2196 ‚
774 2161 849 2200 qnia
870 2162 1018 2200 quamvis

249 2213 377 2240 excuset
398 2220 416 2241 a
435 2211 541 2250 culpa,
560 2211 674 2241 minuit
697 2215 801 2242 tamen
821 2214 1017 2252 virginitatis

250 2264 318 2301 ejus
332 2263 478 2301 gloriam⁷
491 2265 601 2302 utjzun
613 2273 676 2294 non
692 2265 803 2295 debeat
813 2266 911 2305 Virgo
923 2277 1018 2306 super

251 2324 357 2345 omnes
387 2316 531 2354 virgines
558 2317 733 2356 nuncupari
764 2328 770 2347 :
801 2318 886 2357 quod
913 2322 1018 2350 noster

250 2368 368 2406 refugit
393 2368 517 2398 animus
542 2369 676 2407 pariter,
707 2372 738 2400 et
762 2371 899 2401 auditus.
931 2371 1017 2403 Unde

249 2421 319 2450 haec
345 2421 452 2460 opinio
474 2422 548 2451 satis
571 2422 793 2453 convenienter
817 2433 835 2453 a
862 2425 1016 2463 magistro

249 2472 386 2511 Hugone
412 2474 609 2512 reprobatur.
637 2474 780 2506 Aliorum
806 2477 913 2515 opinio
940 2478 1014 2515 fuit,

248 2528 278 2556 et
301 2526 390 2556 istius
410 2526 468 2556 fuit
489 2526 760 2566 Altisiodorensis‚
783 2529 867 2568 quod
889 2539 1016 2561 necesse

248 2581 295 2609 est
309 2578 484 2609 consentire
506 2580 538 2609 in
559 2579 703 2618 copulam
726 2581 883 2612 carnalem
905 2583 1014 2613 nonin

282 2642 286 2654 ¹
299 2642 373 2671 Aug„
384 2640 413 2663 [Ie
426 2641 509 2665 Sancl.
531 2640 658 2670 Vtryzuz‘t..
670 2648 692 2664 c.
707 2641 780 2671 lvsjn.
802 2644 817 2665 i,

803 192 1109 224 SENT1‹1NT1ARUM
1134 193 1205 224 LIB.
1231 194 1279 224 lv.

1066 261 1255 299 particulari,
1274 261 1372 291 sedin
1391 260 1580 298 universali;
1598 269 1662 291 non
1676 262 1832 302 explicite,

1066 312 1117 342 sed
1148 313 1305 352 implicite.
1337 312 1463 352 Oportet
1486 313 1571 343 enIm
1599 313 1774 344 consentire
1801 314 1833 344 in

1066 365 1210 404 copulam
1225 365 1439 404 conjugalem,
1453 374 1525 405 quae
1537 365 1675 396 continet
1684 367 1832 405 quatuor,

1066 417 1181 446 scilicet
1204 417 1488 455 cohabitationem,
1512 421 1541 448 et
1564 420 1716 448 mutuum
1743 417 1832 449 obse-

1066 470 1188 508 quium,
1202 473 1231 500 et
1246 472 1391 500 mutuam
1406 480 1574 510 corporum
1590 472 1790 510 potestatem,
1805 473 1835 501 et

1066 523 1211 561 copulam
1236 523 1406 553 carnalem.
1432 522 1492 554 Sed
1514 523 1589 554 illud
1617 532 1683 554 non
1707 523 1834 554 videtur

1066 575 1234 612 sufficiens,
1264 576 1338 616 quia
1365 578 1485 606 constat
1510 576 1593 616 quod
1619 577 1709 606 beata
1734 576 1834 616 Virgo

1067 627 1145 657 bene
1164 628 1279 658 sciebat
1298 628 1402 667 legem
1417 629 1580 668 conjugii,
1595 631 1625 658 ct
1645 629 1761 659 sciebat
1779 637 1836 658 ex-

1067 680 1187 718 plicite,
1206 683 1236 710 et
1254 681 1413 720 cogitabat
1430 682 1466 712 de
1481 684 1553 712 actu
1567 683 1764 721 conJ'ugum:
1780 684 1833 712 aut

1066 741 1145 771 ergo
1160 734 1371 764 consentiebat
1385 758 1392 770 ‚
1409 737 1463 764 aut
1478 735 1679 765 dissentiebat
1695 745 1701 764 :
1717 735 1743 764 si
1757 743 1835 765 con—

1066 785 1238 822 sentiebat,
1266 787 1346 816 redit
1372 787 1513 826 primum
1537 787 1781 825 inconveniens;
1810 787 1835 817 si

1067 838 1284 875 dissentiebat,
1304 848 1382 877 ergo
1406 848 1463 869 nec
1485 840 1517 869 in
1542 839 1700 878 generali,
1726 848 1782 870 nec
1804 840 1836 870 in

1067 891 1192 930 speciali
1209 891 1432 922 consentiebat.
1449 891 1554 922 Tertia
1564 891 1670 932 opinio
1684 894 1742 930 est,
1754 892 1837 932 quod

1067 946 1189 983 oportet
1203 945 1378 974 consentire
1393 945 1427 974 in
1441 944 1599 975 carnalem
1614 945 1771 984 copulam,
1787 945 1837 976 vel

1068 996 1210 1027 absolute
1222 1021 1229 1034 ,
1251 997 1300 1027 vel
1324 998 1383 1027 sub
1400 997 1577 1028 conditione
1589 1022 1597 1036 ‚
1618 997 1762 1028 videlicet
1777 997 1837 1028 nisi

1069 1049 1150 1080 Deus
1163 1050 1252 1080 aliter
1268 1050 1423 1090 disponat,
1442 1051 1492 1081 vel
1506 1051 1532 1080 si
1545 1050 1697 1090 placuerit
1713 1051 1791 1088 De03
1808 1052 1839 1081 et

1068 1102 1121 1132 tali
1137 1103 1230 1133 niodo
1249 1104 1406 1133 consensit
1424 1104 1522 1143 Virgo
1538 1104 1644 1140 beata,
1663 1107 1697 1134 ut
1714 1104 1839 1135 videtur

1068 1155 1169 1185 dicere
1184 1156 1294 1187 beatus
1309 1157 1530 1195 Augustinus3
1546 1160 1577 1187 et
1591 1156 1650 1187 hoc
1664 1166 1729 1187 non
1743 1165 1837 1196 repu-

1069 1210 1147 1246 gnat
1165 1208 1354 1247 virginitati.
1378 1209 1437 1239 Sed
1457 1211 1539 1240 certe
1558 1209 1662 1240 omnis
1680 1209 1735 1249 qui
1756 1211 1839 1240 recte

1069 1261 1239 1298 consentit,
1262 1261 1366 1291 taliter
1391 1262 1558 1292 consentit.
1582 1262 1752 1299 Praeterea,
1775 1270 1839 1292 non

1069 1315 1115 1343 cst
1139 1322 1310 1344 consensus
1333 1314 1562 1345 conditionatus
1575 1338 1582 1352 ‚
1605 1315 1659 1346 sed
1677 1314 1840 1345 absolutus

1070 1366 1120 1396 ille
1135 1367 1188 1406 qui
1207 1367 1446 1398 matrimonium
1461 1367 1552 1404 facit,
1567 1370 1598 1398 et
1612 1367 1752 1398 maxime
1766 1376 1838 1398 cum

1070 1428 1134 1449 non
1155 1422 1202 1450 est
1221 1420 1357 1450 conditio
1373 1431 1379 1449 :
1403 1420 1485 1450 Deus
1505 1422 1612 1450 autem
1630 1420 1756 1451 nolebat
1768 1418 1839 1450 vir-

1069 1473 1178 1511 ginem
1195 1472 1360 1503 carnaliter
1373 1473 1513 1512 copulari
1526 1473 1606 1503 viro.
1624 1472 1661 1503 Et
1675 1475 1839 1513 propterea

1069 1525 1236 1556 dicendum
1247 1550 1254 1563 ‚
1283 1526 1366 1565 quod
1391 1535 1562 1556 consensus
1590 1526 1645 1566 qui
1675 1526 1839 1557 matrimo-

1070 1578 1160 1608 nium
1176 1579 1264 1616 t'acit,
1282 1581 1328 1609 est
1349 1588 1519 1609 consensus
1540 1579 1573 1609 in
1596 1582 1743 1610 mutuam
1766 1588 1839 1609 suo-

1071 1642 1143 1664 rum
1170 1643 1339 1674 corporum
1361 1636 1557 1674 potestatem.
1584 1634 1622 1664 Et
1643 1634 1703 1665 hoc
1727 1637 1836 1665 sonant

1071 1688 1178 1725 voi-ba,
1196 1696 1269 1717 cum
1285 1687 1406 1717 dieunt:
1425 1688 1554 1726 Accipio
1571 1690 1599 1718 te
1614 1688 1650 1718 in
1665 1695 1776 1726 meam,
1788 1687 1839 1718 vel

1071 1741 1107 1770 z'n
1128 1748 1251 1771 meum:
1274 1743 1305 1770 et
1330 1740 1374 1770 sic
1396 1740 1554 1771 consensit
1572 1740 1663 1770 beata
1686 1739 1783 1780 Virgo
1809 1743 1839 1771 et

1070 1792 1085 1823 J
1089 1793 1197 1832 oseph.
1212 1793 1271 1823 Sed
1286 1793 1461 1823 notandum
1476 1794 1532 1830 est,
1547 1792 1632 1832 quod
1644 1793 1735 1823 aliter
1747 1793 1839 1824 datur

1073 1848 1206 1884 potestas
1216 1845 1354 1885 corporis
1364 1846 1396 1875 in
1407 1845 1617 1876 contractione
1630 1845 1836 1882 matrimonii,

1071 1899 1161 1928 aliter
1176 1899 1208 1928 in
1223 1899 1505 1928 consummatione.
1523 1897 1558 1927 In
1570 1897 1782 1928 contractione
1798 1898 1841 1928 ita

1072 1951 1241 1989 daturum,
1256 1953 1291 1981 ut
1306 1960 1369 1981 non
1380 1951 1475 1990 possit
1486 1950 1538 1980 illo
1553 1950 1681 1980 vivente
1691 1950 1758 1980 dari
1771 1951 1821 1981 alii
1831 1961 1838 1988 ;

1073 2003 1116 2032 ita
1130 2003 1223 2033 etiam
1234 2003 1327 2033 datur
1340 2003 1393 2039 iili,
1407 2005 1442 2032 ut
1453 2004 1507 2042 Jus
1534 2002 1648 2033 habeat
1659 2003 1796 2042 petendi,
1810 2005 1841 2034 et

1074 2064 1197 2085 necesse
1227 2056 1265 2084 sit
1295 2055 1423 2085 reddere
1447 2055 1580 2094 petenti,
1607 2055 1667 2085 nisi
1687 2056 1841 2087 moriatur

1073 2108 1191 2138 mundo
1208 2117 1263 2148 per
1277 2110 1388 2138 votum
1404 2108 1552 2138 castitatis
1573 2108 1729 2146 solemne,
1746 2111 1776 2140 et
1789 2110 1840 2140 in-

1073 2171 1219 2200 gressum
1243 2161 1417 2200 religionis.
1447 2161 1604 2197 Quoniam
1626 2161 1728 2200 igitur
1750 2162 1841 2193 beata

1073 2213 1170 2252 Virgo
1188 2214 1297 2244 divina
1319 2213 1522 2252 inspiratione
1538 2217 1686 2250 noverat,
1702 2214 1753 2245 vel
1773 2214 1840 2245 for-

1073 2267 1163 2297 tassis
1190 2267 1288 2306 ipsius
1314 2266 1429 2305 Joseph
1452 2265 1620 2303 relatione,
1645 2267 1731 2306 quod
1753 2276 1840 2298 nun-

1073 2329 1169 2360 quam
1185 2319 1277 2350 vellet
1292 2319 1337 2349 uti
1361 2319 1430 2357 ejus
1451 2318 1590 2357 corporis
1604 2321 1770 2358 potestate,
1786 2320 1840 2351 sed

1072 2373 1141 2411 ejus
1155 2371 1313 2402 custodire
1335 2370 1552 2409 virginitatem
1571 2381 1576 2400 z
1595 2370 1666 2401 ideo
1686 2373 1717 2401 et
1730 2371 1841 2402 debuit

1071 2425 1099 2454 ei
1122 2424 1274 2455 committi
1288 2448 1295 2461 ‚
1314 2424 1380 2454 sive
1396 2423 1476 2454 dari.
1499 2422 1620 2453 Sciebat
1639 2424 1734 2454 etiam
1754 2425 1839 2464 quod

1073 2478 1098 2507 si
1122 2477 1216 2507 vellet
1238 2476 1367 2515 exigere
1379 2501 1386 2514 ‚
1403 2475 1487 2515 quod
1509 2478 1631 2514 posset,
1650 2476 1839 2516 publicando

1073 2533 1193 2568 votum,
1208 2532 1316 2560 contra
1331 2530 1392 2559 ire:
1407 2530 1437 2558 et
1449 2528 1492 2558 sic
1505 2530 1589 2567 patet
1605 2528 1697 2560 istud.
1710 2529 1743 2560 Si
1758 2538 1838 2569 ergo

1072 2582 1222 2614 volumus
1239 2582 1331 2613 istam
1350 2583 1495 2612 mutuam
1516 2590 1686 2622 corporum
1699 2585 1836 2623 potesta-

1072 2638 1133 2666 tem
1152 2644 1262 2666 vocare
1281 2635 1425 2675 copulam
1447 2634 1667 2674 conjugalem,
1688 2634 1732 2666 sic
1746 2635 1836 2667 beata

1852 588 1945 614 improb.

1853 905 1915 932 Opia.
1937 906 1956 925 ³.

1856 1222 1950 1248 improb.

1856 1483 1959 1511 Opinio&

1857 1802 1938 1829 Explie.
