1991 3006
99 1955 190 1976 nubium

97 1985 205 2021 A-ugusti-

226 218 264 246 9⁸
772 211 1082 243 SENTENTIARUM
1106 211 1179 242 LlB.
1208 210 1254 240 tv.

267 281 346 312 ltem
362 290 419 312 nos
432 280 578 311 videmus
589 279 672 319 quod
688 283 772 310 recta
796 279 995 310 ordinatione

224 336 260 366 tit
271 359 279 372 ,
296 334 381 375 quod
397 334 518 370 anima,
534 342 606 373 quae
621 333 716 363 rebus
731 332 947 372 corporalibus
963 340 995 361 se

225 388 402 427 subjecerat
416 386 599 424 libidinose,
619 388 729 425 utpote
746 395 799 425 per
814 384 994 415 conversio-

224 450 298 471 nem
309 440 347 470 ad
360 440 481 470 bonum
493 439 730 476 commutabile,
739 439 932 477 justificatur
941 446 996 477 per

225 493 401 524 materialia
420 495 450 522 et
474 492 648 532 corporalia
669 493 865 522 sacramenta
883 502 888 521 :
917 499 995 529 ergo

226 547 294 586 pari
318 546 440 576 ratione
455 548 523 585 post
537 545 620 575 hauc
635 546 734 575 vitam
757 544 888 584 purgari
905 543 996 574 debet

223 609 280 640 per
294 600 444 630 afflictiva
461 599 647 639 corporalia.

263 653 360 691 Item,
386 653 411 682 si
428 652 533 683 anima
551 654 619 691 post
637 653 771 681 mortem
796 650 991 690 purificatur,

223 709 278 738 aut
294 716 372 746 ergo
391 706 498 737 dolore
518 705 574 744 qui
594 705 700 735 veniat
723 713 763 734 ex
787 704 990 741 contritione,

223 762 278 791 aut
291 760 398 791 dolore
421 759 476 799 qui
492 758 598 789 veniat
612 767 652 788 cx
672 758 718 788 rei
734 757 923 794 amissione,
940 758 995 787 aut

222 814 329 845 dolore
354 813 409 852 qui
433 812 539 843 veniat
567 821 608 842 ex
638 811 788 841 exteriori
812 810 991 841 afflictione.

221 867 289 899 Non
304 867 407 907 primo
424 865 528 903 modo,
542 865 690 905 quianon
701 866 747 895 est
759 864 895 903 amplius
906 863 994 893 levus

222 921 346 958 meriti,
365 929 423 950 nec
438 921 594 958 quantum
609 918 647 948 ad
673 918 892 948 contritionem
903 941 911 955 ,
935 926 993 946 nec

221 976 379 1013 quantum
400 973 439 1003 ad
463 972 540 1002 alios
558 973 646 1001 actus
667 971 841 1007 virtutum3
860 979 926 1000 non
940 979 990 1000 se-

221 1027 324 1057 cundo
340 1026 444 1063 modo,
462 1025 537 1064 quia
551 1024 640 1055 dolor
655 1025 692 1054 de
702 1023 886 1063 hujusmodi
900 1023 992 1053 amis-

221 1080 308 1110 sione
335 1081 381 1110 est
410 1078 514 1118 potius
543 1078 666 1117 sapiens
697 1078 851 1107 rationem
876 1077 989 1115 culpae,

220 1143 316 1173 quain
334 1133 489 1163 rationem
516 1131 737 1170 purgationis,
754 1130 829 1169 qnia
844 1130 932 1160 venit
951 1138 990 1159 ex

220 1187 398 1217 inordinato
425 1186 464 1224 (a)
490 1194 597 1214 amore
615 1195 620 1213 :
647 1193 736 1222 ergo,
764 1183 856 1213 tertio
882 1182 988 1219 modo,

219 1242 376 1280 purgatur
392 1239 497 1268 dolore
517 1237 572 1276 qui
593 1237 678 1267 venit
693 1246 732 1267 ex
749 1236 917 1267 afflictione
931 1244 989 1265 ex-

219 1292 325 1322 teriori
343 1303 348 1322 :
366 1300 462 1330 ergo,
479 1292 537 1320 etc.

260 1344 337 1375 Item
353 1367 360 1381 ,
379 1344 405 1373 si
426 1343 511 1382 ignis
524 1343 577 1372 ille
600 1344 680 1372 esset
701 1340 872 1381 spiritualis
885 1364 894 1379 ‚
918 1350 990 1371 cum

219 1407 282 1428 non
299 1397 337 1427 sit
353 1397 449 1433 Deus,
467 1396 526 1426 hoc
542 1397 680 1431 constat,
702 1403 829 1424 necesse
844 1396 889 1424 est
904 1393 989 1433 quod

218 1451 252 1481 in
267 1450 400 1481 diversis
417 1448 648 1479 diversificetur
663 1450 693 1477 et
707 1447 921 1487 plurificetur;
939 1456 989 1476 cr-

218 1513 261 1543 go
276 1505 353 1543 quot
367 1504 469 1533 essent
483 1502 615 1537 anitnae,
634 1503 678 1531 tot
691 1502 796 1531 essent
811 1500 904 1539 ignes
919 1509 991 1539 pur-

219 1557 349 1596 gatorii,
365 1558 396 1586 et
419 1558 463 1585 tot
485 1554 671 1594 purgatoria
702 1564 707 1583 :
725 1553 750 1582 si
766 1562 845 1591 ergo
862 1553 921 1583 hoc
945 1555 991 1583 est

217 1608 456 1646 inconveniens,
472 1609 557 1647 patet
569 1606 654 1646 quod
669 1615 733 1636 non
743 1608 791 1636 est
805 1605 987 1645 spiritualis.

491 1721 714 1754 CONCLUSIO.

218 1806 292 1839 Iqm‘s
309 1804 463 1839 purgatorii
480 1805 517 1830 est
534 1803 686 1829 materialis
707 1803 731 1828 et
749 1808 904 1835 corporeus,
926 1801 990 1834 quia

258 1849 357 1883 purgat
373 1851 395 1874 et
408 1848 501 1881 punit,
515 1848 554 1873 sic
569 1846 709 1872 ordinante
723 1845 817 1871 divina
829 1845 948 1879 justicia.

261 1929 351 1969 Resp.
369 1929 407 1959 ad
420 1936 491 1966 arg.
504 1926 677 1957 Dicendum
688 1925 772 1965 quod
788 1924 990 1963 Augustinus

218 1983 345 2015 videtur
359 1982 520 2018 dubitare,
536 1982 647 2010 utrum
662 1978 748 2017 ignis
763 1978 814 2007 ille
834 1978 874 2007 sit
889 1981 987 2008 male-

219 2036 322 2072 stalis,
338 2043 378 2064 an
394 2033 577 2072 spiritualis,
594 2031 648 2070 qui
660 2030 822 2067 cruciabit,
840 2029 890 2060 vel
904 2038 989 2059 nunc

219 2088 338 2119 cruciat
352 2086 486 2122 animas,
512 2094 575 2115 non
592 2084 693 2114 solum
719 2083 756 2113 de
772 2083 847 2121 igne
868 2092 987 2122 purga-

218 2141 319 2178 torio,
336 2139 391 2170 sed
404 2139 500 2169 etiam
524 2138 563 2168 de
593 2138 670 2175 igne
691 2135 849 2173 infernali,
873 2135 907 2164 in
925 2144 989 2174 quo

219 2194 307 2225 dives
322 2193 373 2222 ille
385 2191 524 2228 ardebat,
541 2200 605 2221 non
621 2189 724 2219 solum
735 2196 830 2227 super
847 2188 989 2219 Genesim

219 2246 263 2277 act
274 2246 428 2281 litteram,
446 2252 559 2274 verum
574 2243 669 2273 etiam
690 2241 723 2271 in
744 2241 824 2271 libro
845 2240 883 2271 de
901 2240 988 2271 Civi-

220 2301 283 2330 tale
299 2299 368 2330 Dei.
389 2297 477 2328 Unde
506 2299 536 2326 et
549 2305 604 2335 per
629 2295 759 2325 modum
784 2294 989 2324 dubitationis

219 2351 293 2381 dicit
316 2351 351 2380 in
375 2349 482 2380 Glossa
501 2357 596 2388 super
617 2348 695 2378 illud
711 2348 719 2364 ¹
739 2357 746 2377 :
767 2347 827 2382 Qua*
847 2346 989 2385 (edificat

219 2403 343 2443 lz'ynum
363 2406 392 2434 et
409 2403 536 2440 foemcm,
559 2404 631 2438 etc.,
662 2409 782 2439 ponens
806 2400 987 2439 opinionem

218 2457 391 2487 dicentium
406 2456 482 2494 igne
506 2454 660 2484 materiali
687 2456 719 2483 et
743 2453 899 2492 corporali
917 2453 987 2482 ani-

218 2519 286 2540 mas
303 2511 371 2548 post
385 2509 467 2539 hanc
482 2508 581 2537 vitam
597 2507 743 2546 purgari,
765 2506 839 2536 dicit
855 2515 862 2536 :
891 2517 904 2533 «
918 2505 987 2536 Non

217 2563 387 2601 redarguo,
404 2561 479 2600 quia
493 2560 622 2590 forsitan
636 2567 749 2589 verum
761 2560 808 2589 est
824 2569 830 2588 :
848 2569 863 2586 »
883 2560 913 2588 et
926 2558 986 2589 hoc

250 2643 277 2665 *Ι
292 2642 359 2670 σωκ,
375 2647 413 2670 111,
429 2642 465 2664 12.
476 2652 507 2657 -
520 2640 531 2655 ¹
545 2640 630 2669 Greg„
648 2637 748 2668 Dialoy.
760 2637 802 2660 lib.
818 2637 859 2666 tv,
872 2644 894 2661 c.
911 2643 984 2662 xxtx.

216 2677 349 2706 —⁸1bi‹l.,
364 2684 387 2700 c.
405 2682 438 2700 x1.
451 2677 477 2700 et
492 2681 533 2699 ιν.

1052 279 1158 318 ipsum
1173 278 1304 318 ponitur
1316 277 1349 307 in
1362 277 1478 315 littera,
1497 280 1527 308 et
1543 276 1618 307 satis
1631 276 1758 308 videtur
1772 285 1819 308 ra-

1051 331 1212 362 tionabilis
1223 340 1279 360 sua
1293 330 1457 361 dubitatio.
1476 330 1568 361 Dives
1582 330 1666 360 enim
1681 330 1735 370 qui
1753 333 1820 361 erat

1052 385 1083 415 in
1107 385 1248 421 inferno,
1265 386 1294 413 et
1318 385 1410 422 cujus
1431 384 1543 423 lingua
1566 384 1737 421 urebatur,
1758 383 1821 414 lin-

1052 446 1152 477 guam
1166 436 1362 476 corporalem
1372 445 1436 467 non
1446 437 1591 467 habebat.
1604 436 1642 467 Et
1656 436 1710 476 qui
1718 437 1823 476 portat

1051 490 1174 529 lignum
1185 513 1192 525 ,
1214 490 1335 519 soenum
1347 514 1354 527 ,
1383 489 1532 529 stipulam
1545 514 1554 528 ,
1574 498 1636 520 non
1654 490 1756 528 portat
1772 497 1823 519 se-

1051 551 1123 572 cum
1139 543 1206 573 liaec
1223 542 1406 579 materialia,
1424 542 1478 572 sed
1491 542 1677 582 spiritualia,
1694 550 1767 582 quae
1780 541 1824 572 sic

1050 596 1258 626 nominantur
1270 605 1324 635 per
1340 595 1577 634 metaphoram3
1591 604 1691 635 quare
1706 604 1769 626 non
1785 594 1824 625 si-

1051 649 1168 680 militer
1184 650 1222 679 de
1247 650 1322 688 igue
1338 648 1494 688 spirituali
1511 648 1725 688 metaphorice
1739 657 1824 679 com-

1051 703 1127 743 petit
1142 703 1319 742 intelligere
1329 704 1343 733 ‘?
1355 703 1415 733 Sed
1429 702 1576 742 quamvis
1591 702 1743 741 egregius
1754 701 1824 732 doe-

1051 757 1099 786 tor
1110 756 1311 794 Augustinus
1324 757 1412 786 visus
1424 756 1519 786 suerit
1528 756 1579 786 hic
1592 755 1753 793 dubitare3
1769 754 1823 786 alii

1049 812 1154 840 tamen
1169 810 1312 840 doctores
1322 810 1412 840 nobis
1427 810 1570 840 auferent
1581 809 1821 846 dubitationem,

1048 863 1201 902 quoniam
1223 862 1283 892 hoe
1299 864 1521 900 cognoverunt
1544 860 1710 901 multiplici
1729 861 1824 892 ratio-

1048 925 1107 954 ne,
1129 918 1165 946 ut
1184 915 1387 954 Gregorius2‚
1411 918 1441 945 et
1461 915 1613 952 Isidorus,
1637 914 1676 946 de
1703 914 1823 946 Ordine

1051 967 1332 1006 Cv·ec1cm·c1.⁷·um;et
1342 968 1554 998 communiter
1564 970 1671 998 tenent
1681 968 1823 999 doctores

1047 1021 1200 1061 temporis
1213 1012 1310 1051 nostri
1324 1021 1434 1060 ignem
1445 1021 1666 1060 purgatorium
1676 1030 1743 1052 esse
1755 1030 1822 1052 ma-

1047 1074 1207 1112 terialem,
1225 1074 1289 1104 sive
1305 1074 1511 1114 corporalem.
1527 1073 1588 1104 Sed
1601 1074 1734 1114 qualiter
1751 1074 1820 1106 talis

1047 1127 1132 1166 ignis
1152 1129 1229 1166 agat
1256 1127 1288 1156 iu
1311 1127 1434 1157 animas
1464 1136 1516 1157 eas
1531 1122 1732 1166 affligendo,
1759 1126 1819 1158 hoc

1047 1190 1200 1219 magnam
1220 1180 1313 1210 habet
1331 1180 1550 1219 quaestionem‚
1567 1182 1598 1210 et
1613 1180 1695 1210 infra
1710 1180 1818 1220 inqui-

1045 1235 1133 1263 retur
1155 1233 1193 1263 de
1212 1233 1313 1272 poenis
1334 1233 1526 1264 animarum.
1549 1232 1690 1270 Qualiter
1712 1235 1816 1264 autem

1046 1290 1122 1326 agat
1135 1287 1314 1327 purgando,
1327 1287 1494 1318 diversitas
1509 1290 1555 1318 est
1571 1287 1653 1318 inter
1663 1287 1817 1319 doctores.

1047 1340 1181 1378 Quidam
1194 1341 1280 1371 enim
1291 1340 1393 1371 dicere
1408 1340 1581 1371 voluerunt
1596 1341 1693 1380 quod,
1705 1343 1820 1381 praeter

1046 1394 1112 1424 vim
1128 1394 1324 1434 punitivam,
1341 1394 1413 1424 data
1435 1397 1481 1424 est
1496 1394 1565 1433 igni
1585 1394 1634 1424 vis
1648 1394 1820 1434 spiritualis

1046 1447 1217 1487 purgativa
1233 1470 1240 1483 ,
1260 1447 1381 1477 ratione
1403 1448 1494 1486 cujus
1519 1450 1638 1487 purgat
1656 1457 1675 1478 a
1702 1447 1817 1478 veniali

1046 1501 1181 1538 macula,
1199 1500 1248 1530 vel
1263 1500 1359 1530 etiam
1373 1510 1391 1530 a
1406 1500 1523 1540 peccati
1538 1501 1639 1531 scoria
1651 1524 1659 1537 ,
1676 1501 1757 1531 sicut
1771 1510 1818 1531 sa-

1046 1555 1208 1584 cramenta
1233 1553 1350 1583 habent
1366 1553 1431 1583 vim
1451 1553 1659 1584 satisfaciendi
1678 1553 1738 1583 sibi
1758 1553 1814 1585 da-

1046 1609 1122 1637 tam.
1140 1607 1200 1637 Sed
1222 1606 1301 1636 illud
1323 1615 1387 1636 non
1402 1608 1525 1645 oportet
1539 1615 1675 1646 ponere,
1701 1606 1818 1638 scilicet

1046 1660 1131 1699 quod
1153 1660 1236 1690 ultra
1257 1660 1455 1699 punitionem
1469 1659 1582 1690 habeat
1595 1660 1662 1690 vim
1677 1669 1794 1691 novam
1809 1685 1816 1698 ‚

1046 1722 1120 1743 cum
1135 1713 1251 1743 multas
1267 1713 1390 1743 animas
1416 1713 1498 1743 dicat
1524 1712 1697 1752 Gregorius
1717 1713 1728 1730 ³
1741 1722 1817 1753 pur-

1047 1767 1118 1805 gari
1135 1775 1190 1805 per
1205 1766 1329 1796 diversa
1343 1766 1429 1803 loca,
1446 1767 1477 1795 et
1491 1765 1560 1795 talis
1575 1765 1676 1805 culpae
1690 1765 1817 1796 mundi-v

1046 1819 1150 1849 ficatio
1165 1819 1291 1859 proprie
1307 1820 1342 1848 fit
1358 1818 1397 1848 ab
1413 1819 1481 1858 ipsa
1504 1819 1618 1858 gratia.
1636 1818 1674 1849 Et
1687 1818 1757 1849 ideo
1771 1822 1820 1849 est

1046 1873 1181 1903 aliorum
1202 1872 1333 1912 positio,
1358 1874 1394 1902 ut
1422 1872 1560 1909 videtur,
1585 1872 1690 1911 magis
1710 1874 1814 1909 recta,

1046 1926 1131 1965 quod
1142 1926 1285 1965 illeignis
1296 1934 1351 1965 per
1361 1925 1506 1956 eamdem
1521 1927 1670 1955 naturam
1683 1927 1714 1955 et
1727 1924 1818 1964 punit

1045 1982 1076 2009 et
1099 1982 1218 2017 purgat
1240 1990 1246 2009 z
1275 1979 1427 2018 quoniam
1449 1978 1609 2018 puniendo
1628 1979 1723 2017 juvat
1743 1986 1820 2017 gra-

1045 2032 1132 2069 tiam,
1154 2035 1184 2062 et
1208 2032 1311 2070 gratia
1330 2031 1450 2062 habens
1474 2031 1670 2070 adJutorIum
1697 2039 1818 2070 poenae,

1045 2088 1076 2116 et
1103 2085 1340 2116 consonantiam
1368 2084 1541 2115 voluntatis
1571 2086 1688 2115 nostrae
1700 2108 1708 2122 ,
1732 2092 1816 2124 quae,

1046 2137 1193 2177 quamvis
1207 2146 1271 2167 non
1287 2137 1326 2167 sit
1337 2137 1494 2175 adjutrix,
1510 2146 1575 2167 non
1585 2139 1692 2167 tamen
1706 2136 1742 2176 (b)
1759 2137 1818 2167 im-

1045 2190 1142 2230 pedit,
1161 2192 1207 2221 est
1222 2192 1332 2229 potens
1349 2198 1489 2229 purgare
1507 2189 1633 2229 culpam
1653 2191 1683 2220 et
1699 2191 1817 2229 peccati

1045 2243 1198 2281 scoriam,
1215 2243 1258 2273 ita
1271 2245 1306 2273 ut
1320 2243 1468 2282 purgatio
1483 2242 1553 2273 talis
1571 2243 1610 2272 sit
1625 2252 1644 2273 a
1661 2243 1765 2282 gratia
1778 2243 1817 2273 li-

1045 2295 1121 2325 bero
1136 2295 1265 2326 arbitrio
1282 2296 1316 2335 (c)
1334 2298 1536 2333 consonante,
1551 2295 1646 2325 etiam
1661 2295 1817 2326 exteriore

1045 2358 1139 2388 poena
1162 2349 1333 2388 adjuvante
1359 2348 1534 2379 secundum
1564 2347 1816 2379 conformitatem

1045 2401 1083 2432 ad
1107 2402 1324 2432 remissionem
1340 2401 1513 2432 venialium
1526 2425 1533 2439 ‚
1561 2410 1633 2441 quae
1653 2401 1689 2430 sit
1709 2401 1743 2430 in
1760 2401 1816 2431 bac

1044 2453 1120 2484 vita.
1137 2454 1166 2483 Si
1182 2456 1288 2483 tamen
1303 2463 1440 2493 quaeras,
1458 2462 1522 2492 quo
1537 2453 1630 2484 modo
1649 2461 1744 2492 poena
1759 2453 1816 2484 ad-

1039 2507 1131 2545 Juvet
1147 2507 1285 2545 gratiam
1299 2506 1338 2536 ad
1349 2506 1515 2537 delendam
1529 2505 1584 2543 (d),
1599 2505 1666 2536 sive
1677 2514 1816 2545 purgan-

1043 2559 1116 2590 dam
1130 2559 1299 2596 maculam,
1315 2559 1484 2590 dicendum
1508 2558 1590 2597 quod
1607 2558 1666 2589 hoc
1680 2559 1753 2589 facit
1767 2559 1815 2590 di-

1075 2639 1107 2670 (a)
1120 2640 1180 2664 Coet.
1193 2640 1252 2664 edit.
1267 2640 1394 2663 ordinato.
1403 2652 1433 2657 —
1448 2638 1480 2668 (ὁ)
1498 2639 1557 2662 Item
1572 2639 1648 2663 enim.
1661 2652 1693 2657 -—-
1706 2639 1740 2670 (c)
1751 2639 1811 2663 Item

1040 2675 1113 2699 liberi
1128 2675 1233 2700 arbitrii.
1244 2689 1275 2693 —
1288 2676 1324 2705 (d)
1342 2676 1403 2699 Item
1417 2674 1563 2699 delendum.

1847 1247 1925 1274 opinio

1833 1278 1932 1298 aliorum.

1833 1617 1928 1645 Improb.

1852 1776 1915 1803 Opia.

1834 1807 1939 1829 Doetoris.

1951 2885 1969 2977 ν’·ϋ-ε
