1991 3006
773 203 962 234 DISTINCT.
984 203 1061 234 XIX.
1673 211 1711 239 35

127 272 278 315 promisit
295 276 302 292 ¹
318 271 478 305 Dominus
492 270 590 302 Petro
602 274 633 302 et
648 270 866 302 imitatoribus
890 270 961 313 ejus
975 274 1103 302 tantum
1118 295 1126 311 ,
1143 274 1180 302 ut
1198 270 1311 313 aiunt;
1337 273 1396 316 qui
1421 273 1518 307 etiam
1538 275 1711 308 auctorita-

130 329 217 362 tibus
230 334 369 362 utuntur
384 329 418 361 iu
433 328 676 361 munimentum
692 338 758 360 suae
783 327 959 371 opinionis.
977 328 1045 360 Hoc
1070 327 1157 359 enim
1180 327 1294 361 dicunt
1307 329 1532 373 Augustinum
1555 332 1707 372 sensisse,

129 386 186 419 ubi
200 387 349 431 superius
363 391 373 406 ¹
386 386 432 418 ait
449 398 456 418 :
473 398 489 417 ‹<
506 385 744 418 Remissionem
760 389 963 428 peccatorum
981 410 989 424 ,
1006 385 1057 417 vel
1080 385 1291 428 perseipsum
1305 386 1380 419 facit
1396 387 1482 420 Deus
1496 414 1505 430 ,
1522 389 1574 422 vel
1590 400 1646 433 per
1659 400 1711 422 co-

131 444 253 477 lumbae
268 443 426 476 membra.
443 456 459 474 1)
479 443 562 475 Dicit
576 442 674 475 etiam
690 442 774 475 idem
796 455 811 472 1(
828 446 955 486 peccata
970 441 1104 483 dimitti,
1117 443 1169 475 vel
1184 443 1287 475 teneri
1303 455 1322 476 a
1336 445 1465 478 sanctis.
1481 458 1497 476 >³
1513 445 1603 479 Idem
1617 458 1711 491 super

125 501 298 542 Exodmn,
322 501 380 533 uhi
405 500 444 533 de
467 500 590 532 lamina
613 510 711 532 aurea
734 499 880 542 legum*
899 501 1012 532 :Erat
1036 500 1080 543 (a)
1109 506 1220 533 autem
1245 501 1374 533 lamina
1399 504 1499 536 aurea
1524 515 1652 548 semper
1675 505 1711 537 in

121 560 234 603 fronte
255 557 433 591 sacerdotis
458 570 468 589 .·
492 571 508 589 «
528 557 621 598 Haec,
646 556 755 600 iuquit
783 557 804 596 ⁶,
826 556 989 599 significat
1013 557 1167 590 fiduciam
1190 558 1283 591 bonae
1305 559 1381 591 vitae
1400 571 1407 591 ε
1433 572 1532 604 quam
1557 561 1615 606 qui
1634 573 1710 595 vere

125 616 328 660 perfecteque
347 626 414 648 nou
438 614 697 657 significatione,
715 614 770 646 sed
797 614 931 647 veritate
956 614 1103 647 sacerdos
1116 618 1126 634 ⁵
1140 615 1255 656 habet,
1273 616 1362 648 solus
1381 621 1485 661 potest
1499 619 1626 652 auferre
1641 630 1712 663 pec-

124 678 205 706 cata.
223 686 238 703 »
257 673 338 705 Item
353 672 577 715 Gregorius‘:
600 685 616 702 «
640 671 694 703 Illi
715 671 775 704 soli
800 671 922 704 habent
941 672 975 704 in
997 672 1056 704 1136
1080 683 1176 705 carne
1198 673 1294 716 positi
1318 677 1507 717 potestatem
1531 675 1656 718 ligandi
1682 681 1712 708 et

125 731 273 764 solvendi
287 757 294 771 ,
311 731 394 763 sicut
410 730 512 762 sancti
525 729 682 774 apostoli,
701 729 759 774 qui
773 729 907 762 illorum
921 729 1070 774 exempla
1085 730 1185 762 simul
1200 741 1275 762 cum
1291 730 1438 763 doctrina
1459 736 1579 764 tenent.
1598 745 1614 763 »
1633 733 1711 765 ltem

126 800 167 821 ex
180 788 274 821 dictis
289 788 439 831 Origenis
457 800 463 819 :
485 801 502 819 «
516 787 590 820 Haec
613 791 752 831 potestas
773 787 833 820 soli
853 787 950 820 Petro
976 799 1124 820 concessa
1143 792 1211 827 est,
1229 792 1260 821 et
1276 788 1494 822 imitatoribus
1513 789 1612 823 Petri.
1629 790 1712 823 Nam

127 846 328 890 quicumque
343 845 480 888 vestigia
497 845 585 878 Petri
601 845 774 877 imitantur
787 871 795 886 ,
812 844 935 877 hahent
951 850 1035 878 recte
1050 845 1175 888 ligandi
1189 849 1220 878 et
1234 846 1381 879 solvendi
1401 851 1602 891 potestatem.
1621 860 1636 879 »
1655 848 1714 881 His

129 903 268 947 aliisque
282 902 475 935 testimoniis
494 903 702 944 innituntur,
720 902 778 946 qui
802 906 951 935 asserunt
976 906 1164 946 potestatem
1190 903 1316 946 ligandi
1336 915 1372 936 ac
1386 904 1533 938 solvendi
1555 905 1621 938 illis
1637 905 1715 938 solis

126 972 307 993 concessam
322 960 543 993 sacerdotibus
556 986 563 1001 ‚
580 960 637 1004 qui
654 960 722 992 vita
735 964 766 992 et
779 960 926 992 doctrina
943 960 1064 1003 pollent
1079 961 1163 993 sicut
1174 961 1323 1005 apostoli.

169 1017 255 1050 Aliis
270 1022 379 1050 autem
395 1017 525 1050 videtur
537 1043 545 1059 ,
562 1017 650 1062 quod
668 1021 699 1050 et
714 1017 795 1050 mihi
811 1017 936 1061 placere
952 1017 1054 1050 fateor
1068 1044 1076 1059 ,
1092 1018 1217 1050 cunctis
1238 1019 1460 1052 sacerdotibus
1484 1020 1567 1053 hauc
1589 1021 1713 1054 clavem

1739 285 1811 308 poten<

1739 314 1788 333 iiam
1799 315 1823 334 li-

1726 346 1798 370 gandi,
1810 349 1831 366 et

1726 376 1829 396 solvendi.

1739 410 1828 431 Solutio.

1739 1039 1834 1059 Aliorum

1730 1070 1834 1090 sententia

126 1075 197 1107 dari
213 1101 221 1117 ,
236 1075 356 1108 scilicet
370 1075 495 1118 ligandi
509 1079 540 1107 et
554 1075 702 1108 solvendi
715 1088 723 1116 ;
741 1075 795 1108 sed
811 1086 877 1108 non
901 1086 972 1107 eam
1001 1079 1084 1107 recte
1099 1087 1135 1108 ac
1152 1075 1250 1118 digne
1266 1076 1399 1118 habent,
1416 1077 1479 1110 nisi
1494 1078 1553 1122 qui
1569 1078 1668 1111 vitam
1685 1083 1715 1111 et
1731 1107 1807 1121 „mm

128 1132 311 1165 doctrinam
326 1133 534 1177 apostolicam
551 1137 693 1165 servant.
710 1132 775 1165 Nec
790 1132 966 1176 praemissae
981 1133 1188 1166 auctoritates
1204 1134 1306 1167 malos
1320 1134 1499 1168 sacerdotes
1514 1135 1598 1168 hanc
1612 1140 1715 1180 potes-

129 1194 227 1222 tatem
244 1194 362 1233 negant
377 1190 518 1232 habere3
536 1191 590 1223 sed
614 1190 689 1223 illos
709 1191 794 1223 solos
816 1190 914 1233 digne
931 1201 967 1223 ac
989 1195 1073 1223 recte
1096 1190 1155 1223 hac
1178 1195 1334 1236 potestate
1356 1193 1405 1225 uti
1427 1193 1635 1236 significant,
1657 1194 1715 1238 qui

128 1248 255 1292 praediti
271 1252 349 1281 sunt
363 1248 428 1281 vita
441 1252 473 1280 et
486 1248 633 1280 doctrina
647 1248 841 1292 apostolica,
859 1248 937 1292 quia
950 1248 1011 1280 soli
1026 1249 1171 1292 ipsorum
1187 1250 1409 1293 apostolorum
1423 1251 1603 1284 imitatores
1617 1251 1715 1295 digne

132 1311 282 1349 recteque
296 1310 432 1349 possunt
447 1305 549 1348 ligare
564 1309 595 1338 et
609 1305 746 1338 solvere.
764 1305 804 1337 Et
816 1316 873 1349 per
887 1305 1065 1338 Dominum
1082 1310 1208 1339 tantum
1223 1332 1232 1348 ,
1248 1307 1299 1339 vel
1316 1319 1372 1352 per
1385 1313 1510 1342 sanctos
1521 1335 1529 1351 ,
1546 1309 1581 1341 in
1595 1309 1716 1353 quibus

127 1363 251 1396 habitat
265 1363 407 1407 Spiritus
422 1367 551 1395 sanctus
566 1389 573 1403 ,
589 1362 686 1405 digne
703 1366 734 1395 et
757 1366 839 1394 recte
855 1362 892 1394 fit
907 1363 1055 1396 remissio
1074 1363 1126 1396 vel
1148 1364 1286 1397 retentio
1308 1369 1524 1408 peccatorum.
1541 1366 1593 1399 Fit
1606 1370 1715 1399 tamen

128 1425 159 1452 et
174 1432 231 1464 per
244 1420 319 1453 illos
333 1421 391 1464 qui
411 1420 511 1452 sancti
533 1431 599 1452 11011
615 1424 691 1452 511111
705 1446 712 1461 ,
731 1420 785 1453 sed
801 1431 866 1452 non
881 1421 978 1462 digne
992 1421 1043 1453 vel
1058 1425 1142 1454 recte
1160 1433 1166 1453 ε
1185 1421 1240 1454 dat
1254 1422 1342 1454 enim
1357 1422 1444 1455 Deus
1457 1423 1714 1456 benedictionem

130 1477 228 1521 digne
242 1478 383 1522 poscenti
398 1503 405 1519 ,
422 1477 517 1510 etiam
535 1488 591 1521 per
612 1477 784 1520 indignum
810 1477 1010 1511 ministrum.
1038 1478 1132 1517 Quod
1156 1490 1231 1511 vero
1256 1479 1338 1512 hanc
1362 1484 1551 1523 potestatem
1575 1480 1715 1514 habeant

126 1546 241 1568 omnes
255 1534 446 1576 sacerdotes,
463 1534 684 1579 Hieronymus
700 1539 835 1567 testatur
849 1546 947 1580 super
963 1535 1059 1568 illum
1075 1536 1184 1568 locum
1194 1536 1380 1579 Evangelii,
1396 1537 1454 1570 ubi
1465 1537 1626 1571 Dominus
1638 1538 1715 1571 dicit

124 1593 219 1626 Petro
238 1607 245 1626 :
265 1594 292 1625 T
291 1593 336 1626 ibi
350 1593 433 1626 dabo
449 1593 554 1626 claves
569 1593 663 1638 reqm'
677 1594 842 1626 coelorum.
865 1606 880 1624 «
897 1593 1025 1626 Habent
1046 1594 1133 1626 enim
1148 1619 1156 1635 ,
1182 1594 1289 1638 inquit
1306 1620 1314 1635 ,
1340 1594 1486 1628 eamdem
1505 1595 1713 1639 judiciariam

125 1655 313 1695 potestatem
339 1651 394 1684 alii
419 1652 554 1696 apostoli
574 1663 580 1683 :
598 1651 695 1684 habet
719 1656 750 1683 et
776 1651 881 1683 omnis
896 1651 1038 1684 Ecclesia
1061 1652 1094 1684 in
1117 1652 1274 1696 episcopis
1289 1657 1319 1685 et
1337 1653 1542 1698 preshyteris.
1561 1653 1624 1687 Sed
1641 1654 1713 1687 ideo

124 1709 241 1741 Petrus
255 1720 326 1742 eam
348 1709 528 1753 specialiter
551 1709 669 1753 accepit
685 1734 693 1750 ,
710 1713 746 1741 ut
760 1720 872 1742 omnes
887 1709 1074 1752 intelligant
1091 1710 1176 1754 quod
1200 1710 1402 1755 quicumque
1426 1710 1466 1744 ab
1489 1711 1613 1745 unitate
1637 1711 1714 1745 fidei

126 1770 157 1799 et
171 1766 320 1799 societate
335 1766 483 1799 Ecclesia?
500 1777 532 1798 se
554 1766 772 1810 separaverit,
790 1777 847 1798 nec
870 1778 888 1799 a
909 1767 1045 1810 peccatis
1059 1767 1159 1808 solvi,
1178 1779 1236 1800 nec
1259 1768 1379 1801 coelum
1401 1772 1505 1812 potest
1528 1769 1669 1813 ingredi.
1696 1782 1712 1801 »

124 1824 204 1857 Item
219 1850 226 1865 ‚
244 1823 332 1868 quod
348 1824 512 1865 sacerdos,
530 1824 655 1857 etiamsi
681 1824 787 1856 malus
801 1824 842 1857 sit
856 1850 864 1865 ,
879 1825 1018 1867 gratiam
1035 1829 1143 1857 tamen
1158 1825 1358 1858 transfundit
1383 1837 1440 1870 pro
1463 1838 1529 1860 suae
1546 1827 1715 1870 dignitatis

124 1881 232 1915 officio
243 1907 252 1923 ,
268 1882 477 1924 Augustinus
491 1884 502 1899 ⁷
517 1881 656 1913 ostendit
681 1880 790 1913 dicens
807 1893 812 1913 :
836 1894 852 1912 «
867 1882 998 1914 Dictum
1015 1886 1061 1914 651
1076 1894 1093 1914 3
1111 1882 1250 1915 Domino
1271 1884 1305 1915 in
1330 1884 1484 1917 Numeris
1499 1884 1539 1917 ad
1555 1885 1690 1929 Moysen
1703 1911 1711 1926 ‚

127 1943 157 1972 et
172 1940 281 1971 Aaron
298 1939 477 1971 sacerdotes
492 1941 501 1956 ³
516 1951 522 1969 ε
547 1939 604 1970 Vos
612 1938 729 1982 ponite
744 1949 863 1971 nomen
878 1950 987 1972 meum
1003 1950 1097 1983 super
1110 1939 1198 1983 filios
1212 1941 1316 1972 Israel
1325 1967 1333 1980 ,
1352 1947 1382 1973 et
1404 1952 1459 1985 eyo
1479 1942 1640 1975 Dominus
1662 1943 1714 1976 be-

125 1995 276 2029 nedicam
302 2007 352 2028 eos
363 2007 376 2035 ‚·
391 2000 427 2028 ut
442 1996 579 2038 gratiam
604 1996 735 2028 traditio
760 2007 817 2040 per
841 1997 1061 2029 ministerium
1083 1997 1223 2030 ordinati
1248 1998 1479 2031 transfundant
1500 1999 1711 2041 hominibus,

125 2064 184 2086 nec
210 2053 362 2086 voluntas
387 2053 589 2086 sacerdotum
619 2053 727 2086 obesse
744 2081 752 2093 ,
785 2054 834 2086 vel
865 2054 1015 2098 prodesse
1043 2055 1162 2099 possit,
1190 2055 1244 2088 sed
1275 2056 1428 2089 meritum
1454 2056 1713 2090 benedictionem

124 2111 293 2155 poscentis.
308 2123 324 2141 11
344 2111 474 2150 Quanta
490 2115 597 2144 autem
613 2111 654 2144 sit
667 2111 808 2154 dignitas
822 2111 1028 2144 sacerdotalis
1042 2112 1177 2154 ordinis,
1194 2112 1270 2146 111116
1283 2114 1501 2147 advertamus.
1519 2114 1650 2147 Dictum
1666 2119 1713 2147 est

122 2168 161 2201 de
186 2169 385 2212 nequissimo
406 2168 529 2212 Caipha
551 2169 635 2201 inter
662 2171 802 2202 caetera⁹
829 2182 835 2202 ς
864 2171 934 2202 Hoc
959 2176 1071 2202 autem
1097 2182 1117 2202 a
1143 2171 1314 2215 semetipso
1338 2183 1403 2204 non
1427 2171 1536 2211 dixin
1561 2172 1617 2204 secl
1638 2184 1711 2205 cum

124 2233 202 2259 esset
225 2227 380 2271 pontifex
409 2226 491 2258 armi
518 2226 625 2267 illius,
654 2226 867 2271 prophetavit
893 2239 902 2258 :
929 2238 986 2271 per
1010 2228 1097 2271 quod
1124 2228 1323 2270 ostenditur,
1349 2229 1501 2273 spiritum
1529 2229 1710 2273 gratiarum

124 2295 189 2317 non
213 2295 384 2328 personam
405 2283 497 2328 sequi
522 2283 633 2326 digni,
651 2284 703 2316 vel
721 2284 870 2327 indigni,
894 2284 949 2317 sed
972 2285 1120 2318 ordinem
1146 2286 1329 2319 traditionis
1347 2298 1353 2318 :
1371 2290 1407 2319 ut
1423 2287 1574 2331 quamvis
1591 2287 1711 2332 aliquis

122 2341 200 2374 boni
217 2341 324 2374 meriti
339 2342 400 2383 sit,
418 2352 483 2374 non
504 2346 611 2374 tamen
634 2341 733 2385 possit
755 2342 958 2384 benedicere,
975 2342 1038 2375 nisi
1054 2342 1154 2375 fuerit
1178 2343 1366 2384 ordinatus,
1385 2348 1421 2376 ut
1436 2344 1552 2377 officiis
1568 2344 1711 2377 ministe—

124 2399 210 2432 rium
226 2399 379 2432 exhibeat
393 2412 401 2441 3
417 2398 475 2431 Dei
496 2402 606 2431 autem
629 2404 675 2431 est
694 2399 845 2432 effectum
868 2400 1011 2432 tribuere
1026 2400 1269 2434 benedictionis.
1290 2414 1306 2433 »
1325 2401 1409 2434 Hinc
1424 2402 1591 2435 evidenter
1604 2406 1710 2435 osten-

122 2457 211 2490 ditur
224 2483 232 2497 ,
247 2456 395 2489 ordinem
410 2467 476 2489 non
491 2456 612 2499 privari
629 2460 782 2500 potestate
801 2457 964 2490 tribuendi
983 2458 1122 2499 gratiam
1143 2458 1184 2491 ob
1203 2458 1343 2491 ministri
1367 2459 1607 2502 indignitatem.
1625 2459 1709 2492 Huic

155 2554 162 2569 ¹
175 2553 275 2584 Matth„
288 2560 342 2583 xw,
358 2556 394 2577 19.
406 2567 436 2571 -—
448 2555 455 2568 ²
468 2554 529 2577 Dist.
546 2560 609 2584 xvu,
622 2561 648 2584 p.
664 2555 680 2577 Ι.
695 2566 723 2570 -
734 2554 744 2570 ³
754 2553 843 2584 Exod„
857 2560 953 2584 xxvui,
966 2556 1044 2578 38.—
1057 2556 1066 2571 δ
1077 2557 1151 2586 Aug„
1165 2556 1254 2585 Ozcoest.
1268 2557 1293 2579 in
1307 2556 1400 2587 Eoeocl.,
1416 2563 1438 2580 c.
1452 2563 1512 2580 cxx.
1523 2570 1552 2574 -—
1567 2557 1576 2573 ³
1588 2556 1708 2587 Loquitur

123 2588 154 2611 de
162 2588 343 2647 '’CJlgliritoin—5i
353 2590 439 2620 Greg.,
456 2589 479 2612 in
496 2590 590 2619 Euauq.
607 2589 672 2612 Imm.
687 2595 800 2613 111111-
815 2589 823 2604 ⁷
843 2590 894 2613 {mo
911 2591 1000 2614 auctor
1015 2592 1103 2619 Quoest.
1120 2598 1150 2613 ex
1165 2593 1211 2614 vel.
1228 2591 1342 2620 Testem,
1359 2599 1382 2622 q.
1403 2597 1480 2615 x1.—
1493 2591 1503 2607 Β
1520 2592 1603 2620 Nicon,
1619 2597 1652 2620 vr,
1668 2592 1706 2615 27.

123 2635 153 2640 -·
246 2641 262 2653 .,
299 2641 306 2652 ,
351 2643 356 2648 .

154 2672 188 2703 (α)
200 2671 274 2703 Vulg.
286 2671 352 2695 Erit.
