1991 3006
50 1116 108 1136 fluuii
115 1121 152 1135 rm.

51 2122 84 2142 Ad
94 2129 115 2149 q.
125 2123 153 2143 la-

49 2154 143 2174 tei-alem.

552 241 647 274 DIST.
672 241 774 272 XXIV.
800 240 915 271 PART.
940 238 963 268 Ι.
988 238 1077 269 ART.
1102 238 1139 268 ll.
1164 237 1315 272 QUAEST.
1340 238 1363 268 1.

167 315 293 345 dinatus
306 316 362 344 aut
378 314 424 343 est
439 311 478 342 ad
492 319 596 341 sacros
610 309 737 340 ordines
754 309 935 347 promotus,

168 370 222 398 aut
237 377 312 398 non.
329 366 362 397 Si
377 366 416 396 sit
435 365 475 395 ad
489 372 594 394 sacros
613 362 739 393 ordines
753 363 935 401 promotus,

168 423 199 451 et
216 429 281 450 non
296 420 408 450 habeat
430 416 513 447 unde
534 416 636 452 vivat,
659 424 732 445 cum
751 415 778 444 01
795 416 938 444 teneatur

169 473 304 504 Ecclesia
318 474 469 510 tanquam
483 469 628 500 ministro
643 468 681 498 ad
699 467 863 498 servitium
880 466 938 497 Ec-

168 527 269 557 clesiae
289 525 452 564 deputato,
468 526 499 553 et
514 523 580 562 ipse
594 521 752 560 indigeat,
771 520 839 550 dico
853 520 937 558 quod

168 579 331 618 episcopus
345 577 399 616 qui
419 585 492 606 eun]
508 574 684 614 promovit,
701 573 759 603 sibi
776 573 809 602 in
828 581 936 602 neces-

168 631 257 662 sariis
281 629 447 670 providere
469 630 605 659 tenetur.
627 627 659 658 Si
683 628 789 657 autem
809 635 872 656 non
897 625 935 665 (α)

167 687 212 715 est
229 685 393 723 promotus
407 683 445 713 ad
463 691 566 712 sacros
582 682 718 715 ordines,
737 681 786 710 vel
800 680 826 709 si
843 680 938 719 patri-

168 737 312 768 monium
323 736 428 773 habet,
442 744 506 766 non
516 737 641 765 tenetur
653 734 713 764 sibi
724 733 774 764 vel
791 733 936 770 Ecclesia,

168 789 218 820 vel
232 789 410 829 episcopus,
434 788 598 828 providere
615 799 622 818 :
641 787 761 827 primo,
782 786 857 826 quia
874 794 938 815 non

168 845 214 873 est
236 842 396 881 obligatus
419 841 457 872 ad
477 841 680 872 serviendum
702 839 865 876 Ecclesiae3
891 848 938 869 50-

168 896 272 927 01111ᾶο
293 904 385 930 vero,
408 895 481 934 quia
500 904 565 924 non
583 894 717 932 indiget.
735 893 773 924 Et
792 892 939 932 quamvis

169 957 262 980 nemo
280 950 425 979 teneatur
444 947 580 986 propriis
600 946 762 985 stipendiis
785 945 936 983 niilitare3

168 1002 242 1041 quia
256 1003 364 1031 tamen
380 1000 446 1040 ipse
461 999 641 1039 promoveri
655 998 765 1034 voluit,
781 998 939 1028 deservire

168 1055 294 1084 tenetur
304 1053 449 1083 Ecclesiae
462 1052 582 1081 ratione
593 1051 729 1088 ordinis3
746 1059 802 1080 nec
815 1052 940 1080 tenetur

169 1107 226 1137 sibi
244 1106 406 1146 providere
422 1105 571 1145 praelatus
586 1103 777 1141 necessario,
794 1112 867 1133 cum
882 1112 941 1133 nec

169 1159 266 1199 possit
288 1159 498 1197 indigentiam
521 1157 670 1196 allegare.
697 1156 734 1186 Et
758 1158 861 1187 totum
882 1156 941 1186 boc

168 1212 375 1243 confirmatur
390 1220 445 1250 per
458 1210 537 1240 illud
551 1209 635 1249 quod
651 1209 764 1239 dicitur
776 1209 809 1238 in
825 1209 877 1238 illa
892 1209 940 1239 de-

169 1265 277 1295 cretali
296 1264 485 1301 Alexandri,
507 1263 586 1292 libro
602 1262 658 1297 lli,
681 1262 719 1292 de
737 1262 914 1293 Proebendz's
929 1274 940 1292 .-

174 1330 188 1347 a
203 1318 390 1357 Episcopus,
406 1317 431 1346 si
448 1316 586 1355 aliquem
603 1316 669 1345 sine
685 1317 768 1345 certo
783 1315 885 1351 tilulo,
903 1315 940 1345 de

170 1379 234 1410 quo
254 1369 428 1400 necessaria
448 1369 522 1399 vitae
539 1368 704 1408 percipiat,
725 1368 757 1397 in
772 1367 941 1398 diaconum

170 1423 220 1453 vel
236 1423 455 1462 presbyterum
470 1420 643 1458 ordinavit,
664 1420 774 1450 tandiu
788 1420 816 1450 ei
831 1429 941 1451 neces-

170 1477 253 1507 saria
273 1476 348 1506 vitae
369 1474 604 1511 subministret,
626 1474 724 1504 donec
739 1473 767 1504 ei
782 1473 815 1503 in
836 1473 942 1513 aliqua

170 1529 299 1560 ecclesia
313 1528 533 1559 convenientia
549 1526 703 1567 stipendia
721 1526 841 1557 militiae
856 1527 943 1557 cleri-

170 1581 244 1612 calis
260 1581 402 1620 assignet
416 1592 421 1611 :
435 1581 495 1610 nisi
510 1580 580 1610 talis
592 1580 756 1611 ordinatus
772 1580 809 1610 de
824 1589 881 1610 sua
891 1580 942 1611 vel

171 1637 301 1674 paterna
316 1634 499 1664 haereditate
520 1633 657 1664 subsidia
680 1633 753 1663 vitae
769 1633 866 1672 possit
881 1633 941 1664 ha-

170 1689 253 1719 bere.
270 1698 284 1715 »
304 1687 342 1718 Et
357 1688 384 1717 si
398 1689 560 1726 quaeratur
576 1687 656 1716 ratio
672 1686 782 1725 hujus,
796 1687 851 1725 jus
864 1686 942 1717 divi-

168 1750 247 1772 num
263 1740 374 1778 reddit,
390 1740 466 1780 quia
481 1749 553 1770 cum
568 1739 639 1770 talis
654 1739 813 1777 obligetur
828 1739 865 1770 ad
881 1749 943 1770 ser-

168 1794 322 1824 viendum
346 1793 506 1830 Ecclesiae,
533 1792 624 1822 debet
645 1791 782 1822 Eeclesia
801 1801 817 1822 e
834 1795 943 1823 contra

168 1847 303 1886 obligari
328 1847 367 1877 ad
390 1846 622 1886 providendum
643 1846 671 1875 ei
694 1846 726 1875 in
745 1846 940 1877 necessariis.

169 1899 206 1930 Et
223 1900 266 1929 sic
279 1899 492 1938 intelligendae
507 1901 581 1928 sunt
595 1899 804 1935 auctoritates,
819 1908 891 1938 quae
904 1899 942 1930 de

170 1953 228 1983 hac
252 1951 384 1982 materia
407 1951 597 1990 loquuntur3
623 1954 653 1981 et
675 1953 782 1990 patent
803 1952 942 1982 rationes

169 2005 205 2035 ad
229 2004 426 2044 oppositum,
452 2004 527 2043 quia
549 2004 722 2043 procedunt
746 2004 784 2034 de
807 2005 941 2044 simplici

169 2057 293 2088 clerieo.

209 2109 297 2147 Quod
319 2100 395 2141 vero
423 2109 579 2150 quaeritur
609 2110 738 2147 ultimo,
769 2112 877 2141 utrum
902 2111 940 2142 ad

168 2163 336 2194 dicendum
355 2163 451 2193 horas
475 2163 641 2193 canonicas
669 2165 854 2201 teneantur,
886 2174 942 2203 per

168 2216 245 2247 illud
267 2216 350 2246 idem
371 2216 449 2246 solvi
471 2217 582 2255 potest.
604 2215 737 2252 Quidam
759 2216 844 2247 enim
860 2218 938 2248 obli—

170 2271 287 2308 gantur
321 2269 465 2300 Ecclesiae
479 2292 486 2306 ,
515 2269 589 2308 quia
618 2269 755 2300 Ecclesia
783 2271 828 2301 eis
860 2271 940 2301 obli-

169 2324 277 2361 gatur,
297 2324 404 2362 utpote
418 2322 474 2362 qui
494 2322 647 2353 beneficia
662 2323 821 2362 recipiunt
835 2324 939 2355 Eccle-

168 2375 233 2406 siae.
253 2375 287 2406 ln
313 2375 472 2415 aliquibus
486 2378 532 2406 cst
555 2385 572 2406 e
595 2385 748 2407 converso
761 2401 768 2414 ‚
786 2378 860 2417 quia
879 2378 940 2408 Ec-

168 2429 261 2459 clesia
285 2429 330 2459 eis
358 2429 520 2468 obligatur
531 2453 539 2466 ,
568 2429 643 2468 quia
668 2429 727 2469 ipsi
756 2430 858 2470 primo
885 2441 940 2471 per

167 2490 330 2512 sacrorum
344 2482 493 2512 ordinum
508 2482 739 2521 susceptionem
755 2483 940 2522 obligantur

168 2533 323 2565 Ecclesiae.
343 2535 431 2566 Unde
450 2537 580 2575 apparet
596 2535 771 2566 secundum
785 2538 840 2575 Jus
855 2546 940 2567 com-

200 2597 205 2609 ¹
223 2595 261 2624 Cf.
279 2596 393 2619 S.Thom
408 2615 414 2625 ,
432 2597 455 2620 in
471 2597 558 2628 Suppl.
571 2604 594 2628 p.
609 2598 651 2627 111,
663 2604 687 2628 (1.
703 2604 793 2629 xxxw,
809 2601 855 2623 art.
873 2604 900 2630 ¹5
916 2602 941 2623 et

170 2631 198 2654 lt*
223 2632 301 2659 Sene..
321 2631 378 2655 dist.
400 2638 471 2660 xxiv,
489 2640 514 2664 q.
541 2639 558 2662 1,
577 2635 623 2656 art.
649 2635 669 2663 1,
692 2640 717 2664 q.
745 2640 768 2664 13
792 2635 941 2663 Richarrlus,

169 2666 199 2689 lv
222 2666 300 2695 Sen!.,
323 2667 380 2690 dist.
404 2673 475 2697 xxm,
497 2671 544 2692 ert.
570 2672 596 2698 3,
619 2676 643 2699 q.
670 2675 690 2697 1;
713 2670 802 2694 Thoin.
825 2672 940 2702 Argcnt.,

170 2701 199 2725 lv
222 2702 301 2733 Seni„
323 2702 380 2726 dist.
405 2708 474 2732 xxvi,
500 2710 525 2735 q.
549 2709 576 2734 1,
597 2706 644 2728 art.
669 2707 697 2734 ¹3
723 2705 810 2736 Steph.
837 2706 941 2738 erulos„

1705 238 1761 265 155

993 315 1090 336 mune
1103 327 1110 342 ,
1126 305 1210 344 quod
1223 305 1327 334 clerici
1347 306 1379 334 in
1395 304 1491 334 sacris
1505 302 1670 333 ordinibus
1685 310 1761 332 con-

994 358 1093 389 stituti
1106 359 1251 388 tenentur
1262 358 1299 387 ad
1311 358 1406 387 horas
1417 356 1582 387 canonicas
1592 365 1631 386 ex
1641 355 1743 385 officio
1753 366 1760 389 ⁴.

993 411 1074 441 infra
1100 419 1175 440 vero
1201 419 1305 440 sacros
1331 410 1456 440 ordines
1476 410 1623 439 tenentur
1646 408 1762 438 benefi-

994 464 1065 494 ciati
1078 473 1118 494 ex
1133 463 1285 494 beneficio
1298 474 1304 500 3
1322 462 1457 492 insacris
1473 462 1636 492 ordinibus
1650 461 1764 491 consti-

993 517 1070 554 tuti,
1088 518 1118 547 et
1132 516 1323 551 beneficiati,
1345 516 1493 545 tenentur
1508 523 1547 544 ex
1563 516 1716 553 utroque:
1733 516 1764 543 et

994 571 1053 601 hoc
1067 571 1161 601 dictat
1172 571 1227 609 ¹jus
1241 569 1427 600 canonicum
1439 592 1446 604 ,
1463 569 1494 598 et
1508 567 1675 598 concordat
1687 566 1765 598 divi-

994 633 1084 657 num,
1102 626 1161 654 etc.

1224 730 1464 765 ARTICULUS
1488 731 1528 763 11.

1035 837 1279 876 Consequenter,
1291 836 1448 874 quantum
1459 833 1496 863 ad
1509 833 1682 863 secundum
1695 833 1766 863 arti-

995 890 1119 927 culum,
1137 889 1290 929 quaeritur
1310 888 1348 918 de
1372 889 1570 917 sacramento
1591 886 1710 916 ordinis
1734 886 1766 916 in

996 942 1149 982 generali,
1163 942 1201 972 de
1214 950 1277 980 quo
1289 943 1425 979 quatuor
1440 940 1647 979 quaeruntur:
1664 939 1767 978 primo

995 995 1149 1034 quaeritur
1170 996 1279 1024 utrum
1302 994 1341 1023 sit
1367 993 1401 1023 in
1431 992 1581 1029 Ecclesia;
1611 992 1766 1029 secundo,

995 1050 1103 1079 utrum
1129 1048 1168 1077 sit
1191 1049 1445 1083 sacramentnm3
1474 1046 1581 1083 tertio,
1605 1048 1712 1075 utrum
1728 1046 1768 1076 sit

996 1104 1228 1132 sacramentum
1244 1109 1336 1131 novae
1350 1100 1430 1139 legis
1446 1099 1625 1139 proprium;
1639 1102 1766 1138 quarto,

995 1157 1104 1185 utrum
1118 1155 1158 1184 sit
1170 1156 1402 1184 sacramentum
1417 1154 1531 1183 imum.

1271 1258 1450 1297 QUAESTIu
1476 1259 1497 1289 l.

1184 1342 1228 1367 An
1248 1342 1277 1367 z'tz
1296 1341 1415 1367 Ecclesia
1433 1341 1468 1367 sit
1487 1340 1549 1366 ordo
1565 1341 1583 1365 ¹.

1036 1421 1122 1451 Circa
1136 1429 1232 1460 quam
1250 1421 1293 1450 sic
1307 1419 1505 1459 proceditur,
1523 1421 1553 1449 et
1573 1419 1768 1456 ostenditur,

997 1474 1081 1513 quod
1096 1474 1129 1503 in
1150 1473 1286 1504 Ecclesia
1301 1473 1339 1503 sit
1359 1473 1455 1503 ordo:
1479 1473 1581 1512 primo
1592 1496 1599 1509 ,
1623 1481 1679 1511 per
1694 1472 1771 1502 illud

996 1527 1080 1566 quod
1093 1526 1217 1562 dicitur,
1235 1527 1253 1556 I
1271 1526 1342 1557 Cor.
1353 1550 1362 1563 ‚
1379 1535 1435 1561 ΧΠ,
1453 1527 1490 1555 1“2
1502 1549 1510 1563 ,
1534 1525 1619 1564 (111οᾶ
1634 1524 1770 1555 Ecclesia

996 1580 1106 1610 similis
1121 1582 1166 1610 est
1181 1579 1304 1619 corpori
1327 1579 1481 1618 organico
1495 1589 1500 1608 ε
1519 1578 1572 1609 50(1
1590 1587 1704 1617 corpus
1719 1587 1772 1608 or-

998 1634 1150 1673 ganicum
1179 1633 1218 1664 ad
1251 1633 1301 1663 sui
1339 1632 1560 1671 perfectionem
1599 1632 1773 1662 necessario

996 1687 1131 1726 requirit
1146 1687 1399 1717 ordinationem:
1417 1695 1507 1725 ergo,
1525 1688 1583 1716 etc.

1038 1740 1114 1770 ltem
1132 1740 1190 1770 hoc
1202 1740 1344 1777 videtur,
1364 1739 1469 1770 Eoeod.
1484 1763 1491 1776 ,
1508 1749 1575 1769 xxv
1587 1764 1597 1777 ,
1614 1742 1652 1770 40
1664 1748 1676 1770 >
1693 1740 1773 1771 Vide

996 1795 1120 1831 omnia,
1147 1797 1175 1825 ct
1202 1794 1252 1832 fac
1274 1793 1448 1824 secundum
1478 1793 1660 1832 exemplar,
1687 1793 1773 1832 quod

996 1848 1055 1878 tibi
1071 1848 1106 1878 in
1119 1849 1220 1878 monte
1236 1848 1445 1877 monstratum
1462 1848 1528 1876 est:
1544 1855 1621 1885 ergo
1636 1846 1773 1876 Ecclesia

996 1900 1135 1930 militans
1169 1899 1287 1929 imitari
1321 1899 1412 1929 debet
1441 1898 1703 1937 triumphantem.
1735 1899 1773 1930 Ut

996 1953 1082 1983 enim
1106 1952 1179 1983 dicit
1203 1952 1414 1992 Ap‹)stolus‘³,
1439 1951 1546 1982 omnia
1571 1952 1640 1982 haee
1662 1961 1770 1982 exem-

996 2006 1098 2045 plaria
1120 2007 1194 2035 sunt
1218 2005 1404 2035 caelestium.
1428 2005 1461 2035 Si
1481 2014 1560 2043 ergo
1582 2005 1616 2034 in
1637 2004 1773 2036 Ecclesia

994 2059 1212 2098 triumphante
1223 2058 1299 2088 ordo
1309 2060 1366 2095 est,
1378 2058 1455 2088 utin
1463 2057 1598 2096 angelis,
1607 2060 1701 2097 patet,
1712 2060 1771 2089 etc.

1038 2113 1115 2143 Item
1133 2111 1270 2142 Ecclesia
1291 2111 1500 2141 constituitur
1524 2120 1564 2141 ex
1585 2111 1701 2151 duplici
1716 2121 1772 2151 pa-

994 2167 1089 2203 riete,
1119 2165 1235 2195 scilicet
1262 2164 1384 2202 laicali,
1410 2166 1441 2194 et
1468 2163 1629 2194 clericali:
1660 2164 1713 2195 sed
1739 2164 1770 2195 in

995 2220 1113 2260 pariete
1134 2218 1235 2248 laicali
1252 2220 1301 2248 est
1326 2218 1403 2248 ordo
1416 2242 1423 2255 ,
1448 2219 1555 2257 utpote
1578 2217 1768 2257 Imperator,

995 2273 1071 2310 Rex,
1101 2272 1190 2309 Dux,
1208 2271 1319 2301 Comes
1332 2295 1339 2308 ,
1361 2270 1532 2308 Tribunus,
1553 2270 1718 2308 Centurio,
1739 2273 1770 2301 et

995 2324 1138 2362 Decurio,
1152 2324 1260 2354 omnia
1275 2324 1344 2354 haec
1356 2323 1500 2354 ordinem
1513 2323 1631 2354 dicunt.
1647 2324 1680 2354 Si
1691 2333 1769 2362 ergo

994 2379 1132 2409 Ecclesia
1161 2378 1275 2408 militat
1299 2377 1412 2408 militia
1437 2377 1610 2417 spirituali,
1641 2377 1768 2409 videtur

995 2432 1079 2471 quod
1105 2432 1172 2471 ipsa
1197 2431 1308 2462 debeat
1333 2441 1399 2462 esse
1426 2434 1460 2462 ut
1486 2434 1661 2462 castrorum
1687 2432 1769 2462 acies

996 2485 1152 2515 ordinata.

1036 2538 1112 2568 Item
1126 2538 1321 2577 ubicumque
1344 2540 1390 2569 est
1413 2539 1602 2576 multitudo,
1621 2540 1676 2569 aut
1692 2547 1765 2568 con-

996 2624 1025 2647 lv
1043 2623 1123 2652 Sent„
1135 2622 1192 2646 dist.
1207 2628 1279 2652 xxxv,
1291 2630 1316 2653 q.
1331 2630 1339 2645 1
1351 2631 1358 2653 3
1372 2624 1460 2647 Petrus
1470 2624 1500 2647 de
1512 2624 1622 2650 Tarant..
1641 2623 1672 2646 lV
1689 2622 1768 2651 Sen!.‚

995 2659 1050 2681 dist⁴
1070 2663 1138 2688 mxiv,
1155 2664 1179 2688 q.
1197 2664 1279 2681 ν11.--
1293 2658 1399 2688 1110013,
1416 2664 1452 2688 ix,
1468 2660 1504 2682 23.

1028 2709 1059 2737 (a)
1075 2707 1136 2732 Coet.
1154 2706 1214 2730 edit.
1233 2706 1298 2730 deest
1311 2713 1370 2731 non.

1784 1432 1885 1452 Fundam.
