1991 3006
195 193 253 221 376

194 257 316 288 ratione
330 256 454 287 videtur
472 266 478 286 z
497 255 571 294 quia
589 255 634 284 illi
651 254 704 294 qui
720 254 959 290 resuscitantur,

194 319 257 341 non
280 310 446 350 privantur
476 308 659 339 haercditate
683 310 816 347 paterna
845 318 850 337 :
883 316 962 346 crgo

193 374 250 395 nec
260 365 333 403 jure
348 363 467 394 uxoriS.
487 363 563 393 Item
584 363 639 402 qui
653 362 889 399 resuscitantur,
911 362 960 391 di-

192 416 416 456 vinoJudicio‚
438 419 474 446 ut
494 415 685 445 dormientes
699 417 774 445 sunt
790 426 796 444 z
815 415 869 445 sed
893 424 958 445 ma-

192 469 340 500 trimonia
360 470 434 499 sunt
454 468 592 507 regenda
610 470 684 507 Jure
707 468 768 508 poli
799 479 805 497 :
828 477 906 506 ergo
935 469 959 498 si

191 525 347 562 quantum
363 522 401 552 ad
420 521 518 552 Deum
538 522 589 552 hic
604 521 764 552 dormiens
785 521 958 560 judicatur,

191 578 221 606 et
239 575 318 605 sicut
343 583 475 605 somnus
497 583 561 604 non
586 574 677 605 solvit
697 574 956 612 matrimonium,

190 629 234 659 ita
248 637 304 659 nec
319 627 390 658 talis
412 630 577 665 mortum,
600 629 634 657 ut
656 627 791 657 videtur.
812 626 908 664 ltem,
934 627 959 657 si

189 681 333 719 solvitur,
351 690 431 720 ergo
446 681 471 710 si
487 682 651 719 resurgat,
677 682 799 719 oportet
814 680 957 710 contrahi

189 744 262 765 cum
278 734 406 765 eadem:
425 743 504 773 ergo
522 733 671 772 bigamus
683 733 864 772 judicatur:
881 742 959 772 ergo

188 788 288 819 sinon
302 790 423 828 oportet
435 787 518 827 quod
535 787 717 824 contrahat,
735 787 862 817 videtur
874 786 958 826 qnod

189 842 328 881 primum
345 841 509 871 vinculum
525 840 628 870 adhuc
643 841 780 870 maneat.

229 894 343 926 Contra
359 898 364 914 ¹
380 904 387 924 2
401 894 525 926 Mortuo
541 894 621 931 vz'ro,
634 893 736 924 soluta
750 897 794 924 est
812 892 925 924 »mlier
939 901 958 924 α

189 950 252 989 leqe
267 949 331 980 viri
345 959 355 978 .·
369 957 447 987 ergo
463 947 588 978 videtur
611 947 696 986 quod
716 946 957 976 matrimonium

188 1002 227 1033 sit
241 1002 393 1033 solutum.
411 1000 499 1038 item,
513 1002 648 1040 ponatur
660 1000 743 1039 quod
754 999 878 1036 mulier,
890 1000 958 1030 viro

189 1066 248 1087 suo
264 1058 400 1093 mortuo,
417 1055 524 1085 statim
540 1055 716 1092 contrahat,
733 1056 878 1084 constans
892 1056 938 1083 est
949 1077 956 1090 ,

189 1119 262 1140 cum
278 1119 342 1140 non
356 1110 395 1139 sit
413 1109 558 1147 alligata,
577 1108 652 1148 quia
666 1117 731 1138 non
747 1109 792 1137 θεῖ
806 1107 855 1137 cui
871 1106 956 1145 lige-

188 1166 253 1199 tur,
271 1162 355 1202 quod
372 1162 611 1192 matrimonium
627 1164 673 1191 est
688 1170 803 1191 verum
817 1172 822 1190 :
841 1170 919 1199 crgo
935 1161 959 1189 si

189 1215 312 1254 primus
327 1216 488 1252 resurgat,
505 1215 633 1253 propter
648 1214 707 1243 hoc
723 1222 785 1243 non
803 1212 956 1242 solvetur.

190 1268 267 1299 Item
283 1269 326 1298 ita
339 1276 414 1298 vere
428 1269 573 1298 mortuus
589 1269 635 1297 est
650 1267 726 1304 iste,
743 1267 824 1297 sicut
839 1266 890 1296 ille
904 1266 958 1305 qui

189 1321 384 1352 incineratur
401 1331 407 1351 :
426 1320 480 1350 sed
496 1320 560 1358 tali,
577 1320 705 1359 quando
720 1321 878 1358 resurget,
896 1328 958 1349 non

190 1375 338 1406 reddetur
352 1383 445 1411 uxor⁷
466 1374 545 1404 sicut
566 1374 717 1404 Dominus
731 1374 741 1389 ²
755 1372 954 1403 determinat.

190 1428 276 1467 Ergo
291 1428 358 1468 pari
372 1428 494 1458 ratione
512 1427 636 1457 videtur
653 1427 685 1457 in
701 1426 872 1466 proposito.

229 1481 321 1521 Resp.
340 1481 512 1511 Dicendum
527 1480 609 1520 quod
625 1504 631 1516 ,
649 1480 729 1510 sicut
743 1480 888 1519 superius
901 1480 961 1509 dic-

191 1538 258 1566 tum
273 1537 337 1571 est,
360 1534 524 1565 vinculum
548 1533 780 1563 matrimoniale
803 1542 866 1563 non
887 1533 959 1562 fun-

191 1589 284 1619 datur
305 1588 336 1617 in
361 1587 482 1624 anima,
512 1587 564 1617 serl
590 1586 621 1616 in
649 1587 817 1624 conjiincto
835 1594 841 1615 z
860 1585 958 1620 unde,

191 1650 263 1671 cum
277 1640 392 1681 aliquis
409 1640 552 1676 moritur,
568 1639 673 1669 statim
689 1639 769 1678 perit
780 1638 877 1668 altera
892 1647 963 1676 pars

192 1694 362 1732 relationis,
380 1694 490 1724 etideo
507 1693 672 1723 vinculum
689 1692 794 1721 statim
811 1691 960 1722 solvitur:

193 1750 223 1778 et
235 1748 260 1778 si
276 1747 391 1778 mulier
401 1747 453 1777 alii
465 1749 547 1777 esset
556 1745 828 1776 matrimonialiter
839 1746 961 1784 juncta,

193 1811 257 1832 non
275 1803 355 1832 esset
368 1800 552 1840 separanda.
572 1798 603 1829 Si
620 1801 723 1829 tamen
739 1798 792 1828 alii
808 1807 871 1828 non
885 1800 965 1828 esset

190 1857 301 1895 ,iuncta
315 1879 320 1892 ,
336 1856 366 1885 et
382 1854 408 1884 si
426 1854 491 1893 ipse
508 1853 577 1884 vult
591 1862 679 1889 eam,
699 1861 737 1882 cx
754 1851 889 1891 quadam
906 1851 962 1881 ho—

195 1910 313 1938 nestate
328 1909 375 1938 est
386 1907 415 1937 ei
428 1906 595 1937 reddenda.
610 1905 698 1942 Quod
713 1914 792 1944 ergo
802 1905 963 1944 objicitur,

195 1962 277 2001 quod
289 1963 364 1992 sunt
376 1960 632 1998 redintegranda,
645 1968 759 1989 verum
770 1961 826 1996 cst,
840 1959 966 1998 quando

196 2015 298 2046 solum
325 2014 363 2045 de
379 2015 458 2044 facto
481 2015 553 2044 sunt
571 2013 683 2043 soluta.
710 2012 798 2049 Quod
818 2012 966 2052 objicitur

196 2068 234 2099 de
250 2068 433 2098 auctoritate
450 2067 493 2098 ad
513 2066 654 2098 Heln-ceos
666 2090 675 2103 ,
697 2065 865 2096 dicendum
881 2065 964 2105 quot]

196 2121 345 2152 mulieres
359 2122 547 2159 acceperunt
559 2121 702 2150 mortuos
715 2119 806 2156 filios,
822 2128 886 2149 non
899 2127 964 2148 ma-

197 2174 285 2204 ritos.
302 2173 391 2210 Quod
410 2173 557 2212 objicitur
572 2172 609 2202 de
624 2171 798 2202 hereditate
809 2195 816 2208 ,
835 2171 894 2201 dici
910 2180 966 2210 po-

198 2229 273 2265 test⁷
290 2227 373 2266 quod
390 2226 465 2257 illud
481 2228 527 2256 est
539 2226 632 2256 etiam
645 2225 748 2262 gratia
762 2226 791 2255 ct
806 2225 966 2261 honestem,

199 2281 283 2320 quod
298 2281 326 2311 ei
342 2280 512 2311 reddatur:
534 2282 672 2310 attamen
695 2288 758 2309 non
778 2281 824 2309 est
844 2279 966 2315 simile,

200 2334 275 2374 quia
291 2334 329 2364 de
344 2343 443 2364 uxore
459 2334 539 2364 nihil
554 2336 655 2373 potest
672 2332 720 2363 vir
741 2335 809 2372 post
832 2334 966 2362 mortem

200 2387 376 2427 disponere.
399 2386 574 2422 Praeterea,
600 2386 683 2417 aliud
707 2388 753 2416 est
775 2386 813 2416 de
840 2385 934 2415 rebus
960 2394 967 2415 :

201 2442 300 2480 potest
315 2439 399 2470 enim
415 2440 521 2470 testari
537 2440 574 2470 de
589 2439 698 2477 rebus3
716 2439 769 2469 sed
788 2448 853 2468 non
868 2441 969 2478 potest

202 2501 335 2523 uxorem
346 2492 526 2531 relinquere
540 2492 605 2522 alii.
617 2491 705 2528 Quod
720 2491 870 2530 objicitur
885 2490 969 2530 quod

202 2549 278 2577 sunt
291 2547 500 2583 dormientes,
516 2546 685 2577 dicendum
698 2546 783 2586 quod
798 2554 910 2576 verum
925 2547 970 2575 est

203 2603 347 2640 respectu
363 2600 511 2640 potentiae
530 2611 536 2630 :
554 2600 606 2630 sed
621 2602 764 2639 respectu
782 2599 922 2629 veritatis
938 2599 969 2629 in

237 2664 239 2675 ’
258 2662 333 2690 Rom,
349 2668 393 2692 vn,
409 2662 431 2686 3.
447 2662 496 2680 —2
512 2661 612 2691 Mami..
624 2667 688 2691 xxii,
705 2663 744 2685 30.

748 186 1057 218 SENTENTIARUM
1082 187 1154 218 Ltss.
1181 187 1229 218 lV.

1017 254 1206 294 judicando,
1236 254 1316 285 Deus
1337 255 1459 294 judicat
1484 255 1580 287 talem
1605 266 1679 289 vere
1700 267 1785 290 mor-

1019 310 1123 338 tuum,
1138 308 1183 337 Ad
1197 307 1272 337 illud
1288 308 1372 348 quod
1386 308 1551 348 quaeritur,
1567 311 1675 340 utrum
1691 311 1730 341 sit
1742 311 1786 342 bi-

1020 370 1156 399 gamuS,
1180 361 1239 391 dici
1266 363 1366 400 potest
1388 361 1473 400 quod
1494 370 1575 399 non,
1601 363 1626 392 si
1649 362 1701 394 illa
1725 372 1789 395 non

1019 414 1171 452 cognovit
1186 414 1293 444 virum
1307 414 1442 444 alterum
1452 439 1459 451 ‚
1477 423 1514 445 eo
1529 416 1614 455 quod
1627 425 1690 447 non
1703 416 1784 447 divi·
1801 442 1809 448 ,

1020 467 1062 497 dit
1077 476 1220 505 carnem,
1237 476 1295 497 nec
1310 467 1363 497 illa
1379 468 1494 499 divisit.

1336 562 1404 583 DL'B.
1424 562 1469 584 Xl.

1158 620 1267 651 ideoque
1281 620 1300 644 si
1319 620 1366 644 viri
1382 623 1441 651 post
1458 621 1576 652 longam,
1591 622 1638 645 etc.

1058 681 1187 712 Videtur
1201 683 1408 720 maledicere,
1425 683 1501 722 quia
1515 692 1554 714 ex
1574 683 1635 714 hoc
1650 683 1786 720 videtur,

1016 733 1098 773 quod
1115 743 1178 764 non
1201 735 1291 765 debet
1307 735 1528 774 redintegrari,
1543 736 1603 766 nisi
1628 736 1704 767 velit
1726 736 1786 767 vir.

1017 787 1150 818 Contra:
1170 787 1242 818 Esto
1258 788 1343 827 quod
1361 789 1474 819 mulier
1491 791 1586 828 petat,
1604 799 1678 820 cum
1693 799 1788 821 excu-

1016 843 1102 871 setur
1117 850 1134 870 a
1160 841 1376 879 fornicatione,
1402 841 1528 872 videtur
1549 843 1633 882 quod
1652 843 1703 873 vir
1725 852 1787 875 non

1018 895 1113 935 possit
1128 904 1196 925 eam
1214 895 1383 934 repellere:
1403 904 1493 934 ergo,
1506 896 1572 926 sive
1588 896 1710 936 diligat,
1721 896 1789 927 sive

1018 958 1092 985 non,
1113 948 1204 978 debet
1227 958 1300 978 eum
1320 957 1494 979 resumere.
1520 948 1598 979 ltem
1618 949 1786 989 quaeritur,

1018 1004 1125 1032 utrum
1150 1001 1219 1032 talis
1242 1002 1361 1041 putatio
1382 1003 1526 1039 excuset;
1549 1004 1579 1032 et
1602 1002 1687 1042 quod
1711 1012 1788 1040 non,

1017 1056 1143 1086 videtur
1164 1066 1170 1085 :
1197 1055 1272 1094 quia
1296 1054 1403 1085 nullus
1426 1055 1516 1085 debet
1539 1056 1736 1087 committere
1755 1065 1790 1088 se

1016 1108 1189 1139 discrimini
1213 1119 1219 1138 z
1239 1117 1319 1147 ergo
1332 1110 1627 1148 quantumcumque
1647 1109 1695 1139 vir
1714 1118 1789 1140 mu-

1016 1162 1100 1191 lieris
1123 1170 1156 1191 se
1176 1161 1339 1197 absentet,
1366 1162 1425 1191 nisi
1450 1161 1489 1191 sit
1511 1163 1609 1199 certa,
1635 1164 1742 1201 peccat.
1763 1162 1789 1192 si

1017 1214 1175 1244 contrahit
1185 1223 1255 1244 cum
1262 1214 1339 1251 alio;
1350 1214 1507 1253 quaeritur
1514 1223 1593 1253 ergo
1604 1223 1660 1254 pro
1670 1217 1790 1255 quanta

1017 1267 1203 1297 certitudine
1228 1270 1407 1297 excusetur.
1439 1267 1598 1304 Quaeritur
1622 1268 1739 1306 etiam,
1764 1268 1790 1298 si

1017 1321 1140 1351 dubitat
1161 1321 1268 1352 virum
1288 1330 1384 1351 snum
1408 1321 1533 1358 vivere,
1550 1323 1658 1351 utrum
1679 1320 1790 1352 debeat

1017 1374 1160 1404 debitum
1184 1374 1335 1412 reddere3
1359 1374 1482 1405 videtur
1501 1374 1588 1405 enim
1611 1374 1695 1414 quod
1713 1384 1788 1412 non,

1018 1428 1091 1467 qnia
1106 1428 1212 1458 nullus
1227 1427 1377 1457 dubitans
1398 1430 1509 1458 utrum
1527 1427 1645 1466 ailquid
1660 1427 1700 1458 stt
1719 1437 1792 1467 pec-

1019 1483 1124 1510 catum
1138 1480 1282 1517 mortale,
1300 1480 1391 1510 debet
1401 1480 1480 1510 illud
1493 1480 1594 1510 facere
1607 1491 1614 1510 :
1627 1489 1717 1520 ergo,
1731 1483 1789 1512 etc.

1059 1534 1148 1574 Resp.
1174 1534 1345 1564 Dicendum
1368 1533 1450 1573 quod
1473 1533 1588 1564 mulier
1609 1542 1681 1573 quae
1702 1536 1793 1574 putat

1019 1587 1123 1617 virum
1139 1596 1234 1617 suum
1251 1587 1490 1626 interemptum,
1509 1589 1539 1616 et
1552 1586 1720 1624 contrahit,
1739 1589 1793 1617 aut

1018 1640 1119 1670 credit
1133 1640 1193 1670 hoc
1208 1639 1456 1679 praesumptione
1471 1639 1558 1669 tenui
1569 1662 1576 1675 ,
1595 1647 1668 1679 quae
1690 1639 1794 1679 magis

1019 1694 1110 1723 debet
1127 1702 1284 1732 generare
1307 1692 1538 1723 dubitationem
1564 1701 1660 1731 quam
1679 1692 1791 1730 fidem,

1019 1749 1074 1776 aut
1097 1746 1196 1776 credit
1216 1745 1466 1786 praesumptione
1493 1744 1657 1784 probabili.
1686 1744 1794 1776 Primo

1020 1799 1114 1830 modo
1130 1808 1193 1829 non
1208 1801 1390 1836 excusatur,
1401 1798 1427 1828 si
1438 1797 1615 1835 contrahat,
1629 1797 1710 1828 sicut
1719 1797 1793 1828 dici-

1019 1854 1072 1883 tur
1093 1854 1214 1883 extrav.
1239 1853 1276 1883 de
1297 1851 1497 1892 sponsalibus
1512 1853 1541 1882 et
1565 1850 1791 1888 matrimoniis,

1021 1906 1105 1946 quod
1120 1908 1417 1946 quantumcumque
1429 1905 1478 1935 vir
1496 1906 1637 1936 moretur
1649 1903 1682 1934 in
1699 1903 1791 1941 hello,

1021 1962 1051 1990 et
1066 1969 1150 1990 uxor
1166 1960 1206 1990 sit
1218 1959 1414 1999 juvencula,
1425 1960 1533 1988 tamen
1544 1966 1607 1988 non
1616 1956 1708 1988 debet
1718 1965 1792 1987 con-

1023 2013 1146 2043 trahere
1158 2037 1166 2051 ,
1183 2013 1281 2044 donee
1303 2013 1340 2043 de
1356 2013 1425 2043 viro
1440 2014 1566 2042 mortuo
1581 2011 1722 2051 aliquam
1736 2010 1792 2041 ha-

1023 2066 1094 2096 beat
1105 2066 1323 2096 certitudinem
1337 2076 1343 2096 z
1358 2074 1421 2105 qua
1429 2065 1546 2102 habita,
1560 2067 1635 2095 tunc
1647 2064 1715 2095 sine
1727 2073 1795 2104 pec-

1023 2124 1090 2152 cato
1115 2123 1213 2160 potest
1232 2121 1416 2151 contrahere
1433 2131 1439 2150 ε
1460 2122 1568 2159 utpote
1583 2120 1609 2150 si
1627 2120 1796 2159 juramen-

1023 2177 1093 2205 tum
1115 2174 1229 2205 habeat
1249 2174 1338 2205 ducis
1363 2174 1539 2211 exercitus,
1563 2173 1615 2204 vel
1636 2173 1795 2204 sociorum

1024 2229 1093 2267 ejus
1106 2252 1113 2264 ‚
1130 2228 1185 2267 qui
1209 2230 1343 2257 mortem
1363 2229 1522 2258 noverunt
1539 2237 1545 2257 ε
1565 2228 1594 2256 et
1608 2228 1683 2256 tunc
1699 2235 1794 2257 excu-

1002 2311 1006 2315 ,
1024 2284 1123 2311 satur.
1142 2280 1232 2318 Quod
1247 2280 1272 2310 si
1292 2280 1406 2310 mulier
1423 2280 1552 2319 incipiat
1566 2281 1636 2319 post
1651 2281 1797 2310 contrac-

1024 2335 1092 2363 tum
1109 2331 1350 2362 matrimonium
1368 2331 1511 2362 dubitare
1535 2331 1574 2361 de
1596 2332 1697 2361 morte
1712 2331 1794 2368 viri,

1025 2388 1079 2416 aut
1091 2388 1137 2416 est
1151 2385 1305 2415 dubitatio
1318 2384 1405 2419 levis,
1419 2386 1449 2415 et
1462 2384 1521 2414 hoc
1531 2383 1708 2414 secundum
1718 2393 1794 2415 con-

1025 2438 1131 2469 silium
1145 2437 1267 2478 praelati
1288 2438 1401 2477 poterit
1416 2446 1434 2467 a
1449 2436 1540 2467 corde
1563 2437 1741 2474 removeri,
1765 2438 1797 2468 et

1026 2491 1139 2531 poterit
1152 2491 1293 2521 debitum
1315 2490 1463 2529 exigere,
1482 2492 1512 2520 et
1530 2492 1653 2529 petere;
1677 2489 1703 2520 si
1719 2498 1795 2520 vero

1026 2543 1230 2585 probabiliter
1242 2543 1379 2582 dubitat,
1389 2543 1530 2574 debitum
1545 2542 1637 2573 debet
1651 2543 1792 2580 reddere,

1027 2598 1079 2629 sed
1095 2606 1158 2627 non
1172 2597 1312 2635 exigere.
1330 2596 1363 2627 Si
1378 2604 1453 2627 vero
1468 2596 1659 2626 certificatur
1674 2596 1713 2627 de
1727 2596 1795 2626 vita

1029 2650 1122 2690 primi
1140 2650 1217 2687 viri,
1237 2659 1295 2680 nec
1318 2651 1423 2689 petere
1441 2649 1530 2680 debet
1543 2671 1552 2685 ‚
1570 2657 1626 2680 nec
1641 2649 1770 2680 reddere
1785 2672 1791 2685 ‚
